3124 5120
302 440 369 502 128
687 419 810 495 Marii
829 419 1012 494 Victorini
1262 445 1337 495 ua.
1356 445 1397 494 ιι.

257 609 470 709 uperficiet.
521 607 656 680 Verum
686 607 758 679 hoc
786 619 874 678 tuuc
908 603 1052 694 accidit,
1083 631 1167 678 cum
1203 631 1314 704 purus
1343 619 1398 678 est

298 721 591 798 bchoriambicus
604 747 736 794 versus.
759 721 810 793 At
822 720 920 792 enim
938 733 1063 793 contra
1076 745 1159 792 cum
1174 721 1396 820 interpositae

297 839 461 912 iambicoe
479 837 750 936 conjugationes
768 837 1031 934 repperiuntur,
1050 837 1108 909 lex
1126 836 1188 909 illa
1205 835 1397 932 cquadrare

297 953 536 1054 amplexionis
567 952 784 1052 infringitur,
808 949 1031 1048 “diversique
1065 951 1205 1048 generis
1236 952 1397 1025 admixta

297 1069 525 1168 amplexione
543 1068 703 1142 nascitur
723 1069 790 1140 ista
807 1067 969 1156 varietas,
985 1080 1026 1138 ut
1043 1067 1247 1166 praecedens
1274 1069 1396 1142 colum

296 1210 379 1257 cum
410 1210 486 1256 esse
521 1209 605 1256 sena
633 1197 796 1280 tempora
825 1181 861 1254 in
896 1181 1045 1280 singulis
1079 1184 1396 1282 conjugationibus

296 1312 470 1398 oporteat,
498 1315 749 1397 pentasemum
782 1298 856 1382 fiat,
885 1323 1038 1394 sequens
1065 1325 1150 1370 vero
1185 1300 1396 1398 heptasemo

269 1413 477 1488 ssubsistat.
505 1413 651 1514 Recipit
669 1426 790 1486 autem
810 1413 1005 1484 molossum
1025 1427 1061 1486 et
1078 1429 1316 1512 anapaestum,
1333 1415 1395 1488 sed

296 1555 376 1602 raro
395 1529 526 1626 juncto
553 1527 740 1628 pariambo
765 1545 802 1600 et
824 1525 1022 1626 dactylum,
1039 1527 1166 1602 seritur
1187 1544 1308 1603 autem
1332 1557 1396 1630 per

295 1643 480 1744 dipodian.
530 1643 599 1716 Est
615 1643 736 1740 itaque
752 1641 947 1716 dimetrum
966 1643 1203 1718 acatalectum
1220 1646 1303 1730 tale,

223 1743 231 1766 ⁸
449 1759 558 1834 Varet
574 1757 650 1832 alte
666 1771 788 1832 ⁰coma
806 1757 890 1831 lato.

294 1875 516 1948 'Il‘imetmm
535 1899 618 1946 vero
637 1871 856 1969 hujusmodi,

394 1989 598 2064 Pmcernm
615 1988 697 2087 qais
717 1986 886 2062 Cererem
903 2015 973 2063 oon
991 1989 1086 2064 colat
1102 1992 1216 2090 agris.

254 2106 558 2181 ¹4Tetrametrum
576 2129 720 2202 quoque
737 2103 957 2200 hujusmodi,

309 2219 423 2294 Modo
439 2218 533 2318 ‘qna
547 2244 666 2316 prona
678 2245 750 2316 per
768 2215 1014 2320 Hoemifugit
1031 2232 1066 2296 et
1077 2247 1217 2320 pascua
1233 2225 1365 2298 tondet.

293 2330 559 2408 'Petrametrum
582 2349 702 2407 autem
730 2335 979 2409 catalecticum
1001 2338 1189 2436 copiosam
1217 2353 1272 2412 est
1299 2339 1393 2434 apud

294 2451 566 2550 ‘Phrynichum
598 2464 780 2525 auctorem
807 2448 1021 2524 ¹²comoediae
1052 2453 1192 2542 veteris,
1215 2453 1311 2552 quod
1340 2469 1394 2527 est

295 2567 367 2640 tale

350 2622 392 2739 1}
386 2676 469 2740 orat
484 2665 636 2740 fAEtnae
651 2691 763 2763 super
777 2664 895 2738 altam
913 2675 1023 2762 eaput
1039 2668 1138 2740 acris
1154 2668 1314 2742 clareas.

294 2797 514 2871 'l'rimetrum
527 2823 613 2870 sane
626 2798 956 2895 hypercatalectum
971 2823 1044 2872 non
1058 2801 1237 2900 repperias
1249 2827 1392 2900 purum,

295 2911 441 3010 quando
459 2913 495 2985 in
514 2914 586 2985 fine
610 2912 825 3011 antispastus
843 2914 1008 3002 occurrit,
1026 2914 1121 2988 unda
1147 2918 1194 2989 ob
1221 2917 1292 2990 hoc
1316 2917 1392 3012 ejus

295 3013 429 3085 vitatur
445 3011 626 3111 asperitas.

253 3145 282 3194 ¹⁵
347 3127 476 3224 ltaque
503 3126 572 3198 hoc
598 3140 751 3200 metrum
774 3138 812 3198 et
833 3149 879 3198 ex
900 3126 999 3224 puris
1022 3128 1159 3214 ionicis,
1177 3143 1219 3202 ut
1236 3128 1393 3202 ostendi-

298 3267 391 3327 mus,
408 3253 560 3326 constat,
577 3255 614 3314 et
632 3239 802 3314 admixtis
818 3241 1033 3338 quibusdam
1053 3244 1205 3342 pedibus
1222 3245 1392 3345 conjuga-

297 3371 374 3428 tur:
406 3354 475 3426 hoc
505 3353 621 3428 Graeci
651 3355 816 3451 ἐπίμικτον,
846 3383 911 3430 nos
945 3359 1098 3434 mictum
1127 3360 1293 3446 dicimus,
1320 3387 1393 3458 quo

296 3467 517 3566 frequentius
534 3484 670 3543 veteres
687 3498 796 3568 quam
813 3472 974 3570 juniores
993 3475 1047 3547 usi
1066 3492 1273 3562 noscuntur,
1291 3475 1393 3571 cujus

296 3611 410 3684 pauca
432 3584 601 3683 exempla
627 3585 828 3680 subjiciam.
878 3588 1101 3664 Trimetrum
1129 3606 1249 3665 autem
1277 3605 1394 3665 acata-

295 3701 430 3775 lectum
448 3698 641 3772 incondita
658 3702 928 3800 compositionis
945 3703 1016 3776 talc
1033 3718 1099 3792 est,

448 3813 639 3889 Salamina
656 3815 738 3915 agit
753 3819 904 3914 aqueus
914 3817 1099 3914 procellas.

296 3951 389 4022 Item
408 3947 470 4045 qui
490 3974 510 4019 a
527 3945 723 4019 ditrochaeo
739 3947 879 4046 incipit,

394 4063 525 4138 kcoede
536 4063 693 4160 puberes
709 4089 806 4136 meos
823 4062 976 4137 Sicania
993 4064 1144 4138 colonos.

296 4370 434 4444 versiqare]
451 4369 622 4448 diversisque
639 4371 670 4428 P.
783 4381 892 4429 ecoum
906 4371 978 4445 lato]
995 4291 1203 4430 comrlliliil'l³2
1219 4291 1251 4350 P·
1288 4287 1391 4448 fiairi]-

295 4449 342 4526 qui
355 4451 386 4506 P.
468 4449 703 4526 tPhrynichum]
723 4451 892 4526 Phry-uicum
907 4451 938 4507 P.
1020 4449 1150 4509 1¹veteris
1164 4451 1325 4526 comoediae]
1343 4470 1392 4508 co·

296 4529 408 4588 moediaa
423 4529 521 4586 veteris
535 4531 566 4587 P.
650 4527 785 4604 ¹AEtna]
804 4531 892 4588 AEtna
906 4531 936 4588 P.
1020 4529 1035 4574 ¹¹
1051 4531 1140 4606 cede]
1157 4533 1226 4590 cede
1239 4533 1270 4590 P.

336 4287 586 4364 l‘choriambicum
604 4289 784 4348 choriambus
800 4293 830 4348 P.
897 4290 1053 4366 ⁰quadrae]
