<?xml version="1.0" encoding="UTF-8"?>
<!DOCTYPE html PUBLIC "-//W3C//DTD XHTML 1.0 Transitional//EN"
    "http://www.w3.org/TR/xhtml1/DTD/xhtml1-transitional.dtd">
<html xmlns="http://www.w3.org/1999/xhtml" xml:lang="en" lang="en">
 <head>
  <title>
</title>
<meta http-equiv="Content-Type" content="text/html;charset=utf-8" />
  <meta name='ocr-system' content='tesseract 3.04.00' />
  <meta name='ocr-capabilities' content='ocr_page ocr_carea ocr_par ocr_line ocrx_word'/>
</head>
<body>
  <div class='ocr_page' id='page_1' title='image "./scriptoreslatin00gaisgoog_0193.png"; bbox 0 0 3076 5140; ppageno 0'>
   <div class='ocr_carea' id='block_1_1' title="bbox 149 437 1245 532">
    <p class='ocr_par' dir='ltr' id='par_1_1' title="bbox 149 437 1245 532">
     <span class='ocr_line' id='line_1_1' title="bbox 149 437 1245 532; baseline 0.008 -27"><span class='ocrx_word' id='word_1_1' title='bbox 149 455 229 508; x_wconf 71' lang='lat' dir='ltr'><strong>car.</strong></span> <span class='ocrx_word' id='word_1_2' title='bbox 246 451 302 510; x_wconf 82' lang='lat'><strong>12.</strong></span> <span class='ocrx_word' id='word_1_3' title='bbox 414 437 479 510; x_wconf 89' lang='lat' dir='ltr'><strong>De</strong></span> <span class='ocrx_word' id='word_1_4' title='bbox 495 437 661 511; x_wconf 78' lang='lat' dir='ltr'><strong>trimetro</strong></span> <span class='ocrx_word' id='word_1_5' title='bbox 676 462 784 512; x_wconf 63' lang='lat' dir='ltr'><strong>vasu</strong></span> <span class='ocrx_word' id='word_1_6' title='bbox 801 437 965 511; x_wconf 81' lang='lat' dir='ltr'><strong>iambico.</strong></span> <span class='ocrx_word' id='word_1_7' title='bbox 1177 451 1245 532; x_wconf 84' lang='lat'><strong>17³</strong></span> 
     </span>
    </p>
   </div>
   <div class='ocr_carea' id='block_1_2' title="bbox 148 619 1246 724">
    <p class='ocr_par' dir='ltr' id='par_1_2' title="bbox 148 619 1246 724">
     <span class='ocr_line' id='line_1_2' title="bbox 148 619 1246 724; baseline 0.005 -31"><span class='ocrx_word' id='word_1_8' title='bbox 148 619 373 719; x_wconf 73' lang='lat' dir='ltr'><strong>petiveruntz</strong></span> <span class='ocrx_word' id='word_1_9' title='bbox 400 637 455 696; x_wconf 87' lang='lat' dir='ltr'><strong>est</strong></span> <span class='ocrx_word' id='word_1_10' title='bbox 472 623 570 696; x_wconf 89' lang='lat' dir='ltr'><strong>enim</strong></span> <span class='ocrx_word' id='word_1_11' title='bbox 582 622 717 720; x_wconf 80' lang='lat' dir='ltr'><strong>jocosis</strong></span> <span class='ocrx_word' id='word_1_12' title='bbox 735 621 895 695; x_wconf 86' lang='lat' dir='ltr'><strong>motibus</strong></span> <span class='ocrx_word' id='word_1_13' title='bbox 910 623 1112 696; x_wconf 90' lang='lat' dir='ltr'><strong>emollitum</strong></span> <span class='ocrx_word' id='word_1_14' title='bbox 1136 625 1246 724; x_wconf 86' lang='lat' dir='ltr'><strong>gesti·</strong></span> 
     </span>
    </p>
   </div>
   <div class='ocr_carea' id='block_1_3' title="bbox 137 735 1289 4294">
    <p class='ocr_par' dir='ltr' id='par_1_3' title="bbox 145 735 1289 1414">
     <span class='ocr_line' id='line_1_3' title="bbox 149 735 1289 836; baseline 0.003 -29"><span class='ocrx_word' id='word_1_15' title='bbox 149 735 286 835; x_wconf 84' lang='lat' dir='ltr'><strong>busque</strong></span> <span class='ocrx_word' id='word_1_16' title='bbox 305 739 490 836; x_wconf 83' lang='lat' dir='ltr'><strong>agentium</strong></span> <span class='ocrx_word' id='word_1_17' title='bbox 510 738 594 811; x_wconf 89' lang='lat' dir='ltr'><strong>satis</strong></span> <span class='ocrx_word' id='word_1_18' title='bbox 609 737 935 811; x_wconf 87' lang='lat' dir='ltr'><strong>accommodatum.</strong></span> <span class='ocrx_word' id='word_1_19' title='bbox 963 737 1065 812; x_wconf 86' lang='lat' dir='ltr'>Idem</span> <span class='ocrx_word' id='word_1_20' title='bbox 1080 739 1247 814; x_wconf 80' lang='lat' dir='ltr'><strong>Archilo·</strong></span> <span class='ocrx_word' id='word_1_21' title='bbox 1262 773 1289 826; x_wconf 66' lang='grc' dir='ltr'><strong>ις</strong></span> 
     </span>
     <span class='ocr_line' id='line_1_4' title="bbox 148 852 1246 952; baseline 0.005 -27"><span class='ocrx_word' id='word_1_22' title='bbox 148 853 235 926; x_wconf 86' lang='lat' dir='ltr'><strong>chus</strong></span> <span class='ocrx_word' id='word_1_23' title='bbox 253 879 300 926; x_wconf 84' lang='lat' dir='ltr'><strong>ex</strong></span> <span class='ocrx_word' id='word_1_24' title='bbox 318 854 483 926; x_wconf 79' lang='lat' dir='ltr'>trimetro</span> <span class='ocrx_word' id='word_1_25' title='bbox 500 852 706 952; x_wconf 85' lang='lat' dir='ltr'><strong>supradicto</strong></span> <span class='ocrx_word' id='word_1_26' title='bbox 719 853 894 950; x_wconf 75' lang='lat' dir='ltr'><strong>syllabam</strong></span> <span class='ocrx_word' id='word_1_27' title='bbox 909 853 1246 930; x_wconf 77' lang='lat' dir='ltr'><strong>auferendobmodo</strong></span> 
     </span>
     <span class='ocr_line' id='line_1_5' title="bbox 147 967 1246 1069; baseline 0.004 -29"><span class='ocrx_word' id='word_1_28' title='bbox 147 970 314 1068; x_wconf 88' lang='lat' dir='ltr'><strong>ecapite‚</strong></span> <span class='ocrx_word' id='word_1_29' title='bbox 333 968 444 1042; x_wconf 92' lang='lat' dir='ltr'><strong>modo</strong></span> <span class='ocrx_word' id='word_1_30' title='bbox 461 995 507 1041; x_wconf 85' lang='lat' dir='ltr'><strong>ex</strong></span> <span class='ocrx_word' id='word_1_31' title='bbox 525 969 648 1041; x_wconf 86' lang='lat' dir='ltr'><strong>infima</strong></span> <span class='ocrx_word' id='word_1_32' title='bbox 665 981 779 1068; x_wconf 89' lang='lat' dir='ltr'><strong>parte,</strong></span> <span class='ocrx_word' id='word_1_33' title='bbox 795 967 868 1040; x_wconf 92' lang='lat' dir='ltr'><strong>duo</strong></span> <span class='ocrx_word' id='word_1_34' title='bbox 882 995 1012 1066; x_wconf 85' lang='lat' dir='ltr'><strong>genera</strong></span> <span class='ocrx_word' id='word_1_35' title='bbox 1029 973 1246 1069; x_wconf 85' lang='lat' dir='ltr'><strong>composuit,</strong></span> 
     </span>
     <span class='ocr_line' id='line_1_6' title="bbox 147 1083 1243 1184; baseline 0.002 -27"><span class='ocrx_word' id='word_1_36' title='bbox 147 1111 301 1182; x_wconf 90' lang='lat' dir='ltr'><strong>quorum</strong></span> <span class='ocrx_word' id='word_1_37' title='bbox 320 1086 472 1158; x_wconf 89' lang='lat' dir='ltr'><strong>alterum</strong></span> <span class='ocrx_word' id='word_1_38' title='bbox 492 1083 611 1158; x_wconf 85' lang='lat' dir='ltr'><strong>Graeci</strong></span> <span class='ocrx_word' id='word_1_39' title='bbox 629 1085 795 1176; x_wconf 77' lang='grc' dir='ltr'>ἀκέφαλον,</span> <span class='ocrx_word' id='word_1_40' title='bbox 806 1085 956 1156; x_wconf 89' lang='lat' dir='ltr'><strong>alterum</strong></span> <span class='ocrx_word' id='word_1_41' title='bbox 972 1085 1110 1172; x_wconf 77' lang='grc' dir='ltr'><strong>κολοβὸν,</strong></span> <span class='ocrx_word' id='word_1_42' title='bbox 1121 1087 1243 1184; x_wconf 83' lang='lat' dir='ltr'><strong>cquasi</strong></span> 
     </span>
     <span class='ocr_line' id='line_1_7' title="bbox 145 1198 1246 1298; baseline 0.002 -26"><span class='ocrx_word' id='word_1_43' title='bbox 145 1215 303 1289; x_wconf 82' lang='lat' dir='ltr'><strong>curtum,</strong></span> <span class='ocrx_word' id='word_1_44' title='bbox 320 1201 394 1274; x_wconf 87' lang='lat' dir='ltr'><strong>sive</strong></span> <span class='ocrx_word' id='word_1_45' title='bbox 412 1205 571 1288; x_wconf 76' lang='grc' dir='ltr'><strong><em>σκάζοντα,</em></strong></span> <span class='ocrx_word' id='word_1_46' title='bbox 588 1199 624 1271; x_wconf 90' lang='lat' dir='ltr'><strong>id</strong></span> <span class='ocrx_word' id='word_1_47' title='bbox 643 1212 698 1270; x_wconf 90' lang='lat' dir='ltr'><strong>cst</strong></span> <span class='ocrx_word' id='word_1_48' title='bbox 714 1198 895 1287; x_wconf 89' lang='lat' dir='ltr'><strong>claudum,</strong></span> <span class='ocrx_word' id='word_1_49' title='bbox 908 1213 945 1272; x_wconf 90' lang='lat' dir='ltr'><strong>et</strong></span> <span class='ocrx_word' id='word_1_50' title='bbox 963 1199 1046 1272; x_wconf 88' lang='lat' dir='ltr'><strong>ideo</strong></span> <span class='ocrx_word' id='word_1_51' title='bbox 1062 1201 1246 1298; x_wconf 76' lang='grc' dir='ltr'><strong>χωλιαμβόν</strong></span> 
     </span>
     <span class='ocr_line' id='line_1_8' title="bbox 146 1313 1065 1414; baseline -0.002 -26"><span class='ocrx_word' id='word_1_52' title='bbox 146 1314 326 1388; x_wconf 82' lang='lat' dir='ltr'><strong>dixerunt.</strong></span> <span class='ocrx_word' id='word_1_53' title='bbox 377 1315 600 1414; x_wconf 83' lang='lat' dir='ltr'><strong>Exemplum</strong></span> <span class='ocrx_word' id='word_1_54' title='bbox 619 1313 794 1412; x_wconf 87' lang='lat' dir='ltr'><strong>Acephali</strong></span> <span class='ocrx_word' id='word_1_55' title='bbox 815 1315 968 1386; x_wconf 82' lang='lat' dir='ltr'><strong>trimetri</strong></span> <span class='ocrx_word' id='word_1_56' title='bbox 987 1315 1065 1404; x_wconf 88' lang='lat' dir='ltr'><strong>erit,</strong></span> 
     </span>
    </p>

    <p class='ocr_par' dir='ltr' id='par_1_4' title="bbox 146 1431 834 1636">
     <span class='ocr_line' id='line_1_9' title="bbox 243 1431 834 1529; baseline -0.007 -24"><span class='ocrx_word' id='word_1_57' title='bbox 243 1431 421 1529; x_wconf 48' lang='lat' dir='ltr'><strong>«luppiter</strong></span> <span class='ocrx_word' id='word_1_58' title='bbox 436 1431 567 1506; x_wconf 64' lang='lat' dir='ltr'><strong>solania</strong></span> <span class='ocrx_word' id='word_1_59' title='bbox 584 1431 724 1504; x_wconf 79' lang='lat' dir='ltr'><strong>arbiter</strong></span> <span class='ocrx_word' id='word_1_60' title='bbox 738 1456 834 1504; x_wconf 75' lang='lat' dir='ltr'><strong>mee.</strong></span> 
     </span>
     <span class='ocr_line' id='line_1_10' title="bbox 146 1545 255 1636; baseline 0.018 -18"><span class='ocrx_word' id='word_1_61' title='bbox 146 1545 255 1636; x_wconf 88' lang='lat' dir='ltr'><strong>Item,</strong></span> 
     </span>
    </p>

    <p class='ocr_par' dir='ltr' id='par_1_5' title="bbox 146 1659 1288 1992">
     <span class='ocr_line' id='line_1_11' title="bbox 246 1659 960 1762; baseline 0.003 -28"><span class='ocrx_word' id='word_1_62' title='bbox 246 1661 319 1734; x_wconf 75' lang='lat' dir='ltr'><strong>Est</strong></span> <span class='ocrx_word' id='word_1_63' title='bbox 336 1661 432 1734; x_wconf 78' lang='lat' dir='ltr'><strong>celer</strong></span> <span class='ocrx_word' id='word_1_64' title='bbox 447 1659 630 1734; x_wconf 61' lang='lat' dir='ltr'><strong>Pterelas</strong></span> <span class='ocrx_word' id='word_1_65' title='bbox 646 1661 711 1736; x_wconf 85' lang='lat' dir='ltr'><strong>ille</strong></span> <span class='ocrx_word' id='word_1_66' title='bbox 726 1689 832 1762; x_wconf 84' lang='lat' dir='ltr'><strong>quem</strong></span> <span class='ocrx_word' id='word_1_67' title='bbox 848 1663 960 1736; x_wconf 81' lang='lat' dir='ltr'><strong>vides.</strong></span> 
     </span>
     <span class='ocr_line' id='line_1_12' title="bbox 146 1775 1288 1876; baseline 0.004 -26"><span class='ocrx_word' id='word_1_68' title='bbox 146 1777 248 1850; x_wconf 88' lang='lat' dir='ltr'><strong>Huic</strong></span> <span class='ocrx_word' id='word_1_69' title='bbox 265 1777 365 1849; x_wconf 91' lang='lat' dir='ltr'><strong>enim</strong></span> <span class='ocrx_word' id='word_1_70' title='bbox 392 1777 421 1850; x_wconf 85' lang='lat' dir='ltr'><strong>si</strong></span> <span class='ocrx_word' id='word_1_71' title='bbox 446 1775 615 1872; x_wconf 88' lang='lat' dir='ltr'><strong>adjeceris</strong></span> <span class='ocrx_word' id='word_1_72' title='bbox 640 1804 750 1850; x_wconf 90' lang='lat' dir='ltr'><strong>unam</strong></span> <span class='ocrx_word' id='word_1_73' title='bbox 778 1779 966 1876; x_wconf 83' lang='lat' dir='ltr'><strong>syllabam,</strong></span> <span class='ocrx_word' id='word_1_74' title='bbox 983 1779 1051 1854; x_wconf 87' lang='lat' dir='ltr'><strong>erit</strong></span> <span class='ocrx_word' id='word_1_75' title='bbox 1066 1781 1243 1858; x_wconf 82' lang='lat' dir='ltr'><strong>iambicus</strong></span> <span class='ocrx_word' id='word_1_76' title='bbox 1259 1803 1288 1855; x_wconf 80' lang='lat'><strong>1⁶</strong></span> 
     </span>
     <span class='ocr_line' id='line_1_13' title="bbox 147 1891 375 1992; baseline 0.004 -29"><span class='ocrx_word' id='word_1_77' title='bbox 147 1893 295 1992; x_wconf 86' lang='lat' dir='ltr'><strong>integer,</strong></span> <span class='ocrx_word' id='word_1_78' title='bbox 312 1891 375 1976; x_wconf 87' lang='lat' dir='ltr'><strong>sic,</strong></span> 
     </span>
    </p>

    <p class='ocr_par' dir='ltr' id='par_1_6' title="bbox 147 2007 1243 2573">
     <span class='ocr_line' id='line_1_14' title="bbox 243 2007 939 2107; baseline 0.003 -27"><span class='ocrx_word' id='word_1_79' title='bbox 243 2007 335 2082; x_wconf 85' lang='lat' dir='ltr'><strong>Jum</strong></span> <span class='ocrx_word' id='word_1_80' title='bbox 349 2007 526 2107; x_wconf 85' lang='lat' dir='ltr'><strong>Juppiter</strong></span> <span class='ocrx_word' id='word_1_81' title='bbox 540 2009 673 2083; x_wconf 62' lang='lat' dir='ltr'><strong>solutu</strong></span> <span class='ocrx_word' id='word_1_82' title='bbox 689 2009 829 2083; x_wconf 75' lang='lat' dir='ltr'><strong>arbiter</strong></span> <span class='ocrx_word' id='word_1_83' title='bbox 845 2035 939 2084; x_wconf 81' lang='lat' dir='ltr'><strong>mee.</strong></span> 
     </span>
     <span class='ocr_line' id='line_1_15' title="bbox 148 2123 255 2209; baseline 0 -13"><span class='ocrx_word' id='word_1_84' title='bbox 148 2123 255 2209; x_wconf 87' lang='lat' dir='ltr'><strong>Item,</strong></span> 
     </span>
     <span class='ocr_line' id='line_1_16' title="bbox 244 2241 1006 2342; baseline 0.004 -29"><span class='ocrx_word' id='word_1_85' title='bbox 244 2241 366 2314; x_wconf 82' lang='lat' dir='ltr'><strong>Adest</strong></span> <span class='ocrx_word' id='word_1_86' title='bbox 382 2241 478 2316; x_wconf 86' lang='lat' dir='ltr'><strong>celer</strong></span> <span class='ocrx_word' id='word_1_87' title='bbox 494 2241 679 2317; x_wconf 63' lang='lat' dir='ltr'><strong>Plateia-r</strong></span> <span class='ocrx_word' id='word_1_88' title='bbox 695 2241 760 2316; x_wconf 84' lang='lat' dir='ltr'><strong>ille</strong></span> <span class='ocrx_word' id='word_1_89' title='bbox 776 2267 882 2342; x_wconf 79' lang='lat' dir='ltr'><strong>quem</strong></span> <span class='ocrx_word' id='word_1_90' title='bbox 897 2243 1006 2317; x_wconf 84' lang='lat' dir='ltr'><strong>vides.</strong></span> 
     </span>
     <span class='ocr_line' id='line_1_17' title="bbox 147 2356 1243 2457; baseline 0.002 -28"><span class='ocrx_word' id='word_1_91' title='bbox 147 2356 300 2430; x_wconf 84' lang='lat' dir='ltr'><strong>Cortum</strong></span> <span class='ocrx_word' id='word_1_92' title='bbox 325 2371 446 2431; x_wconf 83' lang='lat' dir='ltr'><strong>autem</strong></span> <span class='ocrx_word' id='word_1_93' title='bbox 474 2385 538 2457; x_wconf 88' lang='lat' dir='ltr'><strong>per</strong></span> <span class='ocrx_word' id='word_1_94' title='bbox 561 2357 819 2431; x_wconf 85' lang='lat' dir='ltr'><strong>detractionem</strong></span> <span class='ocrx_word' id='word_1_95' title='bbox 839 2358 976 2431; x_wconf 84' lang='lat' dir='ltr'><strong>ultimae</strong></span> <span class='ocrx_word' id='word_1_96' title='bbox 994 2357 1140 2456; x_wconf 76' lang='lat' dir='ltr'><strong>syllabae</strong></span> <span class='ocrx_word' id='word_1_97' title='bbox 1157 2357 1243 2431; x_wconf 81' lang='lat' dir='ltr'><strong>fecit</strong></span> 
     </span>
     <span class='ocr_line' id='line_1_18' title="bbox 147 2471 1156 2573; baseline 0.001 -28"><span class='ocrx_word' id='word_1_98' title='bbox 147 2471 367 2570; x_wconf 87' lang='lat' dir='ltr'><strong>hujusmodi.</strong></span> <span class='ocrx_word' id='word_1_99' title='bbox 416 2473 641 2573; x_wconf 83' lang='lat' dir='ltr'><strong>Exemplum</strong></span> <span class='ocrx_word' id='word_1_100' title='bbox 660 2473 728 2546; x_wconf 88' lang='lat' dir='ltr'><strong>erit</strong></span> <span class='ocrx_word' id='word_1_101' title='bbox 745 2473 841 2572; x_wconf 91' lang='lat' dir='ltr'><strong>apud</strong></span> <span class='ocrx_word' id='word_1_102' title='bbox 859 2473 1054 2546; x_wconf 88' lang='lat' dir='ltr'><strong>Horatium</strong></span> <span class='ocrx_word' id='word_1_103' title='bbox 1073 2472 1156 2561; x_wconf 88' lang='lat' dir='ltr'><strong>tale,</strong></span> 
     </span>
    </p>

    <p class='ocr_par' dir='ltr' id='par_1_7' title="bbox 147 2587 1217 2804">
     <span class='ocr_line' id='line_1_19' title="bbox 247 2587 973 2689; baseline 0 -28"><span class='ocrx_word' id='word_1_104' title='bbox 247 2587 321 2661; x_wconf 81' lang='lat' dir='ltr'><strong>Seu</strong></span> <span class='ocrx_word' id='word_1_105' title='bbox 332 2599 461 2684; x_wconf 81' lang='lat' dir='ltr'><strong>poscat</strong></span> <span class='ocrx_word' id='word_1_106' title='bbox 478 2587 634 2689; x_wconf 56' lang='lat' dir='ltr'><strong>“offlam</strong></span> <span class='ocrx_word' id='word_1_107' title='bbox 650 2589 728 2662; x_wconf 84' lang='lat' dir='ltr'><strong>sive</strong></span> <span class='ocrx_word' id='word_1_108' title='bbox 743 2588 849 2662; x_wconf 83' lang='lat' dir='ltr'><strong>molit</strong></span> <span class='ocrx_word' id='word_1_109' title='bbox 865 2590 973 2662; x_wconf 71' lang='lat' dir='ltr'><strong>aedo.</strong></span> 
     </span>
     <span class='ocr_line' id='line_1_20' title="bbox 147 2701 1217 2804; baseline 0 -28"><span class='ocrx_word' id='word_1_110' title='bbox 147 2702 249 2778; x_wconf 89' lang='lat' dir='ltr'><strong>Huic</strong></span> <span class='ocrx_word' id='word_1_111' title='bbox 265 2705 294 2776; x_wconf 88' lang='lat' dir='ltr'><strong>si</strong></span> <span class='ocrx_word' id='word_1_112' title='bbox 313 2703 509 2802; x_wconf 72' lang='lat' dir='ltr'><strong>eadjeceris</strong></span> <span class='ocrx_word' id='word_1_113' title='bbox 527 2705 715 2804; x_wconf 85' lang='lat' dir='ltr'><strong>syllabam,</strong></span> <span class='ocrx_word' id='word_1_114' title='bbox 734 2705 801 2777; x_wconf 88' lang='lat' dir='ltr'><strong>erit</strong></span> <span class='ocrx_word' id='word_1_115' title='bbox 816 2705 954 2802; x_wconf 86' lang='lat' dir='ltr'><strong>integer</strong></span> <span class='ocrx_word' id='word_1_116' title='bbox 970 2701 1142 2788; x_wconf 86' lang='lat' dir='ltr'><strong>trimeter,</strong></span> <span class='ocrx_word' id='word_1_117' title='bbox 1156 2703 1217 2794; x_wconf 88' lang='lat' dir='ltr'><strong>sie,</strong></span> 
     </span>
    </p>

    <p class='ocr_par' dir='ltr' id='par_1_8' title="bbox 145 2819 1243 3150">
     <span class='ocr_line' id='line_1_21' title="bbox 247 2819 1013 2921; baseline -0.005 -27"><span class='ocrx_word' id='word_1_118' title='bbox 247 2821 321 2894; x_wconf 86' lang='lat' dir='ltr'><strong>Seu</strong></span> <span class='ocrx_word' id='word_1_119' title='bbox 333 2833 462 2918; x_wconf 84' lang='lat' dir='ltr'><strong>porcat</strong></span> <span class='ocrx_word' id='word_1_120' title='bbox 478 2820 629 2921; x_wconf 70' lang='lat' dir='ltr'><strong>fagruim</strong></span> <span class='ocrx_word' id='word_1_121' title='bbox 645 2821 722 2896; x_wconf 87' lang='lat' dir='ltr'><strong>sive</strong></span> <span class='ocrx_word' id='word_1_122' title='bbox 737 2819 844 2894; x_wconf 81' lang='lat' dir='ltr'><strong>molit</strong></span> <span class='ocrx_word' id='word_1_123' title='bbox 859 2819 1013 2892; x_wconf 76' lang='lat' dir='ltr'><strong>bredula.</strong></span> 
     </span>
     <span class='ocr_line' id='line_1_22' title="bbox 145 2935 1243 3036; baseline 0 -28"><span class='ocrx_word' id='word_1_124' title='bbox 145 2935 188 3008; x_wconf 91' lang='lat' dir='ltr'><strong>Id</strong></span> <span class='ocrx_word' id='word_1_125' title='bbox 207 2949 328 3008; x_wconf 89' lang='lat' dir='ltr'><strong>autern</strong></span> <span class='ocrx_word' id='word_1_126' title='bbox 349 2939 394 3009; x_wconf 87' lang='lat' dir='ltr'><strong>ab</strong></span> <span class='ocrx_word' id='word_1_127' title='bbox 412 2937 568 3010; x_wconf 87' lang='lat' dir='ltr'><strong>Horatio</strong></span> <span class='ocrx_word' id='word_1_128' title='bbox 585 2936 796 3036; x_wconf 87' lang='lat' dir='ltr'><strong>exemplum</strong></span> <span class='ocrx_word' id='word_1_129' title='bbox 819 2935 1048 3035; x_wconf 85' lang='lat' dir='ltr'><strong>protulimus,</strong></span> <span class='ocrx_word' id='word_1_130' title='bbox 1067 2949 1108 3008; x_wconf 89' lang='lat' dir='ltr'><strong>ut</strong></span> <span class='ocrx_word' id='word_1_131' title='bbox 1124 2947 1243 3008; x_wconf 89' lang='lat' dir='ltr'><strong>osten·</strong></span> 
     </span>
     <span class='ocr_line' id='line_1_23' title="bbox 145 3050 1032 3150; baseline 0.001 -28"><span class='ocrx_word' id='word_1_132' title='bbox 145 3050 324 3140; x_wconf 68' lang='lat' dir='ltr'><strong>deumne,</strong></span> <span class='ocrx_word' id='word_1_133' title='bbox 340 3051 436 3124; x_wconf 92' lang='lat' dir='ltr'><strong>unde</strong></span> <span class='ocrx_word' id='word_1_134' title='bbox 453 3051 489 3124; x_wconf 93' lang='lat' dir='ltr'><strong>id</strong></span> <span class='ocrx_word' id='word_1_135' title='bbox 509 3065 630 3124; x_wconf 89' lang='lat' dir='ltr'><strong>noster</strong></span> <span class='ocrx_word' id='word_1_136' title='bbox 645 3052 778 3150; x_wconf 89' lang='lat' dir='ltr'><strong>lyricus</strong></span> <span class='ocrx_word' id='word_1_137' title='bbox 794 3051 957 3123; x_wconf 88' lang='lat' dir='ltr'><strong>imitatus</strong></span> <span class='ocrx_word' id='word_1_138' title='bbox 974 3052 1032 3123; x_wconf 87' lang='lat' dir='ltr'><strong>sit.</strong></span> 
     </span>
    </p>

    <p class='ocr_par' dir='ltr' id='par_1_9' title="bbox 137 3164 1286 4294">
     <span class='ocr_line' id='line_1_24' title="bbox 193 3164 1286 3266; baseline 0 -28"><span class='ocrx_word' id='word_1_139' title='bbox 193 3165 263 3239; x_wconf 86' lang='lat' dir='ltr'><strong>Est</strong></span> <span class='ocrx_word' id='word_1_140' title='bbox 280 3179 318 3238; x_wconf 90' lang='lat' dir='ltr'><strong>et</strong></span> <span class='ocrx_word' id='word_1_141' title='bbox 335 3167 443 3239; x_wconf 85' lang='lat' dir='ltr'><strong>altera</strong></span> <span class='ocrx_word' id='word_1_142' title='bbox 457 3167 593 3266; x_wconf 87' lang='lat' dir='ltr'><strong>specics</strong></span> <span class='ocrx_word' id='word_1_143' title='bbox 606 3167 757 3240; x_wconf 86' lang='lat' dir='ltr'><strong>trimetri</strong></span> <span class='ocrx_word' id='word_1_144' title='bbox 772 3167 961 3254; x_wconf 86' lang='lat' dir='ltr'><strong>scazontis,</strong></span> <span class='ocrx_word' id='word_1_145' title='bbox 972 3191 1081 3262; x_wconf 90' lang='lat' dir='ltr'><strong>quam</strong></span> <span class='ocrx_word' id='word_1_146' title='bbox 1097 3164 1242 3262; x_wconf 92' lang='lat' dir='ltr'><strong>Hippo-</strong></span> <span class='ocrx_word' id='word_1_147' title='bbox 1258 3201 1286 3254; x_wconf 78' lang='lat'><strong>¹7</strong></span> 
     </span>
     <span class='ocr_line' id='line_1_25' title="bbox 145 3279 1242 3381; baseline -0.001 -29"><span class='ocrx_word' id='word_1_148' title='bbox 145 3307 215 3354; x_wconf 88' lang='lat' dir='ltr'><strong>nax</strong></span> <span class='ocrx_word' id='word_1_149' title='bbox 240 3281 424 3354; x_wconf 84' lang='lat' dir='ltr'><strong>induxisse</strong></span> <span class='ocrx_word' id='word_1_150' title='bbox 450 3283 669 3381; x_wconf 86' lang='lat' dir='ltr'><strong>perhibetur,</strong></span> <span class='ocrx_word' id='word_1_151' title='bbox 696 3282 798 3379; x_wconf 86' lang='lat' dir='ltr'><strong>cujus</strong></span> <span class='ocrx_word' id='word_1_152' title='bbox 824 3280 1041 3381; x_wconf 88' lang='lat' dir='ltr'><strong>compositio</strong></span> <span class='ocrx_word' id='word_1_153' title='bbox 1065 3279 1147 3352; x_wconf 86' lang='lat' dir='ltr'><strong>talis</strong></span> <span class='ocrx_word' id='word_1_154' title='bbox 1177 3293 1242 3370; x_wconf 89' lang='lat' dir='ltr'><strong>est,</strong></span> 
     </span>
     <span class='ocr_line' id='line_1_26' title="bbox 145 3397 1241 3498; baseline 0 -28"><span class='ocrx_word' id='word_1_155' title='bbox 145 3413 184 3470; x_wconf 91' lang='lat' dir='ltr'><strong>ut</strong></span> <span class='ocrx_word' id='word_1_156' title='bbox 196 3397 354 3471; x_wconf 87' lang='lat' dir='ltr'><strong>secunda</strong></span> <span class='ocrx_word' id='word_1_157' title='bbox 372 3399 418 3470; x_wconf 90' lang='lat' dir='ltr'><strong>ab</strong></span> <span class='ocrx_word' id='word_1_158' title='bbox 435 3399 563 3472; x_wconf 90' lang='lat' dir='ltr'><strong>ultima</strong></span> <span class='ocrx_word' id='word_1_159' title='bbox 581 3425 723 3498; x_wconf 88' lang='lat' dir='ltr'><strong>semper</strong></span> <span class='ocrx_word' id='word_1_160' title='bbox 742 3399 879 3498; x_wconf 87' lang='lat' dir='ltr'><strong>syllaba</strong></span> <span class='ocrx_word' id='word_1_161' title='bbox 898 3398 1005 3496; x_wconf 89' lang='lat' dir='ltr'><strong>longa</strong></span> <span class='ocrx_word' id='word_1_162' title='bbox 1021 3411 1187 3495; x_wconf 85' lang='lat' dir='ltr'><strong>ponatur,</strong></span> <span class='ocrx_word' id='word_1_163' title='bbox 1204 3397 1241 3470; x_wconf 93' lang='lat' dir='ltr'><strong>id</strong></span> 
     </span>
     <span class='ocr_line' id='line_1_27' title="bbox 144 3512 1241 3613; baseline 0 -28"><span class='ocrx_word' id='word_1_164' title='bbox 144 3527 209 3600; x_wconf 87' lang='lat' dir='ltr'><strong>est,</strong></span> <span class='ocrx_word' id='word_1_165' title='bbox 225 3528 265 3586; x_wconf 92' lang='lat' dir='ltr'><strong>ut</strong></span> <span class='ocrx_word' id='word_1_166' title='bbox 282 3541 354 3586; x_wconf 91' lang='lat' dir='ltr'><strong>non</strong></span> <span class='ocrx_word' id='word_1_167' title='bbox 374 3513 494 3586; x_wconf 90' lang='lat' dir='ltr'><strong>iambo</strong></span> <span class='ocrx_word' id='word_1_168' title='bbox 508 3528 622 3602; x_wconf 86' lang='lat' dir='ltr'><strong>sexto,</strong></span> <span class='ocrx_word' id='word_1_169' title='bbox 636 3513 696 3586; x_wconf 87' lang='lat' dir='ltr'><strong>sed</strong></span> <span class='ocrx_word' id='word_1_170' title='bbox 716 3513 875 3612; x_wconf 89' lang='lat' dir='ltr'><strong>spondeo</strong></span> <span class='ocrx_word' id='word_1_171' title='bbox 892 3512 984 3613; x_wconf 88' lang='lat' dir='ltr'><strong>pede</strong></span> <span class='ocrx_word' id='word_1_172' title='bbox 997 3525 1059 3586; x_wconf 87' lang='lat' dir='ltr'><strong>aut</strong></span> <span class='ocrx_word' id='word_1_173' title='bbox 1072 3513 1241 3601; x_wconf 81' lang='lat' dir='ltr'><strong>trochaeo,</strong></span> 
     </span>
     <span class='ocr_line' id='line_1_28' title="bbox 143 3629 1242 3728; baseline 0 -28"><span class='ocrx_word' id='word_1_174' title='bbox 143 3645 404 3725; x_wconf 89' lang='lat' dir='ltr'><strong>contraquam</strong></span> <span class='ocrx_word' id='word_1_175' title='bbox 432 3629 490 3702; x_wconf 84' lang='lat' dir='ltr'><strong>lex</strong></span> <span class='ocrx_word' id='word_1_176' title='bbox 517 3629 628 3702; x_wconf 91' lang='lat' dir='ltr'><strong>iambi</strong></span> <span class='ocrx_word' id='word_1_177' title='bbox 652 3630 821 3728; x_wconf 86' lang='lat' dir='ltr'><strong>postulat,</strong></span> <span class='ocrx_word' id='word_1_178' title='bbox 836 3629 1064 3702; x_wconf 87' lang='lat' dir='ltr'><strong>terminetur:</strong></span> <span class='ocrx_word' id='word_1_179' title='bbox 1097 3629 1242 3701; x_wconf 90' lang='lat' dir='ltr'><strong>merito-</strong></span> 
     </span>
     <span class='ocr_line' id='line_1_29' title="bbox 144 3742 1286 3845; baseline 0 -29"><span class='ocrx_word' id='word_1_180' title='bbox 144 3770 214 3842; x_wconf 90' lang='lat' dir='ltr'><strong>que</strong></span> <span class='ocrx_word' id='word_1_181' title='bbox 232 3771 253 3816; x_wconf 89' lang='lat' dir='ltr'><strong>a</strong></span> <span class='ocrx_word' id='word_1_182' title='bbox 271 3743 410 3817; x_wconf 87' lang='lat' dir='ltr'><strong>Graecis</strong></span> <span class='ocrx_word' id='word_1_183' title='bbox 427 3745 629 3845; x_wconf 90' lang='lat' dir='ltr'><strong>appellatur</strong></span> <span class='ocrx_word' id='word_1_184' title='bbox 645 3769 787 3834; x_wconf 84' lang='lat' dir='ltr'><strong>scazon,</strong></span> <span class='ocrx_word' id='word_1_185' title='bbox 799 3744 835 3817; x_wconf 91' lang='lat' dir='ltr'><strong>id</strong></span> <span class='ocrx_word' id='word_1_186' title='bbox 854 3759 919 3834; x_wconf 88' lang='lat' dir='ltr'><strong>est,</strong></span> <span class='ocrx_word' id='word_1_187' title='bbox 931 3743 1092 3818; x_wconf 85' lang='lat' dir='ltr'><strong>claudus.</strong></span> <span class='ocrx_word' id='word_1_188' title='bbox 1130 3742 1241 3816; x_wconf 91' lang='lat' dir='ltr'><strong>Unde</strong></span> <span class='ocrx_word' id='word_1_189' title='bbox 1256 3761 1286 3810; x_wconf 80' lang='lat'><strong>¹8</strong></span> 
     </span>
     <span class='ocr_line' id='line_1_30' title="bbox 143 3858 1241 3960; baseline -0.001 -29"><span class='ocrx_word' id='word_1_190' title='bbox 143 3858 406 3932; x_wconf 85' lang='lat' dir='ltr'><strong>observandum</strong></span> <span class='ocrx_word' id='word_1_191' title='bbox 442 3874 508 3950; x_wconf 90' lang='lat' dir='ltr'><strong>est,</strong></span> <span class='ocrx_word' id='word_1_192' title='bbox 535 3885 583 3932; x_wconf 90' lang='lat' dir='ltr'><strong>ne</strong></span> <span class='ocrx_word' id='word_1_193' title='bbox 617 3859 809 3960; x_wconf 89' lang='lat' dir='ltr'><strong>spondeus,</strong></span> <span class='ocrx_word' id='word_1_194' title='bbox 841 3860 894 3932; x_wconf 86' lang='lat' dir='ltr'><strong>vel</strong></span> <span class='ocrx_word' id='word_1_195' title='bbox 925 3859 986 3956; x_wconf 91' lang='lat' dir='ltr'><strong>qui</strong></span> <span class='ocrx_word' id='word_1_196' title='bbox 1015 3885 1060 3931; x_wconf 86' lang='lat' dir='ltr'><strong>cx</strong></span> <span class='ocrx_word' id='word_1_197' title='bbox 1087 3885 1131 3931; x_wconf 88' lang='lat' dir='ltr'><strong>eo</strong></span> <span class='ocrx_word' id='word_1_198' title='bbox 1157 3885 1241 3957; x_wconf 89' lang='lat' dir='ltr'><strong>pro-</strong></span> 
     </span>
     <span class='ocr_line' id='line_1_31' title="bbox 143 3973 1242 4073; baseline -0.002 -25"><span class='ocrx_word' id='word_1_199' title='bbox 143 3987 295 4060; x_wconf 88' lang='lat' dir='ltr'><strong>creatur,</strong></span> <span class='ocrx_word' id='word_1_200' title='bbox 308 3973 392 4046; x_wconf 85' lang='lat' dir='ltr'><strong>sede</strong></span> <span class='ocrx_word' id='word_1_201' title='bbox 408 3975 536 4072; x_wconf 87' lang='lat' dir='ltr'><strong>quinta</strong></span> <span class='ocrx_word' id='word_1_202' title='bbox 553 3975 589 4048; x_wconf 91' lang='lat' dir='ltr'><strong>iu</strong></span> <span class='ocrx_word' id='word_1_203' title='bbox 609 3974 679 4048; x_wconf 90' lang='lat' dir='ltr'><strong>hoc</strong></span> <span class='ocrx_word' id='word_1_204' title='bbox 691 4000 793 4048; x_wconf 85' lang='lat' dir='ltr'><strong>versu</strong></span> <span class='ocrx_word' id='word_1_205' title='bbox 812 3988 987 4073; x_wconf 84' lang='lat' dir='ltr'><strong>ponatur;</strong></span> <span class='ocrx_word' id='word_1_206' title='bbox 1006 4000 1053 4048; x_wconf 89' lang='lat' dir='ltr'><strong>ne</strong></span> <span class='ocrx_word' id='word_1_207' title='bbox 1071 3986 1242 4071; x_wconf 87' lang='lat' dir='ltr'><strong>quattuor</strong></span> 
     </span>
     <span class='ocr_line' id='line_1_32' title="bbox 137 4089 1241 4189; baseline -0.001 -26"><span class='ocrx_word' id='word_1_208' title='bbox 137 4089 275 4188; x_wconf 86' lang='lat' dir='ltr'><strong>jugiter</strong></span> <span class='ocrx_word' id='word_1_209' title='bbox 287 4091 405 4189; x_wconf 72' lang='lat' dir='ltr'><strong>longae</strong></span> <span class='ocrx_word' id='word_1_210' title='bbox 418 4117 526 4164; x_wconf 89' lang='lat' dir='ltr'><strong>omne</strong></span> <span class='ocrx_word' id='word_1_211' title='bbox 536 4089 721 4164; x_wconf 84' lang='lat' dir='ltr'><strong>destruant</strong></span> <span class='ocrx_word' id='word_1_212' title='bbox 732 4105 902 4164; x_wconf 88' lang='lat' dir='ltr'><strong>metrum.</strong></span> <span class='ocrx_word' id='word_1_213' title='bbox 927 4089 1057 4162; x_wconf 88' lang='lat' dir='ltr'><strong>Eritin</strong></span> <span class='ocrx_word' id='word_1_214' title='bbox 1071 4091 1241 4188; x_wconf 87' lang='lat' dir='ltr'><strong>exemplo</strong></span> 
     </span>
     <span class='ocr_line' id='line_1_33' title="bbox 144 4205 355 4294; baseline 0.024 -20"><span class='ocrx_word' id='word_1_215' title='bbox 144 4229 265 4278; x_wconf 87' lang='lat' dir='ltr'><strong>versus</strong></span> <span class='ocrx_word' id='word_1_216' title='bbox 284 4205 355 4294; x_wconf 87' lang='lat' dir='ltr'><strong>hic,</strong></span> 
     </span>
    </p>
   </div>
   <div class='ocr_carea' id='block_1_4' title="bbox 143 4419 1240 4588">
    <p class='ocr_par' dir='ltr' id='par_1_10' title="bbox 143 4419 1240 4588">
     <span class='ocr_line' id='line_1_34' title="bbox 182 4419 1240 4546; baseline 0 -65"><span class='ocrx_word' id='word_1_217' title='bbox 182 4419 301 4518; x_wconf 47' lang='lat' dir='ltr'><strong>b&#39;modp</strong></span> <span class='ocrx_word' id='word_1_218' title='bbox 315 4425 346 4498; x_wconf 90' lang='lat' dir='ltr'><strong>e]</strong></span> <span class='ocrx_word' id='word_1_219' title='bbox 363 4425 453 4516; x_wconf 40' lang='lat' dir='ltr'><strong>ee..</strong></span> <span class='ocrx_word' id='word_1_220' title='bbox 569 4423 689 4546; x_wconf 70' lang='lat' dir='ltr'><strong>eguasi]</strong></span> <span class='ocrx_word' id='word_1_221' title='bbox 706 4421 808 4501; x_wconf 86' lang='lat' dir='ltr'><strong>quibus</strong></span> <span class='ocrx_word' id='word_1_222' title='bbox 822 4424 855 4482; x_wconf 89' lang='lat' dir='ltr'><strong>P.</strong></span> <span class='ocrx_word' id='word_1_223' title='bbox 992 4421 1105 4502; x_wconf 77' lang='lat' dir='ltr'><strong>dagna]</strong></span> <span class='ocrx_word' id='word_1_224' title='bbox 1121 4429 1195 4502; x_wconf 70' lang='lat' dir='ltr'><strong>agna</strong></span> <span class='ocrx_word' id='word_1_225' title='bbox 1207 4425 1240 4481; x_wconf 91' lang='lat' dir='ltr'><strong>P.</strong></span> 
     </span>
     <span class='ocr_line' id='line_1_35' title="bbox 143 4501 875 4588; baseline 0 -28"><span class='ocrx_word' id='word_1_226' title='bbox 143 4501 320 4588; x_wconf 57' lang='lat' dir='ltr'><strong>ffulJeoemJ</strong></span> <span class='ocrx_word' id='word_1_227' title='bbox 336 4503 469 4582; x_wconf 77' lang='lat' dir='ltr'><strong>adjacent</strong></span> <span class='ocrx_word' id='word_1_228' title='bbox 482 4504 515 4563; x_wconf 92' lang='lat' dir='ltr'><strong>P.</strong></span> <span class='ocrx_word' id='word_1_229' title='bbox 621 4505 708 4584; x_wconf 83' lang='lat' dir='ltr'><strong>agna]</strong></span> <span class='ocrx_word' id='word_1_230' title='bbox 725 4519 828 4582; x_wconf 76' lang='lat' dir='ltr'><strong>agnam</strong></span> <span class='ocrx_word' id='word_1_231' title='bbox 844 4504 875 4561; x_wconf 88' lang='grc' dir='ltr'><strong>Ρ.</strong></span> 
     </span>
    </p>
   </div>
   <div class='ocr_carea' id='block_1_5' title="bbox 0 0 1542 5140">
    <p class='ocr_par' dir='ltr' id='par_1_11' title="bbox 0 0 1542 5140">
     <span class='ocr_line' id='line_1_36' title="bbox 0 0 1542 5140; baseline 0 1"><span class='ocrx_word' id='word_1_232' title='bbox 0 0 1542 5140; x_wconf 95' lang='lat' dir='ltr'><strong> </strong></span> 
     </span>
    </p>
   </div>
  </div>
 </body>
</html>
