3012 5084
432 973 661 1075 PRAEF
669 971 880 1074 AT10.

521 1302 797 1344 ..4-

15 1631 18 1682 ,
109 1535 176 1649 ΙΝ
202 1578 274 1650 hac
303 1578 623 1676 grammaticorum
652 1575 866 1649 Latinorum
895 1575 957 1674 qui
987 1601 1061 1649 rem
1091 1578 1212 1650 metri·

106 1717 180 1765 oum
211 1707 420 1766 tractarunt
449 1690 607 1764 editione
637 1689 842 1764 adornanda
876 1715 951 1763 nou
986 1689 1083 1763 aliud
1120 1691 1209 1763 mihi

106 1807 295 1879 consilium
316 1807 387 1880 fuit
404 1832 515 1903 quam
534 1819 576 1878 ut
593 1819 802 1878 oontextum
827 1829 964 1890 eorum,
981 1830 1211 1902 quacumque

107 1919 148 1992 de
173 1949 286 1994 causa
315 1921 412 1993 vitiis
439 1921 576 2018 ubique
603 1934 814 2008 scatentem,
843 1920 1057 1993 lectionibus
1083 1947 1212 1994 manu-

107 2037 324 2136 scriptorum
352 2035 533 2124 codicum,
555 2061 645 2132 quas
675 2049 807 2133 praesto
836 2035 1027 2120 habebam,
1054 2035 1211 2132 adjutus,

107 2153 223 2246 paullo
242 2150 543 2242 emendatiorem,
559 2175 668 2247 quam
687 2164 792 2224 antea
809 2149 1002 2234 serebatur,
1019 2149 1209 2224 efficerem.

108 2263 242 2338 Eorum
262 2265 433 2338 codicum
461 2265 631 2360 indicem,
651 2291 722 2338 una
749 2291 833 2338 curn
861 2263 991 2338 notitia
1008 2263 1207 2338 editionum

108 2393 280 2468 veterum,
299 2406 386 2478 quas
405 2379 582 2467 consului,
604 2379 725 2452 statim
745 2380 945 2476 subjiciam,
963 2381 1061 2480 prius
1086 2393 1209 2454 tamen

110 2494 244 2568 monito
270 2495 419 2582 lectore,
444 2495 647 2592 interpretis
675 2521 733 2566 me
755 2493 913 2568 officium
938 2521 1010 2566 non
1039 2495 1212 2592 attigisse,

109 2608 329 2702 conjecturas
344 2621 465 2680 autem
486 2609 559 2682 sive
573 2609 722 2681 aliorum
743 2609 816 2681 sive
829 2635 928 2681 meas
953 2633 1095 2704 perraro
1112 2635 1213 2680 com·

111 2748 337 2795 memorasse.
389 2721 549 2795 Minime
574 2737 695 2796 autem
724 2751 783 2796 me
809 2723 904 2818 fugit
931 2721 997 2792 hos
1023 2723 1211 2819 scriptores

111 2838 227 2910 multis
255 2840 295 2910 in
318 2837 407 2908 iocis
432 2851 558 2909 mutua
579 2839 770 2910 collatione
794 2837 927 2908 rectius
951 2861 1055 2934 posse
1081 2837 1213 2908 consti·

112 2949 181 3020 tui:
206 2975 297 3022 nam
316 2975 411 3048 saepe
428 2949 569 3038 accidit,
585 2965 638 3039 ut,
652 2951 740 3023 dum
760 2951 849 3022 aiter
867 2949 1020 3021 alterum
1035 2945 1212 3023 describat

113 3075 170 3134 aut
200 3065 389 3162 compilet,
423 3065 460 3136 in
496 3065 564 3138 hoc
598 3065 773 3137 sinceram
809 3063 964 3162 reperias
999 3062 1208 3161 scripturam

112 3203 214 3274 quam
256 3179 293 3250 in
331 3179 392 3250 iiio
427 3179 585 3277 corrupit
617 3178 750 3251 librarii
787 3178 988 3252 oscitantia.
1039 3177 1210 3277 Exempli

111 3295 240 3390 gratia:
268 3294 370 3366 Atilii
399 3293 647 3366 Fortunatiani
679 3319 753 3364 non
785 3291 896 3366 modo
925 3293 1120 3366 sententias
1150 3293 1211 3365 sed

111 3407 181 3506 ipsa
199 3409 312 3482 etiam
331 3409 439 3480 verba
466 3408 561 3481 haud
588 3435 667 3480 raro
685 3421 873 3480 mutuatur
898 3407 1039 3480 Marius
1055 3407 1211 3480 Victori·

110 3549 193 3608 nus;
218 3525 346 3612 veluti,
364 3511 445 3621 quae
463 3523 574 3596 habet
589 3523 723 3596 Atilius
740 3551 777 3622 p.
791 3523 822 3596 I.
841 3549 872 3596 c.
888 3538 919 3596 l.
937 3524 1062 3596 eadem
1083 3549 1213 3622 prope-

111 3639 258 3712 modum
277 3639 340 3710 dat
356 3637 563 3711 Victorinus
582 3639 644 3710 lib.
665 3638 715 3710 ΙΙ.
734 3665 765 3711 c.
786 3653 821 3726 8,
843 3649 912 3727 17,
929 3637 991 3710 ubi
1013 3665 1077 3737 pro
1090 3645 1213 3734 posset

109 3765 142 3824 et
169 3752 301 3826 melior
329 3779 375 3824 ex
404 3752 517 3824 Atilio
547 3752 792 3852 reponendum
823 3761 948 3848 potest
978 3765 1015 3824 et
1043 3749 1211 3826 molliore

109 3883 229 3942 contra
248 3893 295 3940 ex
314 3868 500 3941 Victorino
517 3895 583 3968 pro
601 3879 637 3941 et
654 3870 722 3942 duo
740 3869 849 3942 dubet
869 3869 905 3941 in
924 3869 1039 3941 Atilio
1056 3870 1211 3966 refingas

108 3992 146 4054 ut
162 3984 235 4056 duo
255 3981 398 4056 habeat.
450 3983 495 4055 In
514 3982 639 4054 eodem
654 3967 755 4055 Atilii
775 3983 856 4055 ioco
874 3983 903 4054 is
922 3983 983 4080 qui
1003 3983 1140 4081 primus
1160 3981 1212 4054 af·

108 4093 216 4168 fertur
233 4109 352 4195 poetoe
369 4095 564 4168 versiculus
581 4111 738 4170 correcte
756 4097 922 4170 citatura
938 4095 1120 4172 Diomede
1137 4095 1211 4170 ΙΙΙ.

108 4221 246 4299 34,31.
299 4209 373 4282 Sed
391 4211 468 4282 hoec
486 4211 627 4308 longius
645 4211 810 4310 persequi
831 4213 925 4284 nolo.
975 4211 1124 4308 Pergam
1146 4236 1212 4308 po-

109 4327 178 4398 tius
204 4325 251 4398 ad
271 4325 591 4398 commemoranda
608 4325 767 4398 subsidia
784 4327 916 4424 quibus
943 4325 981 4398 in
1012 4325 1082 4398 hoe
1103 4351 1212 4424 opere

111 4439 359 4515 concinnando
375 4439 481 4514 nobis
497 4439 566 4514 frui
583 4439 748 4538 contigit.

629 4579 654 4628 Δ
673 4568 695 4626 2
