3100 5142
251 405 326 466 324
602 387 717 460 Atilii
734 387 992 462 Fortunatiani
1230 411 1316 460 aaa.
1329 411 1356 460 ι.

254 573 364 674 Apud
382 571 644 646 Archilochum
664 573 747 662 tale,

386 689 483 763 eren
498 709 562 752 non
577 689 714 753 rationis
728 697 869 775 egentem
885 690 961 752 vicit
974 687 1203 754 uArclsimedea.

255 799 306 873 Et
322 799 467 872 tertium
487 825 612 898 genus,

386 915 536 979 Considio
548 913 696 1002 producit
710 935 781 978 mun
795 935 856 1001 quo
871 916 914 978 sit
927 915 1151 1001 impudentior.

255 1025 366 1126 Apud
399 1039 538 1098 nostros
573 1037 695 1098 autem
730 1026 767 1100 in
806 1027 938 1100 tabulis
978 1027 1147 1124 antiquis,
1175 1053 1263 1125 quas
1293 1028 1359 1098 tri·

255 1142 465 1242 umphaturi
480 1141 590 1216 duces
607 1143 645 1216 in
659 1142 840 1242 Capitolio
854 1143 1025 1242 figebant,
1038 1143 1265 1242 victoriaeque
1283 1169 1357 1215 sure

255 1257 402 1330 titulum
431 1257 607 1330 Setumiis
634 1259 793 1331 versibus
821 1260 1141 1358 prosequebantur,
1166 1259 1251 1333 talia
1278 1286 1358 1358 rep-

229 1373 332 1474 ,peri
350 1374 529 1472 exempla.
581 1373 639 1446 Ex
658 1371 812 1473 rRegilli
831 1375 965 1465 tabula,

386 1489 502 1554 Duello
516 1509 635 1577 magno
648 1489 836 1568 dirimendo,
851 1491 984 1577 regitino
997 1491 1192 1578 aubigmdis.

258 1602 331 1686 Qui
350 1615 405 1676 est
423 1601 619 1674 subsimilis
637 1601 669 1674 ei
689 1627 799 1699 quem
819 1603 927 1700 paulo
945 1603 1162 1703 anteposui,

390 1719 540 1782 Consulto
548 1717 701 1805 producit
714 1739 785 1782 eum
799 1741 860 1806 quo
873 1721 917 1784 eit
932 1717 1155 1806 impudentior.

260 1831 305 1902 ln
323 1828 470 1902 ⁸Accilii
490 1828 698 1902 Glabrionis
716 1829 851 1918 tabula,

386 1944 512 2008 Fundit
512 1945 624 2032 Μαι
632 1947 810 2033 partemii
825 1947 982 2008 mocimus
995 1943 1146 2030 legiones.

258 2039 557 2155 Apud'Naevium
576 2071 719 2156 poetam
740 2057 806 2130 hos
823 2057 962 2157 repperi
980 2055 1138 2144 idoneos,

390 2171 515 2235 Ferunt
530 2171 692 2258 tpulcinos
701 2182 836 2259 poterae
849 2193 966 2236 aureos
980 2171 1118 2258 lepistos.

258 2283 311 2358 Et
328 2283 398 2356 alio
416 2283 508 2373 loco,

390 2399 532 2466 uNovem
547 2401 640 2466 Joois
653 2399 818 2465 concordes
819 2399 907 2484 filice
920 2420 1051 2464 sorores.

262 2509 333 2584 Sed
351 2537 397 2584 ex
413 2510 583 2584 omnibus
602 2511 689 2597 istis,
704 2509 766 2608 qui
785 2521 868 2584 sunt
886 2509 1082 2611 asperrimi,
1098 2521 1136 2584 et
1152 2508 1196 2583 ad
1213 2507 1364 2584 demon-

262 2627 448 2700 strandum
485 2627 635 2700 minime
666 2625 941 2714 accommodati,
970 2626 1130 2726 optimus
1163 2639 1219 2700 est
1252 2651 1360 2725 quem

264 2742 405 2814 Metelli
425 2755 688 2842 proposuerunt
705 2740 750 2814 de
767 2741 909 2830 Naevio,
926 2742 1145 2840 'aliquoties
1162 2743 1209 2815 ab
1226 2768 1270 2814 eo
1288 2767 1365 2816 ver·

265 2885 306 2932 su
325 2858 491 2946 lacessiti,
1114 2879 1116 2884 ’

393 2972 538 3040 ¹Mnlnm
552 2976 672 3040 dabam
687 2974 809 3038 Metelli
823 2975 940 3039 Neruio
948 2983 1060 3061 poetae.

236 3085 342 3164 4Hic
363 3085 460 3160 enim
487 3085 676 3160 Saturnius
702 3097 844 3158 constat
871 3111 916 3158 ex
937 3085 1182 3185 Hipponactei
1201 3079 1364 3180 quadrati

265 3204 411 3278 iambici
430 3203 626 3304 posteriore
644 3214 837 3292 commate,
854 3215 891 3274 et
908 3201 1091 3300 i'phallico
1108 3211 1234 3274 metro.
1270 3197 1366 3296 Hip-

267 3321 433 3420 ponactei
451 3319 616 3418 quadrati
635 3318 867 3418 exemplum:
914 3381 918 3388 .

268 3547 307 3620 N
399 3461 484 3533 Quid
497 3461 731 3526 immerentibus
745 3462 862 3524 noceat
884 3458 962 3546 quid
974 3457 1098 3522 invides
1112 3458 1248 3522 omicisl

309 3571 366 3618 am

370 3601 380 3634 l
397 3659 525 3722 Malum
539 3659 659 3724 datum
674 3659 807 3734 Metelli,

270 3796 388 3870 simile
403 3807 458 3868 est
474 3794 547 3867 illi:

401 3911 487 3986 Quid
501 3909 624 3973 invides
638 3912 776 3976 mnicisl

312 4115 531 4189 uArcliimenes]
550 4115 725 4172 Archimedes
740 4113 774 4169 V.
879 4126 891 4160 r
907 4115 1011 4188 Rupili]
1031 4116 1134 4190 Regilli
1149 4115 1185 4172 V.
1289 4115 1369 4170 ⁸Ac·

273 4197 341 4270 cilii]
360 4196 461 4253 Achilli
475 4195 512 4255 V.
535 4194 639 4254 detrito
654 4195 681 4253 lt.
722 4193 794 4251 Mox
817 4207 929 4253 mutato
943 4213 984 4252 vv.
999 4195 1098 4253 ordine
1120 4199 1228 4253 navium
1250 4202 1369 4270 potitam.

272 4276 427 4350 tpntciras
437 4296 466 4352 p.
481 4295 581 4335 oureus
596 4275 713 4352 lmidae]
729 4275 860 4349 pulchros
871 4295 899 4350 p.
914 4295 1000 4334 meas
1013 4278 1123 4352 lepistos
1138 4277 1173 4333 V.
1216 4274 1281 4333 Vid.
1297 4275 1368 4332 San·

273 4355 782 4434 leuiusadTerent.Msur.p.355.
875 4357 1023 4430 itionem]
1040 4377 1137 4414 navem
1152 4357 1187 4414 V.
1280 4357 1371 4412 vatt-

200 4499 204 4508 ,
273 4438 390 4512 quoties]
407 4439 569 4514 aliquotiens
583 4439 620 4498 V.
714 4446 731 4479 ¹
745 4436 868 4510 Malum]
885 4438 971 4494 Malis
984 4435 1021 4494 V.
1113 4448 1128 4492 t
1139 4437 1279 4512 pialtico]
1294 4435 1369 4514 vulg.
