3076 5140
144 383 226 438 ese.
246 379 276 438 1.
293 367 357 440 De
374 367 546 442 connais
561 367 660 440 inter
675 391 715 440 se
731 377 841 467 alque
858 371 1064 446 irseonnexis
1081 371 1143 470 ⁸5⁰·
1170 387 1239 449 211

140 548 252 624 deum
270 557 307 624 el
323 550 523 650 dactylum,
536 552 770 649 sequentibus
788 553 901 628 tribus
919 553 1097 648 trocheis,
1111 559 1243 658 quibus

17 774 18 789 χ
144 665 463 768 hendecasyllabus
481 669 672 759 clauditur,
689 672 731 744 fit
749 695 870 744 versus
887 671 1069 764 Sotadius,
1086 673 1148 765 ita,

248 787 404 861 Carmen
422 786 548 886 lepide
564 787 738 862 Pierides
754 787 894 862 mmm
908 813 1063 864 sorores.

143 897 252 988 Item,

244 1013 421 1092 ‘Centum
437 1019 527 1092 Pan
543 1044 615 1118 age
631 1044 776 1093 cannen
795 1020 860 1093 ede
876 1042 1003 1094 cenna.

144 1155 271 1229 lnsero
303 1155 463 1257 spondeo
491 1173 529 1233 et
555 1157 699 1260 dactylo
727 1159 887 1232 medium
916 1173 1154 1260 anapaestum,
1182 1161 1290 1260 quis,

144 1287 199 1346 est
217 1273 352 1363 docilis,
370 1275 432 1347 fiet
450 1273 650 1363 soladium,
669 1273 730 1364 sic,

250 1407 369 1479 Contu
387 1405 514 1480 docilis
531 1405 616 1480 Pon
634 1432 704 1508 nge
721 1433 870 1482 carmen
888 1407 952 1482 ede
970 1431 1097 1480 canno.

195 1539 325 1610 Sextus
343 1538 469 1612 eadem
489 1539 663 1613 divisione
682 1539 1004 1640 hendecasyllabum
1020 1539 1087 1612 erit
1105 1539 1198 1624 talis,
1259 1571 1291 1622 ⁹0

245 1653 448 1728 ‘Jove-nm
464 1665 605 1754 segetes
622 1682 740 1730 meum
758 1655 929 1730 laborem.

150 1767 254 1850 Quali
272 1786 371 1842 tome
386 1771 433 1842 sit
444 1770 511 1844 iste
525 1771 747 1871 compositus
761 1773 926 1872 explebo.
956 1769 1053 1844 Nem
1061 1769 1247 1870 juverunt

151 1899 256 1984 caput
272 1901 326 1958 est
344 1885 548 1986 incipientis
575 1887 786 1974 hexametri,
805 1887 952 1986 adjectis
975 1888 1072 1961 enim
1101 1887 1248 1986 reliquis

150 2000 297 2096 pedibus
315 2029 436 2076 versus
453 2004 705 2104 complebitur,
722 2003 783 2096 itu,

244 2117 433 2192 deserunt
450 2129 605 2194 mentem
621 2146 748 2195 nerem
764 2131 800 2195 et
818 2123 979 2196 carmine
995 2120 1105 2196 dulei.
1260 2153 1288 2204 91

152 2231 200 2304 At
214 2231 249 2306 id
266 2232 363 2330 quod
383 2233 497 2308 versui
516 2247 688 2335 superest,

345 2347 508 2450 ‘Segetes
524 2377 643 2424 meum
661 2351 835 2442 laborem

154 2477 302 2538 metrum
340 2465 408 2540 erit
432 2466 712 2558 Anacreontion,
746 2465 924 2565 siquidem
956 2492 1000 2538 eo
1034 2461 1247 2562 frequentis-

153 2577 237 2652 sime
254 2607 340 2654 usus
359 2581 416 2672 sit,
434 2581 546 2656 sedet
564 2583 659 2684 opud
674 2610 738 2658 nos
755 2595 770 2644 ὅ
776 2583 948 2684 plerique,
965 2581 1057 2656 inter
1074 2606 1166 2678 quos
1179 2579 1248 2652 Ar-

152 2694 238 2770 biter
254 2695 445 2795 Satyricon
463 2697 525 2786 its,

350 2811 507 2910 Triplici
523 2813 622 2888 vides
638 2825 681 2888 ut
697 2825 782 2890 ortu

353 2927 487 3002 Trivim
502 2939 648 3004 rotetur
664 2931 775 3030 ignis,

249 3027 257 3048 ⁶
350 3041 754 3146 VolumqoePloebm
771 3071 840 3118 nee

344 3159 532 3255 Rapidum
545 3169 714 3258 pererret
730 3160 873 3236 orbem:

148 3298 242 3398 quod
261 3297 437 3388 hconstet,
454 3299 547 3373 sicut
564 3301 727 3400 plerique
745 3311 918 3388 esserunt,
934 3322 979 3370 ex
1002 3295 1121 3369 ionico
1138 3321 1247 3393 quem

10 3467 11 3476 η
146 3413 203 3489 ἀπὸ
218 3413 354 3512 μείζονος
369 3429 509 3489 vocant.
560 3415 658 3488 Nam
677 3417 706 3488 si
725 3416 853 3503 versui,
870 3441 978 3512 quem
998 3439 1104 3513 supro
1122 3411 1238 3512 posui,
1258 3447 1290 3498 ῳ

349 3531 501 3629 Segetes
517 3557 635 3606 meum
653 3531 821 3622 laborem,

9 3735 10 3738 Ἴ
146 3674 211 3747 pro
227 3646 345 3747 prima
362 3659 463 3746 purte
479 3647 557 3743 ejus
575 3673 685 3745 quam
702 3645 838 3720 detruxi
854 3645 1047 3746 juverunt,
1065 3669 1245 3743 opponam

146 3763 347 3835 clausulam
374 3762 581 3859 hujusmodi
609 3789 760 3863 equom
784 3761 1007 3850 relevarunt,
1033 3761 1096 3834 fiet
1125 3783 1246 3834 versus

146 3875 287 3951 lonicus
304 3874 364 3948 rimi
380 3877 521 3970 μείζονος,
539 3877 600 3966 its,

249 4017 286 4091 0
302 4043 413 4118 quam
428 4018 640 4102 relevarunt
654 4029 794 4119 segetes
811 4043 927 4092 meum
945 4014 1115 4090 laborem.

10 4319 11 4324 κ
184 4281 200 4325 ‘¹
215 4284 450 4360 Centum—ede]
467 4285 673 4344 Canto—adde
687 4287 720 4344 Ρ,
735 4296 767 4342 ut
782 4303 856 4343 mon.
996 4279 1141 4354 ⁰Jurere]
1158 4279 1248 4336 Juve-

9 4357 11 4411 Ϊ
148 4365 257 4422 runtP.
341 4359 490 4444 loegum]
507 4367 593 4446 Seges
609 4365 642 4423 P.
725 4363 898 4445 eplerique]
915 4359 1021 4440 relique
1037 4359 1068 4419 Ρ.
1150 4358 1248 4417 hcon·

148 4496 216 4568 stat]
234 4453 348 4551 constit
364 4495 394 4553 P.

648 4613 670 4660 Ε
688 4616 708 4660 e
727 4605 748 4660 2
