3100 5142
638 382 756 458 Atilii
773 381 1043 456 Fortunatiani
1262 405 1355 453 ran.
1375 403 1413 452 n.

483 627 586 710 Car.
606 625 706 708 VII.
764 629 829 710 De
847 629 929 710 eolo
947 643 986 710 et
1004 639 1212 708 eomnwte.

339 788 455 862 Colon
481 801 643 888 estpars
671 787 745 862 sive
772 801 891 887 partes
918 813 1039 862 versus
1066 786 1220 886 integris
1252 783 1419 884 pedibus

291 905 462 1004 impletae,
479 916 521 976 ut

549 1017 893 1103 Dq‘eciaacvidetauo.

293 1129 418 1202 Habet
435 1129 532 1224 enim
551 1141 622 1200 tres
640 1127 750 1228 pedes
767 1127 965 1228 'integros
999 1125 1154 1199 Comma
1172 1154 1267 1228 pars
1289 1151 1421 1200 versus

292 1245 365 1318 sive
383 1259 500 1344 partes
519 1241 752 1344 imperfectae,
768 1259 821 1332 ut,

550 1360 932 1446 Annavimmqnecano.

294 1475 419 1548 Habet
437 1475 535 1548 enim
553 1473 644 1548 duos
662 1473 820 1572 integros
837 1473 947 1574 pedes
965 1487 1001 1546 et
1017 1472 1223 1546 dimidium.
1277 1473 1338 1548 Et
1355 1499 1418 1545 co-

291 1591 351 1664 lon
369 1591 510 1664 dictum
527 1589 628 1690 quasi
647 1618 667 1664 a
685 1615 833 1690 corpore
860 1590 1057 1664 abscissum
1076 1591 1264 1688 integrum
1289 1616 1418 1662 mem·

291 1709 417 1780 brum:
443 1733 588 1781 comma
605 1733 689 1780 vero
705 1707 807 1806 quasi
834 1721 960 1782 trunca
982 1733 1064 1808 pars
1091 1708 1247 1780 membri
1281 1735 1307 1779 a
1334 1730 1417 1778 cor-

291 1849 378 1922 pore
396 1837 594 1921 amputata.

264 1959 278 1994 ²
342 1937 452 2010 Nune
483 1937 602 2010 dicere
636 1937 849 2040 ²¹aggredior
871 1951 986 2012 metra
1014 1937 1237 2039 principalia,
1266 1965 1363 2038 quse
1392 1963 1413 2009 a

292 2055 428 2128 Graecis
445 2067 639 2154 prototypa
656 2069 692 2128 et
711 2055 913 2156 archegona
930 2053 1110 2130 dicuntur.
1149 2055 1281 2130 Cetera
1303 2053 1409 2146 enirn

291 2195 335 2244 ex
355 2169 411 2242 his
428 2182 535 2242 'nata
553 2183 649 2260 sunt,
666 2195 748 2267 quae
773 2172 940 2244 mutilata
962 2199 1027 2272 per
1042 2171 1141 2245 'cola
1157 2187 1194 2244 et
1211 2183 1411 2245 commata

293 2301 354 2360 aut
371 2287 553 2386 ‘partibus
567 2285 839 2386 adglutinantur
856 2289 936 2375 sibi,
954 2303 1016 2366 aut
1032 2289 1107 2362 sola
1124 2303 1328 2388 ponuntur.
1356 2286 1410 2359 Et

292 2417 445 2477 sumunt
462 2403 515 2476 vel
541 2431 561 2476 a
587 2403 739 2501 pedibus
759 2403 906 2476 nomina
923 2429 968 2475 ex
986 2405 1118 2502 quibua
1135 2417 1320 2494 oonstant,
1341 2402 1409 2474 but

292 2519 470 2620 dactylica
495 2531 532 2590 et
558 2519 791 2616 anapaestica:
818 2519 876 2592 vel
902 2520 947 2590 ab
966 2519 1222 2604 inventoribus,
1238 2533 1279 2592 ut
1306 2520 1407 2593 Pha-

293 2637 391 2710 laecia
418 2635 473 2709 vel
500 2634 707 2708 cSotadica:
735 2637 792 2708 vel
820 2635 866 2706 ab
894 2632 948 2705 his
975 2633 1037 2731 qui
1068 2661 1110 2706 ea
1136 2635 1297 2708 maxime
1329 2637 1404 2708 fre·

292 2764 522 2848 queuntium,
548 2763 590 2823 ut
614 2748 894 2850 “Aristophania
922 2761 958 2819 et
983 2747 1230 2849 Asclepiadis:
1256 2765 1320 2824 aut
1355 2750 1404 2822 ab

294 2893 374 2954 usu,
393 2881 433 2939 ut
450 2865 642 2965 ⁰l’riapea:
669 2879 730 2938 aut
748 2891 768 2937 a
786 2890 936 2938 numero
953 2863 1185 2964 syllabarum,
1202 2879 1243 2938 ut
1261 2865 1403 2940 hende-

293 2982 495 3082 casyllabo:
519 2995 580 3053 aut
592 3009 612 3054 a
626 3007 778 3054 numero
788 2979 937 3079 pedum,
948 2993 988 3053 ut
1001 3005 1123 3053 versus
1137 2981 1294 3054 senarios
1307 2981 1403 3056 dici-

295 3123 397 3172 mus:
422 3096 499 3170 ‘aut
513 3123 533 3170 a
548 3087 699 3172 numero
716 3096 959 3196 syzygiarum,
979 3109 1019 3170 ut
1035 3097 1215 3170 trimetros
1232 3111 1270 3170 et
1286 3112 1400 3171 tetra-

296 3227 427 3286 metros
445 3211 621 3286 dicimus:
648 3227 711 3286 aut
735 3239 757 3283 a
781 3213 1019 3312 passionibus,
1038 3227 1078 3286 ut
1095 3214 1236 3288 coluros
1262 3229 1298 3288 et
1320 3243 1401 3290 sea-

296 3343 441 3402 zontas:
464 3343 526 3402 aut
544 3343 752 3430 atempore,
765 3317 805 3402 ut
823 3330 1022 3418 Saturnios,
1038 3341 1057 3390 ⁸
1061 3327 1158 3427 quod
1170 3355 1214 3402 eo
1232 3347 1398 3431 tempore

297 3443 452 3540 primum
490 3443 525 3514 in
565 3443 669 3517 ltalia
703 3445 863 3544 usurpati
895 3461 979 3519 sunt
1005 3474 1078 3545 quo
1108 3423 1275 3521 datumia
1311 3451 1396 3522 urbs

266 3587 280 3634 3
295 3571 380 3629 erat.
432 3556 549 3654 Igitur
571 3558 757 3655 originalia
775 3577 859 3634 sunt
878 3577 917 3634 ut
933 3561 1008 3635 dixi
1036 3590 1186 3636 numero
1203 3579 1297 3654 octo,
1314 3592 1397 3664 quae

295 3671 417 3744 omnia
435 3671 580 3770 proprio
598 3699 663 3745 suo
680 3675 772 3771 pede
790 3677 1002 3766 consistunt,
1016 3671 1277 3753 unde'nomina
1295 3707 1396 3754 acoe-

335 3967 358 4000 θ
370 3959 484 4036 similet]
501 3959 622 4031 integros
634 3957 671 4014 V.
774 3967 790 4000 ¹
802 3962 964 4036 aggredior]
980 3963 1128 4036 aggredior
1141 3963 1177 4019 V.
1286 3967 1392 4040 ranna]

295 4047 363 4094 nato
376 4047 441 4096 runt
455 4037 490 4095 V.
635 4045 649 4079 ¹
663 4039 749 4114 colos]
767 4043 828 4097 oola
845 4041 878 4096 V.
1015 4044 1156 4118 ⁸poribas
1168 4044 1391 4118 agglutinantur]

294 4119 419 4192 partibas
432 4119 644 4191 adglutinantur
658 4119 695 4178 V.
835 4117 852 4164 b
866 4129 897 4177 ut
910 4123 1047 4196 dactylica
1061 4123 1241 4198 anapaestico]
1258 4133 1286 4180 et
1299 4127 1396 4199 dacty-

296 4200 351 4254 tton
365 4205 393 4252 et
407 4199 572 4272 ampaeetna
588 4200 623 4257 V.
745 4201 919 4274 cSotadiea]
934 4205 978 4260 vel
992 4205 1124 4262 Sotadica
1138 4203 1173 4261 V.
1298 4201 1315 4247 (ἲ
1329 4209 1394 4263 Art·

294 4277 439 4352 stoplaonia
449 4280 638 4356 Asclepiadis]
656 4283 814 4356 Aristophia
829 4292 857 4340 et
872 4285 1047 4358 Asclepiadla
1063 4285 1097 4343 V.
1220 4294 1234 4326 e
1249 4285 1393 4361 Priapeia]

296 4359 419 4432 Priapeia
434 4358 468 4414 V.
570 4360 643 4418 ‘aar
656 4381 691 4419 ne
703 4367 877 4437 syzygiurnm
891 4372 940 4419 ant
955 4367 1092 4422 trimetros
1104 4374 1155 4422 aut
1169 4373 1342 4422 tetrametaos
1354 4369 1394 4422 di-

295 4441 380 4496 rinaa
390 4439 427 4496 V.
558 4451 575 4496 ε
589 4445 661 4515 qaod
674 4462 706 4499 eo
720 4451 839 4516 tempore
852 4447 880 4499 a'n
897 4445 995 4518 ltalia]
1012 4449 1085 4519 quod
1098 4449 1190 4504 eodem
1204 4456 1325 4521 tempore
1334 4450 1394 4522 pri·

295 4539 367 4578 naum
383 4521 509 4595 initalia
526 4525 651 4594 usurpati
664 4530 727 4578 aunt
741 4523 777 4581 V.
