3082 5140
269 419 343 482 ³⁶4
617 407 735 482 Atilii
751 407 1010 485 Fortunatiuai
1060 413 1063 422 '
1228 437 1316 488 aaa.
1331 439 1378 488 n.

272 591 403 680 lecton,
420 589 523 686 cujus
550 591 789 690 penultimam
815 593 992 670 affectavit
1017 597 1206 696 prolonga
1224 599 1378 672 brevem

273 707 401 796 facere,
419 705 523 802 cujus
541 705 714 804 ingressio
730 707 812 780 talis
830 721 895 796 est,

401 821 562 886 Moecmua
575 823 682 886 arnob
695 821 776 886 ediec
789 825 943 910 regibus..

271 931 522 1005 Tetrametron
539 930 626 1005 fecit
642 932 719 1029 ejus
737 934 887 1031 generm

406 1047 1259 1138 Tuncquaeas‘rriarcirenqbsqummihe'quemcih’.

273 1155 433 1238 Quidam
471 1157 597 1230 volunt
631 1155 778 1252 adjectis
812 1157 965 1246 duobus,
996 1159 1156 1259 spondeo
1180 1163 1223 1235 ad
1250 1179 1381 1263 caput,

272 1271 484 1370 pyrrhichio
503 1271 546 1344 ad
565 1273 689 1356 finem,
707 1272 743 1344 in
764 1271 884 1346 medio
900 1263 1381 1352 dimetron'choriambioon

273 1387 447 1474 clausum,
465 1401 507 1462 ut
523 1387 697 1486 ingressio
715 1387 808 1474 talia,

445 1504 606 1570 Maecenas
619 1505 725 1568 atavia
738 1503 820 1568 edite
833 1505 974 1592 regibus.

230 1635 260 1684 1³
272 1612 371 1688 Nam
398 1615 426 1690 si
445 1617 537 1690 solas
555 1615 643 1690 duas
668 1617 884 1715 pronuncies
903 1615 1188 1692 choriambicum
1210 1632 1380 1694 ‘’souaut.

272 1729 363 1824 Ejus
381 1731 520 1827 generis
538 1731 726 1806 trimetron
743 1729 830 1804 fecit
848 1730 911 1820 ric,

364 1845 418 1908 Tu
431 1866 472 1908 nc
485 1847 651 1931 quaesieris
665 1847 747 1910 aca'rr
760 1847 852 1930 nasos
866 1867 956 1932 quem
970 1847 1047 1910 mibi
1061 1868 1151 1934 praem
1165 1849 1234 1914 nbi.

274 1951 442 2050 Denique
461 1954 488 2025 si
508 1955 652 2028 tertium
673 1955 926 2028 choriambum
945 1955 1060 2045 tollas,
1072 1971 1233 2030 remanet
1244 1959 1384 2034 Accio-

273 2068 433 2168 piadeus‚
452 2081 504 2157 ut,

450 2184 504 2248 Tu
518 2205 558 2247 ne
572 2185 734 2270 puaesiera's
749 2185 850 2248 ascire
864 2185 956 2270 nesus
971 2186 1039 2250 tibi.

272 2293 345 2366 Alii
363 2292 409 2366 de
427 2293 636 2366 hexametro
653 2294 782 2366 volunt
798 2306 952 2367 tantum.
1004 2294 1102 2368 Nam
1121 2294 1149 2366 si
1167 2295 1273 2368 tertio
1290 2297 1382 2372 loco

273 2408 440 2507 ‘ladjicias
469 2408 597 2492 Pater,
623 2407 752 2504 quinto
780 2409 956 2507 Regibus,
982 2409 1230 2482 hexametrum
1263 2411 1382 2487 facies

273 2551 301 2598 ar

305 2553 336 2612 c,
444 2623 607 2686 Maecenas
619 2623 725 2686 atavia
735 2631 831 2708 puter
845 2622 925 2686 edite
939 2623 1071 2709 regibus
1084 2623 1168 2686 alsia.

230 2817 260 2864 ¹4
338 2795 381 2878 [1.
400 2793 446 2877 2.]
470 2794 547 2856 lum
561 2793 641 2856 rutis
656 2793 751 2856 terris
766 2793 854 2856 nivis
867 2799 960 2878 utpute
973 2791 1054 2858 dirae

446 2894 625 2958 Grandinia
640 2894 727 2956 misit
738 2901 842 2980 pater,
857 2902 887 2958 et
899 2894 1027 2958 fluente

436 2997 579 3060 Dextera
593 2995 876 3080 aumaajuculotus
891 2992 980 3058 arcer

579 3099 714 3162 Terruit
727 3097 845 3160 urbem.

273 3223 355 3296 Hos
382 3223 700 3322 hendecasyllabos
726 3220 784 3293 alii
803 3219 981 3310 Alcaicos‚
999 3219 1058 3292 alii
1083 3219 1284 3320 Sapphicos
1307 3247 1381 3296 vo-

229 3375 257 3424 15
272 3353 366 3412 cant.
419 3340 539 3412 Prima
565 3339 602 3411 in
629 3337 685 3409 hia
704 3362 837 3409 caesura
862 3333 1041 3407 trochaica
1067 3349 1132 3421 est,
1150 3361 1231 3408 nam
1260 3337 1381 3410 habet

271 3453 450 3527 dimetron
469 3453 825 3550 brachycatalectom
850 3476 1002 3548 sequens
1026 3449 1180 3524 iarnbica
1199 3452 1376 3549 [fhabet]

271 3567 448 3640 dimetron
469 3567 795 3666 hypercatalecton,
812 3583 849 3642 et
867 3565 1091 3666 ingredimur
1107 3566 1172 3656 sic,

432 3683 508 3744 Jam
523 3682 603 3744 satia
617 3683 713 3744 terris
728 3683 825 3768 nilvia
839 3691 933 3769 atqrae
946 3681 1035 3744 dira.

270 3803 343 3877 Aiii
369 3801 508 3874 faciunt
529 3799 683 3898 primam
711 3800 899 3900 syzygiam
917 3798 1148 3886 trochaicam,
1167 3798 1292 3894 inqua
1313 3823 1373 3872 se-

270 3919 389 3993 cunda
414 3943 495 4016 pars
523 3913 716 4012 aliquando
743 3929 781 3987 et
808 3913 1011 4012 spondeum
1038 3913 1158 4002 hahet,
1175 3911 1375 3987 secundam

271 4032 565 4115 choriambicam,
583 4030 687 4103 tertia
706 4029 897 4103 bacchium
917 4030 1037 4102 habet.
1079 4027 1264 4132 Dividitur
1280 4029 1346 4118 sic,

431 4149 508 4212 Jum
522 4149 602 4212 ratis
617 4149 724 4238 teriria
740 4149 826 4212 ninia
839 4140 943 4231 atiqsre
956 4144 1046 4208 diro.

311 4367 326 4400 ⁰
346 4359 580 4433 sonunt-tollas]
598 4377 655 4415 orn.
671 4357 708 4413 V.
723 4355 825 4413 lacuna
840 4354 869 4412 in
884 4353 964 4412 Med.
980 4365 1046 4430 post
1055 4355 1228 4427 pronum.
1269 4353 1370 4426 Perse]

269 4441 338 4495 scire
352 4440 386 4494 V.
478 4438 634 4511 caprena]
650 4439 736 4494 udicis
751 4437 786 4493 V.
880 4435 1061 4492 raaberom.
1078 4432 1113 4488 V.
1128 4431 1371 4506 etinfragrondi-

269 4521 311 4576 nir
321 4527 404 4595 puter
418 4537 474 4576 orn.
491 4533 555 4595 post
569 4520 644 4574 diroe.
