3076 5140
286 415 354 490 16s
671 412 789 488 Marii
810 389 993 486 Wctoidni
1234 437 1308 486 nra.
1324 437 1382 486 111.
1443 405 1451 422 '

282 601 384 674 Solet
401 613 521 674 tamen
548 623 810 696 nonnunquam
831 597 1034 695 tribrachys
1060 609 1206 696 propter
1231 623 1384 694 congru-

282 716 418 790 entiam
443 712 638 787 eorundem
670 714 798 788 iisdem
826 715 1045 813 regionibus,
1067 713 1200 811 quibus
1230 711 1382 797 iambus,

255 831 407 932 srecipi.
458 829 556 902 Nam
585 829 805 928 ubicumque
830 831 967 928 syllaba
991 831 1099 928 longa
1130 843 1196 920 est,
1224 829 1275 902 ibi
1302 829 1383 902 duae

283 949 407 1020 breves
425 946 509 1046 poni
528 959 690 1045 possunt,
708 959 860 1044 excepta
877 945 961 1018 sede
979 944 1119 1034 ultima,
1136 971 1207 1042 qua
1225 971 1287 1042 pes
1305 970 1384 1016 sex-

283 1077 342 1136 tus
367 1060 555 1149 clauditur,
580 1059 642 1158 qui
667 1085 809 1158 semper
836 1073 898 1133 aut
919 1059 1062 1132 iambus
1087 1087 1165 1132 esse
1190 1059 1298 1133 debet
1320 1075 1384 1134 aut

282 1177 501 1276 pariambus,
519 1203 592 1276 quo
611 1178 652 1248 fit
670 1187 710 1248 ut
725 1173 955 1275 longissimus
973 1201 1094 1249 versus
1110 1175 1149 1249 in
1167 1203 1210 1249 co
1227 1189 1384 1276 septem-

282 1291 399 1366 decim
420 1293 465 1366 sit
482 1293 715 1390 syllabarum,
732 1305 939 1392 temporum
956 1315 1040 1364 vero
1056 1291 1222 1381 totidem,
1240 1307 1330 1388 quot
1346 1305 1383 1364 et

283 1407 390 1506 isqui
416 1421 557 1482 constat
577 1435 598 1480 e
620 1407 811 1482 duodecim
839 1407 1007 1508 syllabis:
1034 1435 1105 1507 qua
1129 1409 1208 1508 lege
1224 1407 1384 1506 'recipit

284 1523 503 1622 tribrachyn,
520 1524 628 1597 etiam
647 1523 852 1598 '‘trochaeus
870 1523 977 1596 simili
989 1536 1194 1624 temporum
1214 1549 1383 1596 mensura

284 1638 426 1712 admitti
457 1637 643 1739 potuisset,
667 1639 803 1739 quippe
826 1665 910 1714 cum
941 1651 1091 1735 uterque
1118 1663 1243 1710 eorum
1268 1637 1383 1710 tribus

283 1755 508 1854 temporibus
526 1771 757 1830 censeantur:
785 1755 847 1830 sed
871 1781 916 1829 ne
934 1755 1117 1854 copulatio
1133 1754 1281 1828 trochaei
1297 1779 1380 1827 cum

284 1871 406 1944 iambo
423 1870 567 1943 alterius
585 1871 689 1942 metri
708 1872 864 1970 speciem
887 1869 1083 1959 induceret,
1099 1883 1201 1968 lquoe
1219 1883 1282 1942 aut
1296 1868 1383 1942 cho-

284 1985 423 2058 riambo
437 1997 500 2058 aut
516 1985 646 2074 ionico,
661 1985 829 2082 adempta
841 1986 958 2087 prima
970 1986 1067 2059 brevi
1086 2012 1157 2083 qua
1174 1986 1315 2058 iambus
1329 1986 1385 2057 in·

254 2099 385 2199 ncipit,
408 2100 601 2172 subsistere
627 2099 814 2191 videretur,
843 2105 997 2176 omissus
1022 2114 1087 2174 est.
1138 2099 1296 2174 Notatur
1322 2127 1384 2174 au·

284 2229 359 2288 tem
387 2215 423 2288 in
448 2213 634 2314 tragoediis
650 2242 771 2290 versus
793 2243 836 2292 ex
860 2218 1032 2292 omnibus
1057 2217 1188 2290 iambis
1206 2215 1384 2315 composi-

285 2345 355 2421 tus,
378 2331 530 2430 ideoque
558 2330 753 2405 admodum
783 2346 839 2406 est
865 2359 975 2423 rarus,
1001 2333 1150 2432 adaeque
1172 2347 1209 2406 et
1236 2333 1295 2405 ille
1320 2326 1382 2430 qui

285 2449 454 2537 secunda,
472 2461 610 2546 quarta,
622 2462 659 2520 et
673 2460 773 2521 sexta
787 2447 870 2522 sede
888 2449 1101 2547 spondeum,
1118 2462 1181 2522 aut
1196 2448 1257 2547 qui
1276 2474 1322 2521 ex
1339 2473 1383 2520 eo

285 2576 461 2648 creantur,
479 2563 639 2636 admittit
656 2563 692 2635 in
711 2564 847 2662 tragico
866 2564 1076 2637 ¹dumtaxat
1093 2564 1192 2637 stilo:
1219 2589 1301 2636 nam
1321 2562 1383 2660 qui

284 2678 426 2752 comico
451 2679 656 2752 charactere
681 2705 884 2751 sermonem
913 2679 1108 2767 instruunt,
1124 2677 1272 2752 ‘vitiant
1294 2679 1384 2751 iam-

285 2795 385 2883 bum,
403 2794 564 2867 admixto
581 2793 668 2868 locis
694 2792 795 2890 lejus
821 2791 991 2891 spondeo,
1008 2819 1081 2890 quo
1097 2806 1136 2866 et
1151 2819 1259 2866 canor
1275 2793 1383 2891 tragi-

284 2935 348 2983 cus
374 2909 560 3008 paululum
581 2911 618 2982 in
636 2909 767 2984 fabulis
784 2909 1054 3008 comprimatur,
1071 2923 1108 2981 et
1123 2935 1244 2982 rursus
1261 2937 1283 2982 a
1299 2935 1384 2982 con-

285 3023 475 3098 suetudine
517 3025 623 3098 soluti
665 3023 838 3098 sermonis
876 3024 991 3122 stylus
1024 3025 1184 3098 comicus
1218 3025 1383 3124 erigatur.

284 3141 402 3226 Quam
422 3139 707 3212 observationem
735 3139 846 3213 nostri
873 3139 1015 3213 fidelius
1033 3167 1142 3238 quam
1160 3140 1277 3214 Graeci
1303 3166 1385 3213 cus-

283 3253 477 3338 todierunt,
494 3253 625 3350 quibus
644 3253 758 3351 magis
775 3267 830 3328 cst
847 3255 883 3326 in
906 3281 972 3328 usu
1001 3255 1153 3328 iambus.
1192 3256 1290 3328 Nam
1308 3271 1384 3328 tam

284 3367 435 3441 anobis
460 3393 570 3464 quam
599 3369 724 3467 priscae
747 3369 937 3442 comoediae
963 3371 1168 3445 auctoribus
1193 3370 1288 3444 idem
1317 3370 1386 3443 fre-

284 3496 435 3580 quenter
451 3495 505 3554 est
524 3495 725 3581 usurpatus.

258 3631 271 3682 7
335 3595 406 3669 Sed
434 3608 474 3668 ut
493 3595 572 3692 jam
599 3596 643 3670 ad
664 3597 907 3672 conditionem
934 3599 1080 3674 iambici
1105 3603 1208 3676 metri
1226 3601 1386 3700 discipli-

285 3737 442 3808 namque
465 3711 666 3800 redeamus,
684 3727 755 3786 tres
773 3713 850 3809 ejus
876 3715 1023 3813 species,
1041 3743 1104 3815 per
1118 3743 1206 3815 quas
1229 3717 1385 3817 profluit,

284 3827 399 3900 enitar
424 3827 610 3925 attingere,
628 3854 781 3924 quarum
806 3829 923 3927 prima
946 3831 1111 3922 iambica,
1136 3858 1289 3929 sequens
1314 3846 1386 3905 tro-

284 3941 421 4028 chaica,
440 3944 544 4016 tertia
570 3970 614 4016 ex
641 3958 794 4043 utroque
820 3945 933 4018 mixta
957 3948 1142 4047 reperitur,
1160 3974 1242 4046 quae
1259 3975 1385 4021 omnes

284 4083 348 4156 per
375 4059 594 4132 incrementa
617 4061 835 4158 syllabarum
855 4085 917 4132 sex
934 4060 1156 4136 diversitates
1178 4091 1224 4136 ex
1250 4091 1288 4136 se
1312 4091 1386 4136 me-

284 4173 348 4246 tris
372 4174 521 4262 dabunt,
548 4203 619 4248 non
645 4175 730 4249 alias
748 4203 857 4273 quam
882 4176 1091 4250 hexameter
1110 4179 1249 4268 herous,
1266 4206 1286 4252 e
1303 4179 1385 4277 quis

324 4381 348 4464 ,¹¹
363 4372 476 4452 recipit]
493 4375 598 4452 recepit
611 4377 641 4433 P.
728 4385 744 4418 ¹
760 4375 928 4458 trochaeum]
946 4379 1085 4435 trocheus
1098 4379 1131 4435 P.
1216 4385 1228 4423 ἵ
1243 4398 1305 4456 quoe
1320 4381 1383 4455 aut]

285 4470 332 4528 qur
347 4464 441 4512 autem
457 4457 488 4512 P.
511 4455 583 4512 Mox
595 4455 672 4535 vulg.
688 4455 831 4514 omissum.
948 4469 962 4502 ¹
978 4457 1138 4532 dumtaxat]
1155 4457 1223 4516 dum
1235 4460 1345 4516 adtinet
1355 4459 1387 4517 P.

284 4531 423 4608 ⁸sitiunt]
439 4534 536 4592 vitiam
554 4537 584 4594 l'.
665 4532 767 4613 bajus]
783 4555 847 4594 eum
864 4537 893 4594 Ρ.
