3076 5140
146 353 230 404 ω.
251 345 277 406 1.
305 333 367 406 De
384 333 555 406 comeso
571 333 717 410 tunso
733 341 844 432 atque
860 331 1067 406 §momen
1078 335 1138 430 gc.
1170 345 1236 424 ¹9⁵

146 514 298 613 pedibus
309 529 345 588 et
355 514 539 615 semipede
555 540 676 588 versus
697 514 806 602 heroi,
819 526 917 612 'quse
932 514 1237 613 penthemimeres

147 641 244 700 tome
258 629 398 718 dicitur,
407 629 570 718 divulsis,
581 654 773 726 rursusque
791 629 884 702 iuter
895 653 934 702 se
947 630 1135 728 oopuinfin,
1148 657 1237 730 pen-

147 757 335 818 tametrum
354 743 554 841 elegiacum
573 744 752 842 figuravit,
769 757 821 832 ut,

243 861 367 958 Incipe
388 859 595 934 Menulios:
621 859 772 958 *Ιησίρο
789 857 982 934 Mortaline.

148 972 247 1046 Idem
288 975 360 1046 hoo
393 999 438 1047 ex
472 975 588 1047 tribus
620 973 925 1074 penthemimeres
963 975 1017 1064 fit,
1046 989 1082 1048 et
1112 977 1236 1075 appel-
1253 1005 1282 1042 ιο

147 1087 236 1160 intur
256 1089 303 1160 ab
328 1087 407 1160 aliis
424 1087 787 1187 tripenthemimeres,
804 1090 850 1162 ab
876 1087 955 1162 eliis
980 1087 1236 1186 trisyntheton.

147 1200 310 1276 Traditur
322 1215 442 1276 eutem
456 1202 720 1300 btrispntheton
738 1203 798 1276 illa
817 1203 1057 1302 speciesque
1074 1203 1141 1276 trie
1158 1205 1237 1279 coln
1254 1241 1279 1276 ιι

149 1318 332 1392 e‘dirersn
349 1345 392 1392 ee
408 1317 570 1413 sejuncta
588 1317 692 1390 metri
706 1317 785 1416 lege
799 1318 834 1390 in
849 1341 963 1390 unum
979 1315 1240 1390 cermendeon-
1264 1369 1267 1376 -

150 1432 265 1518 sociat,
290 1433 480 1529 tribusque
507 1431 670 1504 trochaeis
697 1431 735 1504 in
763 1434 834 1504 fine
857 1429 1117 1516 ‘concluditun
1144 1431 1240 1508 unde

151 1559 187 1618 et
209 1547 449 1648 trisyntbeton
477 1546 688 1645 appellatur,
712 1545 809 1642 quod
839 1544 940 1620 ‘licet
963 1544 1010 1618 sit
1038 1545 1240 1643 specierum

149 1662 235 1734 trina
261 1661 401 1735 ratione
429 1661 653 1750 distinctum,
678 1673 800 1733 tamen
830 1659 1005 1760 copuletis
1036 1659 1091 1732 his
1117 1685 1238 1734 versos

149 1776 248 1849 unius
274 1776 416 1875 generis
441 1787 669 1874 propagatur.
732 1775 932 1850 Phallicum
959 1801 1104 1873 quoque
1129 1789 1234 1850 tetra·
1254 1807 1282 1844 n

149 1908 259 1966 metro
284 1895 394 1965 heroo
417 1890 563 1965 assimili
587 1915 732 1988 quoque
757 1893 954 1967 inconsona
973 1891 1068 1966 inter
1089 1919 1128 1968 se
1153 1919 1239 1968 con-

142 2005 328 2101 junctione
347 2005 506 2093 sociavit,
525 2007 587 2092 ite,

295 2119 461 2194 Solvitur
476 2120 573 2194 num
589 2119 715 2220 oyem
728 2131 844 2220 yolo
857 2123 947 2210 vice,

148 2233 291 2321 dehinc,

296 2348 407 2423 Veris
425 2358 462 2423 et
478 2347 628 2422 Favoni.

146 2465 230 2540 Tres
242 2464 446 2538 ruochaeos
462 2461 590 2536 eedem
609 2463 729 2561 specie
742 2475 779 2538 et
792 2464 829 2538 in
843 2465 1060 2564 anapestioo
1075 2463 1241 2548 dimetro,
1258 2498 1286 2544 η

148 2579 182 2652 id
198 2596 252 2654 est
270 2578 417 2678 dipodie
431 2578 508 2674 ejus
525 2589 609 2650 ante
626 2577 709 2667 latu,
727 2579 888 2676 protulit,
906 2579 1015 2668 velut,

294 2696 386 2794 Age
402 2719 498 2768 nuuc
515 2691 773 2794 comitesferte
788 2719 898 2770 sacru
915 2692 1071 2768 Boccho.

146 2808 256 2896 Num,

295 2922 383 3021 Age
396 2947 493 2996 nuuc
507 2923 664 3012 comites,

146 3036 362 3137 anapaestica
379 3035 546 3135 dipodiu:

296 3149 407 3224 Ferte
421 3173 530 3226 saera
549 3149 706 3240 Baccho,

146 3264 349 3364 phelliuum
370 3279 526 3338 metrum
543 3276 608 3338 est.
661 3264 755 3338 Item
773 3289 819 3338 ex
837 3265 992 3340 iambico
1010 3266 1084 3340 bosi
1103 3278 1141 3342 et
1156 3265 1244 3342 cho-
1260 3300 1289 3347 14

146 3379 299 3466 nomba,
316 3378 379 3468 sic,

297 3490 444 3566 Nmum
460 3493 571 3568 melos
587 3489 711 3591 lpdia
727 3492 798 3570 dic.

146 3605 245 3680 Nam

299 3719 444 3793 Novum
461 3719 573 3793 melos

147 3833 220 3906 duo
238 3848 324 3906 sunt
342 3835 474 3920 iambi;

300 3947 421 4048 [peta
439 3951 497 4024 dic

188 4119 204 4151 ¹
217 4109 295 4185 quae]
310 4107 358 4184 qui
372 4109 403 4166 P.
499 4107 636 4187 ⁸incipe]
656 4109 748 4186 incipe
762 4091 916 4201 ei'e'prffi
931 4109 963 4168 P.
1065 4103 1246 4185 btrisynthe-

149 4189 212 4262 ton]
229 4187 456 4246 trissinthetioon
472 4189 503 4246 P.
606 4187 755 4264 ⁰dirersu]
772 4191 897 4247 ediverso
910 4190 941 4247 P.
1058 4181 1245 4262 dmnsociat]

147 4267 315 4325 oomonisut
329 4269 361 4326 P.
449 4279 463 4310 ⁰
477 4267 637 4342 concludit]
655 4268 834 4326 concluditur
847 4269 879 4327 P.
971 4263 1117 4341 fruticet]
1135 4265 1201 4325 licet
1214 4269 1246 4325 P.

146 4345 221 4405 Mox
237 4348 396 4405 Punicum
409 4347 516 4406 editum
534 4367 585 4426 pro
601 4349 778 4406 Phulaecium.
862 4346 1176 4428 §trocheon-speeie]
1188 4359 1248 4404 tro-

149 4425 400 4506 cheis—speciem
415 4429 446 4484 P.

654 4537 753 4596 002
