3100 5142
148 425 228 476 car.
243 418 277 478 5.
330 405 395 480 De
411 415 527 480 metro
543 405 726 482 trochaico
744 417 780 481 et
797 406 876 506 ejus
890 405 1085 503 speciebus.
1181 419 1248 480 281

329 589 393 662 Dc
404 601 636 686 pentametro
654 591 866 666 catalectico
883 591 1075 665 trochaico.
1269 618 1295 652 ¹¹

193 721 477 798 Peatametmm
507 725 755 798 catalecticum
782 725 836 809 fit,
863 749 947 796 cum
978 747 1110 796 novem
1142 722 1252 822 pedes

146 837 315 938 disyllabi
333 837 505 911 trochaici
524 849 719 938 ponuntur,
736 853 773 912 et
791 865 862 912 una
880 841 1030 940 syllaba,
1140 857 1148 874 '

186 965 351 1022 Contineme
363 967 434 1040 ripa.
462 967 535 1030 Quia
549 969 622 1041 quod
635 985 720 1041 usquc
730 969 884 1042 praalum
898 969 1006 1026 revellis
1018 964 1133 1042 *agrum
1148 969 1228 1026 hunc.

305 1159 372 1233 De
381 1169 610 1258 pentametro
628 1159 751 1235 coluro
769 1161 1092 1262 brachycatalecto.
1267 1199 1294 1234 ια

191 1291 475 1366 Pcntamctrum
493 1293 743 1368 catalecticum
761 1293 927 1368 colurum
944 1296 987 1366 fit
1009 1320 1138 1368 novem
1159 1295 1250 1368 inte-

145 1407 215 1506 gris
233 1408 361 1508 positis
383 1409 536 1510 pedibus
554 1409 757 1483 trochaicis.
809 1411 853 1483 In
881 1411 1004 1482 coluro
1030 1411 1128 1483 enim
1156 1437 1277 1489 scm-.

145 1549 209 1622 per
233 1522 315 1596 duae
341 1525 489 1623 syllaba
513 1523 644 1598 desunt
668 1537 710 1598 ut
733 1527 779 1598 sit
808 1537 964 1598 metrum
995 1525 1247 1598 catalecticum

147 1637 350 1736 integrum:

230 1753 275 1816 In
289 1754 485 1839 mnasonis
498 1754 570 1819 deos
584 1764 615 1820 ct
627 1779 712 1821 naor
725 1765 755 1822 ct
770 1758 823 1820 cir
836 1753 1059 1844 ksordidosque
1073 1765 1173 1824 notos.

147 1859 232 1936 Hoc
243 1877 367 1936 tamen
385 1877 553 1938 notemus
566 1865 663 1964 qood
678 1891 749 1939 una
763 1865 836 1938 sola
849 1863 1002 1966 ¹species
1016 1867 1050 1939 in
1066 1867 1249 1940 trochaico

146 1992 262 2052 metro
296 1980 491 2054 acatalecto
524 1981 710 2081 reperitur,
740 1981 894 2056 dimetra
922 1983 1174 2070 Anacreontis,
1203 1983 1248 2056 de

146 2117 215 2189 qua
242 2092 362 2192 prima
382 2094 500 2192 specie
526 2119 633 2194 supra
659 2095 852 2168 mtractavi.
904 2093 1043 2167 Ceterae
1067 2107 1129 2166 aut
1154 2107 1249 2166 cata-

146 2207 284 2281 lecticse
312 2223 408 2298 sunt,
426 2223 487 2282 aut
509 2209 877 2308 brachycatalecticae,
906 2212 1004 2306 (nam
1036 2209 1248 2307 hypercata-

146 2325 238 2398 lecta
264 2325 364 2398 nulla
390 2333 500 2424 sunt,)
526 2325 711 2400 undecim.
762 2325 822 2400 De
851 2325 1035 2400 trochaico
1057 2325 1157 2397 fonte
1182 2325 1247 2398 rivi
1265 2352 1293 2398 ¹3

146 2465 235 2537 quos
274 2441 450 2514 habemus
480 2469 588 2542 supra
616 2441 731 2544 titulis
765 2444 858 2516 benc
889 2441 1021 2513 ”rufos
1085 2439 1143 2513 Ex
1180 2439 1249 2512 hoc

146 2571 262 2629 metro
288 2557 471 2631 trochaico
498 2557 637 2630 scilicet
666 2571 703 2630 et
733 2557 890 2630 iambico
919 2569 1061 2630 constat
1094 2567 1249 2627 metrum

145 2671 369 2761 Saturnium,
387 2673 485 2772 quod
509 2673 668 2746 mixtum
693 2672 775 2746 ideo
803 2699 871 2745 nec
892 2671 985 2744 inter
1003 2671 1140 2770 species
1159 2669 1249 2742 iam-

145 2788 244 2861 bicas
269 2788 373 2888 posui
400 2815 466 2862 nec
494 2789 587 2862 inter
610 2787 820 2861 trochaicus.
872 2788 1025 2861 Constat
1051 2802 1171 2860 autem
1203 2813 1247 2859 cx

145 2903 269 2976 iambo
294 2901 449 2976 dimetro
472 2903 682 2978 catalectico
708 2903 959 3002 Hipponactio
983 2901 1190 3002 amphicolo
1213 2915 1249 2974 et

144 3019 260 3092 tribus
277 3019 480 3110 trochaicis,
498 3019 534 3094 id
554 3032 620 3106 cst,
639 3019 889 3119 ithyphallico.
942 3019 1026 3102 Quo
1053 3033 1167 3092 metro
1195 3018 1247 3090 usi

144 3147 230 3207 sunt
245 3133 419 3234 ⁰Cyridcs
436 3149 473 3209 et
490 3134 750 3222 Callimachus,
769 3147 804 3206 et
823 3133 918 3234 apud
938 3161 1002 3207 nos
1020 3134 1206 3208 rNaevius.

491 3349 557 3424 De
573 3359 689 3423 metro
707 3349 896 3423 Saturnio.
1263 3374 1293 3421 14

195 3481 413 3556 Saturnium
442 3482 685 3582 compositum
720 3483 776 3555 vel
817 3481 973 3552 mixtum
1010 3506 1054 3552 ex
1090 3479 1248 3553 iambico

146 3611 262 3671 metro
287 3612 324 3670 ct
350 3599 544 3688 trochaico,
562 3599 718 3671 iambico
743 3597 898 3670 dimetro
926 3596 1135 3696 amphicolo
1154 3597 1248 3696 Hip-

145 3712 316 3812 ponactio
340 3715 561 3804 catalectico,
577 3728 614 3787 et
633 3713 817 3788 trochaico
833 3713 989 3785 dimetro
1015 3713 1248 3811 brachycata-

184 3968 309 4044 ¹agrum
322 3971 365 4030 bis
380 3970 540 4030 Potachius.
672 3967 688 4014 k
702 3968 888 4047 sordidosque
903 3969 998 4043 namo]
1013 3970 1189 4042 sordidasque
1201 3987 1246 4026 cc·

144 4059 197 4108 stca
212 4051 247 4109 L.
319 4049 464 4132 lspecies]
481 4055 568 4127 specie
580 4055 635 4110 emt
648 4051 684 4110 1..
768 4061 791 4093 ¹¹¹
807 4051 915 4124 notavi]
933 4054 1050 4107 tractavi
1065 4049 1098 4107 L.
1168 4057 1184 4089 ¹¹
1199 4069 1246 4107 ru.

144 4131 201 4206 los]
218 4131 324 4208 refusos
337 4133 372 4192 L.
455 4143 471 4176 ⁰
486 4131 616 4210 Cyridcs]
636 4135 752 4208 Cyridua
765 4131 800 4188 L.
830 4131 995 4208 [regendum
1008 4141 1078 4206 puto
1093 4131 1248 4204 Euripides.

143 4211 248 4269 Atilios
262 4213 485 4272 Fortunatianus
500 4233 528 4291 p.
542 4215 629 4271 2680.
672 4215 756 4288 Apud
773 4213 933 4286 Euripidem
946 4219 973 4268 et
988 4211 1188 4268 Callimachum
1203 4215 1245 4268 tn-

143 4295 206 4349 oeni
219 4295 278 4351 tale
289 4313 376 4368 genua
389 4295 493 4352 Turdis
507 4294 640 4352 edacibus
654 4293 736 4352 dolos
750 4311 896 4371 comparas
911 4289 1010 4350 amica.
1046 4293 1087 4350 Et
1101 4292 1246 4366 Euripides

12 4371 13 4397 ¹
144 4372 270 4430 restituit
291 4374 443 4432 Santenius
463 4375 499 4432 ad
520 4375 635 4434 Terent.
647 4375 743 4434 Maur.
765 4395 792 4452 p.
804 4391 820 4448 3
825 4389 873 4448 53.
895 4369 942 4448 qni
964 4371 1049 4430 verba
1072 4383 1168 4430 tamen
1185 4373 1247 4437 Quo

144 4461 299 4592 πιρινοιειο.
316 4453 508 4532 interpolatori
523 4455 637 4514 cuidam
652 4453 745 4513 deberi
761 4465 850 4532 putat.
1004 4461 1020 4507 1¹
1034 4451 1163 4527 Naevius]
1179 4453 1246 4510 Mc·

144 4551 209 4591 vius
251 4577 257 4590 .

671 4653 736 4701 00
