3012 5084
25 380 31 393 ,
148 331 216 382 ιιι.
233 323 269 382 5.
571 305 638 379 De
654 303 828 406 Syllabis.
1201 325 1248 400 29

18 530 20 549 ι
144 493 309 566 mannis
343 489 514 564 maxime
547 503 710 564 versann
735 465 835 577 loeis,
863 503 900 564 et
927 491 1093 566 noctium
1124 503 1181 566 est
1210 505 1247 566 et

143 609 249 682 noctis
266 605 437 682 maxime
455 605 596 704 primae,
609 619 647 679 et
663 606 749 704 quia
766 608 989 707 tempestatis
1012 605 1175 692 nuntius,
1192 619 1247 680 at-

142 749 206 821 que
220 722 357 796 ¹index
376 735 437 793 est
454 720 554 818 parvi
573 720 667 793 laris.
716 719 887 819 Forciper
895 719 1170 822 quodfomunr
1187 747 1247 796 oa·
1261 745 1304 784 ιιι

139 840 245 937 piant,
260 837 300 911 irl
318 856 380 910 est
396 833 573 926 calidum,
584 849 626 908 ut
628 835 832 936 sonares.-
855 851 917 910 aut
932 837 978 912 de
994 837 1074 910 forn
1089 837 1246 938 capiant,

140 967 177 1026 ut
185 953 390 1054 foricipea.
436 948 586 1024 *runo
602 963 738 1038 autem,
751 965 864 1026 status
880 969 954 1028 tarn
972 953 1013 1026 in
1030 953 1120 1042 foro,
1132 977 1243 1051 quam

139 1069 269 1142 iuuari
287 1083 326 1142 et
343 1065 534 1151 torculari,
552 1064 588 1138 id
606 1079 673 1153 est,
689 1063 796 1166 Ιληνᾷ.

420 1264 530 1344 Car.
551 1263 604 1343 V.
650 1263 719 1346 De
736 1263 965 1374 ¹'Syllabis

182 1415 335 1514 Syllaba
353 1428 414 1486 est
430 1412 641 1508 conjunctio
655 1413 856 1486 litterarum
874 1439 958 1486 oum
977 1413 1091 1486 rooali
1109 1413 1164 1486 rel
1182 1437 1244 1486 vo-

136 1531 269 1604 calibus
291 1531 368 1602 sub
390 1555 470 1600 uno
499 1541 651 1602 accentu
678 1542 716 1601 et
742 1529 869 1628 spiritu
893 1529 1123 1602 continuata:
1159 1555 1243 1602 nam

135 1673 195 1744 per
219 1647 342 1720 solam
367 1643 536 1718 vocalem
565 1644 713 1716 abusive
736 1644 872 1742 syllaba
896 1643 1039 1717 dicitur.
1085 1643 1245 1718 Minima

135 1773 247 1858 'ergo
281 1774 343 1834 est
372 1759 517 1858 syllaba
542 1757 650 1830 unius
679 1759 817 1846 litterae,
843 1773 885 1830 ut
916 1785 960 1830 ea
989 1759 1148 1832 maxima
1178 1773 1244 1846 est,

134 1903 213 1974 quae
240 1901 289 1948 ex
321 1875 492 1973 pluribus
523 1882 673 1960 constat,
699 1885 743 1946 ut
766 1875 889 1972 stirps.
950 1873 1179 1972 Syllabarum
1206 1873 1269 1946 ins

135 1993 288 2089 podibus
301 1988 517 2063 differentiae
530 2003 615 2061 sunt
631 2003 722 2062 tres:
748 2005 833 2062 sunt
845 1990 943 2062 enim
962 1989 1090 2087 longae,
1108 1989 1244 2076 breves,

138 2121 172 2179 et
187 2106 333 2190 mediae,
350 2129 435 2202 quae
458 2117 495 2175 et
519 2127 731 2178 communes
747 2104 928 2178 dicuntur.
982 2103 1040 2177 Ex
1066 2103 1123 2175 bis
1138 2115 1155 2150 ⁰
1166 2103 1270 2192 bre-3

138 2247 196 2294 res
213 2247 292 2294 uuo
310 2218 425 2292 modo
439 2232 535 2306 sunt,
546 2218 583 2292 id
595 2233 660 2310 est,
670 2245 756 2294 cum
771 2221 904 2294 vocalis
917 2219 1117 2318 corripitur,
1133 2243 1240 2314 quarn

138 2363 208 2410 non
223 2347 463 2432 'sequuntur
479 2334 562 2408 duas
583 2349 833 2410 consonantes.
885 2335 1095 2434 longarum
1122 2347 1271 2415 mum.

139 2452 361 2550 syllabarum
380 2447 464 2522 duae
480 2450 616 2549 species
639 2464 735 2540 suut,
752 2477 837 2524 nam
859 2463 922 2524 aut
943 2447 1151 2522 naturaliter
1167 2447 1244 2520 lon·

139 2593 190 2664 gae
218 2579 320 2655 sunt,
346 2580 413 2638 aut
438 2565 617 2663 positione
644 2567 748 2639 fiunt.
799 2565 857 2640 Ex
888 2565 944 2638 bis
972 2579 1098 2638 natura
1125 2563 1270 2661 longam

139 2681 282 2754 duobrrs
310 2679 432 2753 modis
453 2695 667 2754 senuerant:
694 2708 779 2768 uno,
797 2683 824 2755 si
849 2681 982 2755 vocalis
1005 2679 1181 2779 producta
1197 2679 1245 2752 sit

140 2823 210 2869 nou
240 2809 420 2893 sequente
448 2796 517 2870 alia
533 2797 660 2882 vocali,
675 2811 718 2870 ut
737 2799 883 2895 primus
900 2797 947 2870 ab
971 2797 1069 2870 osis:
1095 2819 1180 2868 narn
1208 2809 1245 2868 et

134 2913 199 3008 pri
224 2927 264 2984 et
292 2937 314 2984 o
342 2925 380 2983 et
409 2911 465 2984 ris
491 2911 673 3010 productis
696 2913 880 2986 vocalibus
904 2925 988 2984 sunt
1014 2923 1142 2984 natura
1169 2911 1245 2982 lon·

138 3053 205 3126 gae.
248 3025 350 3100 Item
369 3027 441 3098 alio
459 3026 593 3100 ‘modo
610 3041 695 3100 sunt
717 3027 833 3126 longae
855 3027 1063 3100 naturaliter
1085 3025 1272 3126 syllabae‚⁶

140 3169 223 3216 cum
261 3143 346 3216 duae
387 3145 528 3216 vocales
556 3143 772 3242 junguntur,
807 3169 897 3242 quas
930 3143 1086 3244 syllabas
1125 3143 1241 3217 Graeci

139 3257 414 3358 ⁸diphthongos
432 3272 574 3346 vocant,
592 3272 633 3331 ut
649 3285 703 3346 ae,
720 3286 773 3348 oe,
790 3285 850 3348 au,
873 3285 930 3349 eu,
952 3259 1036 3333 tei:
1062 3285 1146 3332 narn
1173 3259 1243 3334 illae

179 3512 188 3556 ¹
203 3515 305 3588 index]
321 3512 408 3572 index
421 3528 465 3572 est
479 3514 511 3571 P.
623 3512 756 3592 kunnu]
773 3516 861 3594 Forys
874 3517 909 3576 Ρ.
1023 3515 1123 3590 lm]
1138 3526 1197 3574 λεια
1210 3515 1242 3579 Ρ.

142 3630 165 3662 ι
177 3620 318 3698 nubis]
335 3619 451 3678 auius
465 3622 496 3679 u.
522 3621 571 3679 uu
585 3641 651 3679 mox
670 3621 786 3700 syllana.
908 3620 1025 3680 naam
1040 3623 1099 3696 sa]
1122 3601 1191 3696 erga
1212 3623 1243 3679 r.

142 3699 282 3775 ⁰breres]
300 3698 392 3759 brevis
407 3701 439 3758 P.
542 3705 739 3780 Psequuntur]
754 3715 889 3760 secunurr
903 3701 939 3761 P.
1061 3703 1240 3776 tremunt]

141 3793 255 3940 tusi‘yytyy
266 3781 302 3919 ξ.
384 3781 511 3856 ruodo]
528 3781 584 3840 alio
598 3783 683 3841 morlo
697 3783 727 3841 P.
815 3782 1026 3861 'diphtongosJ
1042 3780 1196 3860 diptongus
1210 3783 1242 3840 P.

187 4059 256 4097 ιιι.
289 4038 428 4100 Quamvis
449 4052 479 4098 et
493 4039 618 4116 smmum
645 4041 673 4098 in
714 4061 741 4099 v.
756 4041 915 4099 cassiodor.
930 4061 958 4118 p.
972 4057 1061 4116 2292.

143 4119 250 4178 Glossis
266 4118 417 4197 reperiam,
432 4119 564 4178 existimo
579 4133 674 4180 tamen
755 4121 793 4180 ib.
815 4123 879 4179 lmo
892 4121 1007 4198 forceps
1020 4139 1053 4176 ex
1060 4117 1173 4194 sercepr
1186 4115 1243 4176 sive

143 4199 304 4278 legendnm,
328 4201 404 4273 quod
416 4200 533 4275 fornum
555 4205 673 4276 repunt,
706 4201 852 4278 soriceps,
864 4214 896 4259 ut
910 4203 993 4259 bonus
1007 4219 1041 4257 ex
1053 4199 1143 4256 benur.
1172 4199 1243 4256 Pro·

143 4285 170 4338 iul
187 4289 227 4338 ert
250 4283 384 4349 calidum,
399 4299 432 4338 ex
447 4281 555 4339 Nonio.
603 4282 675 4341 Vide
715 4283 776 4360 prle
789 4295 831 4340 est
845 4281 943 4340 fabrile
953 4282 1172 4340 instnunentnru
1184 4297 1243 4356 quo

143 4361 303 4419 charisium
329 4359 359 4417 in
378 4361 501 4437 forfices.
541 4363 680 4422 coMM.
715 4363 818 4420 serrum
832 4362 949 4442 capitur.
979 4359 1243 4420 TERHAERIUS.
