3124 5120
154 412 242 463 car.
261 404 300 466 3.
492 390 556 462 De
572 391 799 491 Aanpcestico
818 403 942 466 metro.
1198 409 1262 468 101

154 575 338 649 Detracta
359 576 458 648 enim
484 585 525 649 ot
551 575 699 675 syllaba,
717 601 789 673 qua
808 578 946 677 primus
965 577 1002 650 in
1019 603 1122 652 versu
1140 577 1296 680 dacty-4

155 693 216 765 lus
233 703 389 780 constat,
404 704 510 764 erunt
528 691 653 789 reliqui
672 689 781 790 pedes
800 693 985 792 anapaesti,
1003 693 1067 782 sic,

240 806 347 880 Tubu
363 807 564 881 terribilem
580 809 738 882 sonitum
750 807 885 904 procul
898 833 969 882 aere
987 835 1130 882 canoro.

158 922 312 1022 Recipit
337 936 457 995 autem
477 923 512 996 id
532 937 686 997 metrum
705 923 814 1023 pedes
836 937 1007 1020 quattuor
1032 925 1149 1024 spatio
1171 938 1266 998 tem-

155 1063 290 1136 porum
310 1064 425 1137 pares,
443 1040 661 1138 syllabarum
689 1065 840 1112 numero
865 1039 1034 1139 dispares,
1052 1041 1264 1140 spondeum,

156 1154 221 1249 qui
250 1167 307 1226 est
333 1157 506 1253 anapaesti
534 1154 711 1244 collectio,
741 1154 942 1255 dactylum,
971 1157 1264 1255 proceleusmati-

157 1281 309 1356 cum,et
325 1269 482 1342 cundem
501 1283 722 1370 anapaestum
738 1271 774 1344 in
789 1297 1020 1369 quacumque
1038 1273 1131 1346 sede.
1163 1273 1261 1346 Nam
1277 1308 1291 1358 5

157 1411 245 1458 eum
270 1411 398 1457 omnes
424 1411 576 1458 numero
602 1399 806 1485 temporum
832 1401 1003 1486 quattuor
1027 1389 1265 1488 comprehen-

157 1501 306 1591 dantur,
336 1515 458 1574 tamen
491 1501 665 1576 divisione
698 1503 886 1601 longarum
918 1502 973 1574 vel
1008 1503 1263 1599 conjunctione

159 1617 340 1702 brevium,
367 1641 450 1690 cum
483 1617 598 1716 longae
628 1618 664 1690 in
697 1618 820 1690 breves
850 1617 1080 1714 colliguntur,
1106 1619 1199 1692 inter
1225 1647 1263 1694 se

156 1735 355 1821 variantur,
389 1747 426 1807 et
460 1759 543 1806 cum
588 1733 737 1807 diversis
780 1733 963 1806 vocabulis
999 1749 1263 1833 nuncupentur,

158 1849 322 1944 ejusdem
355 1849 427 1922 fere
457 1848 596 1948 generis
625 1851 796 1922 existunt.
859 1849 1035 1922 Nonnulli
1066 1849 1102 1922 in
1134 1851 1291 1928 ultiman

159 1965 271 2062 hujus
307 1965 390 2040 sede
420 1966 579 2039 ionicum
612 1967 787 2040 minorem
819 1965 1009 2064 recipiunt,
1041 1993 1083 2038 ea
1114 1967 1262 2058 ratione,

158 2105 233 2179 qua
261 2082 299 2153 in
329 2083 402 2154 line
435 2094 590 2155 metrum
620 2107 730 2154 omne
757 2081 853 2154 varie
884 2081 1089 2155 claudatur:
1128 2082 1262 2156 dehinc

158 2195 256 2295 quod
288 2199 396 2270 etiam
428 2199 473 2271 ab
503 2197 708 2269 auctoribus
739 2195 860 2270 studio
889 2198 1057 2270 novitatis
1093 2197 1258 2296 quaedam

160 2311 375 2408 adjiciantur
399 2326 435 2385 et
461 2311 697 2384 detrahantur
723 2327 848 2386 contra
877 2339 986 2412 quam
1015 2313 1105 2386 ratio
1133 2315 1260 2387 veteris

159 2425 358 2528 disciplinae
382 2427 569 2528 permittit.
621 2427 730 2511 Quod
750 2443 787 2500 et
813 2430 849 2500 in
869 2428 996 2502 ceteris
1015 2429 1138 2501 metris
1156 2429 1261 2502 datur

160 2569 364 2642 agnoscere.
415 2543 513 2616 Nam
539 2557 576 2616 et
598 2543 739 2617 iambus
766 2544 803 2616 in
830 2545 989 2617 clausula
1016 2543 1206 2634 invenitur,
1223 2559 1289 2633 ct7

159 2659 361 2760 appellatur
383 2658 659 2733 Archebulium.
721 2661 771 2732 At
806 2661 833 2731 si
866 2660 1052 2758 trisyllabo
1081 2657 1174 2758 pede
1204 2661 1258 2734 sui

157 2774 350 2847 dumtaxat
366 2775 505 2872 generis
522 2775 746 2864 terminetur,
760 2774 907 2872 adaeque
920 2775 1179 2864 Archebulion,
1197 2773 1258 2848 scd

157 2891 361 2988 integrum:
389 2916 472 2962 nam
492 2890 601 2990 prius,
618 2895 654 2962 in
673 2916 747 2987 quo
764 2891 917 2976 iambus,
935 2889 1094 2989 ἀπόκροτον
1116 2890 1256 2964 dicitur.

156 3005 298 3078 Volunt
312 3005 408 3078 enim
428 3007 521 3078 sicut
538 3005 757 3104 dactylicum
778 3005 935 3079 trochaeo
954 3009 1095 3098 ultimo,
1108 3007 1164 3080 ita'
1175 3033 1287 3083 ana-a

156 3137 312 3220 pastum
341 3147 598 3218 nonnunquam
626 3121 747 3193 iambo
765 3121 943 3210 concludi,
960 3123 988 3194 si
1008 3123 1154 3220 quidem
1174 3123 1258 3195 dac·

155 3237 255 3333 tylus
275 3251 314 3308 ut
335 3237 514 3310 trochaeus
532 3263 552 3309 a
571 3237 677 3334 longa
703 3237 863 3335 incipiat,
881 3249 1110 3335 '‘anapaestus
1135 3251 1255 3310 autem

156 3367 198 3424 ut
223 3353 365 3424 iambus
391 3351 543 3440 desinat,
566 3377 639 3448 quo
666 3352 707 3422 lit
731 3377 890 3424 sonorus.
944 3352 1145 3425 Percutitur
1173 3379 1286 3446 vero9

155 3493 279 3538 versus
297 3467 531 3566 anapaesticus
557 3468 736 3566 pr'aecipue
762 3493 826 3564 per
848 3479 863 3528 t'
874 3465 1057 3564 dipodian,
1076 3467 1255 3542 interdum

154 3597 193 3655 et
208 3609 274 3682 per
291 3583 450 3681 singulos
468 3582 588 3682 pedes.
640 3582 707 3654 Est
730 3597 848 3654 autem
867 3581 1049 3679 percussio
1067 3583 1256 3678 cujuslibet

155 3697 262 3770 metri
295 3698 329 3770 in
360 3697 469 3798 pedes
497 3697 636 3772 divisio.
698 3697 922 3796 Exemplum
958 3697 1025 3769 erit
1058 3699 1301 3772 tetrametriro

155 3813 366 3903 catalectici,
383 3814 479 3912 quod
498 3829 552 3886 est
570 3815 606 3886 in
625 3813 860 3912 anapaesticis,
874 3812 1004 3886 nobilis
1023 3812 1083 3886 ille
1100 3839 1231 3903 versus,

177 3954 273 4018 Alius
285 3955 409 4019 eithara
423 3957 588 4042 canitieque
596 3964 708 4042 potens
723 3955 862 4018 volucres
874 3955 1065 4041 pecudesque
1078 3975 1210 4018 mouere.

206 4055 301 4129 Item

177 4113 315 4237 Admoti
328 4173 428 4237 labris
443 4173 518 4237 tubo
532 4171 703 4236 terribilem
716 4173 854 4234 sonitum
869 4172 955 4236 dedit
971 4192 1032 4234 aare
1044 4192 1168 4235 canoro.

155 4318 264 4403 Quod
292 4345 404 4417 genus
432 4317 599 4414 frequens
623 4329 678 4390 est
701 4315 796 4415 apud
822 4315 1127 4415 Aristophanem:
1161 4315 1255 4390 unde
1272 4345 1298 4382 n

196 4585 212 4616 ¹
226 4575 398 4652 anapaestus]
416 4587 590 4650 anapaestum
606 4575 639 4630 P.
796 4570 972 4649 tdipodian]
990 4560 1124 4648 dipddian
1142 4573 1171 4628 P.
