2970 5134
14 443 118 490 car.
142 445 204 489 ιν.
452 427 506 490 De
519 434 620 491 metro
632 428 802 512 dactylico.
1112 421 1175 488 541

351 597 432 657 tAu
448 600 593 675 Ephesum,
609 601 751 658 bimarisve
766 599 900 657 Coriallu.

19 703 216 767 Meti-um
249 701 363 768 vatiud
384 702 574 790 dactylicum
601 716 816 769 tetrametrum
844 714 966 768 constat
986 721 1026 764 ex
1051 697 1178 764 duobus
1189 714 1218 765 ¹5

24 805 204 893 dactylis
228 821 263 872 et
282 806 408 873 duobus
429 805 583 881 trochaeis,
599 805 664 871 sive
683 805 820 871 trochaeo
833 819 866 870 et
880 802 1022 892 spondio.
1068 801 1178 888 Hujus

30 905 278 995 exemplum:

414 1016 513 1073 Omaio
527 1015 630 1072 colitur
642 1013 737 1088 amplo
749 1029 845 1069 sums.

41 1115 222 1178 Mettum
246 1113 437 1204 dactylicum
451 1114 629 1180 trimetrum
649 1129 771 1180 constat
792 1135 831 1177 ex
852 1111 981 1177 duobus
1000 1110 1177 1200 Fdactylis,
1190 1120 1221 1172 1⁶

44 1231 84 1281 et
101 1217 259 1306 spondio
271 1217 337 1282 sive
351 1217 496 1283 trochaeo.
543 1217 653 1304 Hujus
667 1215 863 1302 exemplum:

441 1323 522 1388 Quod
534 1341 585 1380 ruo
597 1325 713 1379 seminat
726 1323 817 1378 arbor.

53 1424 224 1488 Mettum
246 1423 436 1512 dactylicum
458 1424 635 1490 trimetrum
654 1435 773 1489 constat
795 1445 835 1486 ex
855 1421 980 1510 dactylo
1001 1435 1033 1487 et
1053 1421 1178 1487 duobus
1191 1449 1220 1500 ¹⁷

56 1527 234 1606 trochaeis,
249 1540 266 1573 ¹
276 1527 341 1592 sive
354 1549 394 1591 ex
409 1525 546 1615 dactylo,
561 1526 698 1592 trochaeo
712 1537 744 1592 et
758 1523 900 1613 spondio.
947 1524 1058 1612 Hujus
1074 1545 1178 1589 exem·
1261 1517 1264 1524 ’

59 1627 162 1715 plum
174 1653 183 1692 ε

353 1764 358 1769 -
454 1733 594 1808 lisgerus
608 1733 813 1790 tumemus.

67 1835 223 1898 Metram
239 1834 428 1924 dactylicum
444 1835 621 1900 trimetrum
633 1834 864 1900 Pherecratium
879 1847 1000 1900 constat
1013 1845 1070 1899 lex
1084 1855 1176 1922 spon·
1193 1851 1222 1899 rs

69 1936 128 2000 dio
142 1951 177 2000 et
191 1935 320 2026 dactylo
334 1938 398 2003 sive
412 1937 560 2018 trochaeo,
577 1957 612 2002 ut
627 1951 674 2002 est
687 1937 775 2024 apud
792 1937 979 2003 Horatium:

411 2053 426 2086 ¹
445 2043 543 2111 Grato,
558 2043 681 2117 Pyrrha,
695 2044 746 2100 sut
759 2050 850 2101 aruo.

73 2147 225 2210 Metrum
245 2145 433 2234 dactylicum
456 2147 632 2212 trimetrum
647 2146 838 2234 Glycouium
853 2158 974 2210 constat
992 2142 1224 2231 exspondi019

75 2261 111 2312 et
125 2246 253 2312 duobus
267 2246 410 2335 dactylis,
427 2261 463 2313 ut
476 2263 523 2313 est
537 2249 623 2336 apud
638 2249 826 2314 Horatium:

432 2353 500 2410 asic
514 2361 541 2410 te
554 2356 618 2412 dica
628 2361 725 2428 potem
740 2353 832 2428 Cypri.

82 2454 227 2518 Metrum
252 2453 451 2542 dactylicum,
478 2477 543 2541 quo
570 2477 652 2541 saepe
676 2470 724 2520 est
750 2477 805 2518 usa
831 2451 971 2540 Sappho,
997 2467 1118 2518 constat
1140 2475 1179 2517 ex
1192 2489 1225 2525 so

83 2555 210 2644 dactylo
223 2569 254 2620 et
269 2555 401 2644 spondio
414 2556 479 2622 sive
492 2557 639 2622 trochaeo.
684 2556 795 2644 Hujus
806 2553 1011 2642 exemplum,

487 2657 592 2720 bUnse
606 2663 738 2720 Latinum

490 2759 559 2816 Post
570 2777 657 2833 genus
670 2767 770 2830 ortum,

132 2979 212 3036 tAar
232 2979 382 3055 Ephesum]
407 2979 545 3040 Horatius
561 2980 611 3040 lib.
654 3001 705 3058 pro
727 2981 838 3056 Pyrria
857 2980 970 3060 scripsit
991 2983 1094 3040 Purra.
1136 2983 1183 3040 lta

96 3063 118 3118 l.
132 3060 174 3117 od.
190 3075 215 3133 7.
237 3060 355 3119 HllUS.
655 3063 777 3120 Burrum
790 3073 899 3120 veteres
913 3081 965 3141 pro
981 3063 1099 3136 Pyrrho.
1135 3062 1182 3120 Sic

122 3142 216 3197 velud
223 3142 400 3216 dactylicum]
413 3141 479 3199 MS.
490 3141 611 3220 Guelph.
653 3161 688 3200 ex
715 3141 920 3220 antiquissimis
949 3141 1060 3221 Virgilii
1089 3161 1181 3200 mem·

98 3223 178 3278 olium
190 3223 353 3279 dactilicum.
376 3221 496 3280 HllUS.
654 3223 750 3280 branis
784 3223 925 3290 adferunt,
954 3235 983 3280 et
1011 3225 1041 3280 in
1070 3235 1181 3282 vetusto

137 3311 158 3346 't
182 3303 303 3376 dactylis,
319 3311 346 3359 et
359 3305 472 3376 spondis
485 3305 541 3361 rive
556 3311 612 3360 tro·
653 3302 773 3382 Virgilio
784 3303 872 3362 Gudii
887 3301 1024 3382 scriptum
1039 3303 1094 3361 vidi
1107 3323 1181 3362 cam-

101 3381 178 3454 cluo]
202 3381 270 3440 Haec
297 3394 381 3440 autea
402 3403 417 3440 e
438 3388 612 3462 conjectura,
655 3385 689 3441 bo
711 3403 763 3461 pro
778 3385 881 3460 cymba.
923 3384 1002 3441 Nota
1016 3397 1083 3442 sunt
1097 3389 1181 3442 cumi-

103 3480 171 3519 nunc
195 3481 228 3520 ex
254 3475 375 3540 utroque
400 3463 487 3521 Paris.
515 3465 614 3522 codice
654 3483 729 3529 num,
744 3467 867 3538 deprrgir,
877 3483 1011 3532 murras,
1021 3473 1179 3532 mustelam,

103 3541 208 3599 restitui.
246 3543 279 3599 ln
301 3545 401 3601 horum
419 3543 513 3602 locum
528 3543 614 3602 libra·
655 3543 766 3621 aliaque
780 3543 910 3622 plurima.
939 3545 1023 3604 Conf.
1039 3545 1181 3624 Cruquius

105 3620 156 3678 rius
174 3622 290 3700 Guelph.
311 3643 327 3681 e
347 3623 474 3702 proxime
495 3643 615 3702 sequen.
656 3625 690 3682 ad
706 3625 810 3684 Horat.
826 3627 881 3684 111.
896 3625 945 3686 od.
963 3645 1008 3702 ¹4·
1030 3645 1076 3685 aa.
1091 3629 1114 3685 l.
1129 3639 1182 3684 sat.

106 3701 180 3768 tibus,
198 3703 370 3762 aberratione
392 3705 550 3772 manifesta,
571 3725 615 3763 re-
659 3725 685 3764 2.
701 3725 751 3782 93.
766 3706 791 3764 1.
806 3705 888 3785 epist.
902 3723 947 3783 15.
963 3722 991 3781 5.
1029 3707 1181 3765 Salmasius

108 3795 238 3860 posuerat:
262 3787 357 3842 troam
379 3788 435 3842 sive
457 3805 491 3844 ec
513 3789 615 3843 ductile
656 3785 692 3844 ad
715 3785 810 3844 Plaut.
832 3787 1006 3846 Menaechm.
1028 3785 1068 3844 11.
1091 3806 1117 3844 a.
1135 3805 1182 3844 21.

110 3864 366 3940 troeleoetsporrdio.
389 3865 509 3926 HEUS.
656 3867 773 3926 HEUS.

145 3947 227 4002 ¹u'se
259 3965 292 4004 ec
326 3949 444 4022 dactylo,
482 3947 611 4020 trocloeo]
697 3949 781 4004 ⁸Sic
807 3955 834 4004 te
861 3950 925 4005 diva
948 3955 1046 4023 potem
1074 3946 1181 4020 Cypri]

113 4023 186 4082 Paris.
199 4028 333 4102 posterior
345 4031 401 4085 siue
414 4047 447 4085 es
465 4029 575 4102 dactylo
588 4035 616 4084 et
657 4029 758 4086 Horat.
774 4027 823 4086 lib.
839 4029 861 4086 l.
873 4028 921 4086 od.
937 4045 965 4102 3.
980 4027 1066 4085 MSS.
1089 4026 1183 4084 Mutii

113 4105 217 4161 trocheo.
238 4107 354 4165 HEUS.
658 4107 782 4186 Guelph.
796 4121 826 4166 et
844 4107 929 4166 Paris.
950 4126 1006 4166 sec.
1028 4127 1081 4185 pro
1094 4107 1144 4166 Sic
1158 4115 1185 4164 te

147 4195 160 4239 t
179 4204 208 4242 er
225 4189 350 4264 spondis
370 4196 399 4246 et
421 4191 540 4265 dactylo,
560 4191 617 4247 rice
656 4189 832 4248 dederuntri
847 4197 882 4246 te.
908 4188 1027 4246 HEUS.

115 4266 222 4340 troclea]
244 4267 340 4325 atrio
356 4271 481 4328 menius
494 4269 616 4328 emendo
697 4265 713 4311 ¹³
733 4269 811 4326 Unde
830 4271 974 4344 Latinum]
992 4269 1097 4326 Versus
1117 4279 1185 4326 sunt

116 4349 257 4420 aspendio,
275 4357 302 4404 et
323 4351 441 4424 dactylo,
457 4359 484 4408 et
503 4351 616 4425 spondis
656 4347 821 4409 Terentiani
849 4349 944 4406 Mauri
973 4369 1000 4426 p.
1032 4365 1119 4424 243¹·
1150 4368 1183 4407 es

116 4428 283 4486 ssetoclco.
307 4429 431 4488 HEUS.
657 4429 798 4488 AEneidos
853 4429 993 4510 principio
1051 4427 1185 4510 expressi.

150 4508 269 4575 *Grata
296 4511 416 4586 Pyrrho,
442 4509 492 4566 sul
519 4513 612 4587 cauo]
659 4509 777 4570 HEUS.

119 4585 201 4645 Horat
214 4587 257 4646 lib.
268 4589 292 4647 1.
306 4589 354 4648 od.
369 4609 397 4666 5.
412 4588 478 4648 ΜΒ.
494 4590 616 4668 Guelph.
