3076 5140
162 355 250 408 car.
264 349 294 408 1.
312 335 377 408 De
394 336 564 410 muneris
579 336 675 408 inter
689 359 730 408 ae
746 345 856 436 atque
872 337 1083 412 inconnexis
1100 337 1165 436 850.
1193 353 1263 416 aod

263 519 446 618 Pungunt
462 517 718 618 emminojmn
736 543 861 594 novem
876 545 1019 594 sorores

163 631 375 706 hexametro
392 634 636 733 complebitur
653 637 716 723 sic,

215 748 395 848 Pungunt
411 749 577 823 camina
593 749 802 849 tergemino
817 753 1050 826 menorunda
1066 779 1217 828 sorores.

161 874 178 908 ¹
185 863 411 937 Resederunt
427 877 498 936 tres
522 865 683 954 trochei,
696 865 783 964 jum
800 891 925 938 ηοοοηι
941 889 1090 942 sorores.
1140 867 1307 943 Tertiae

162 992 283 1050 autem
301 978 431 1051 divisio
447 979 553 1051 latius
570 993 681 1077 patet,
699 979 801 1076 cujus
817 981 1037 1080 exemplum,

265 1092 391 1166 Sulcos
407 1103 495 1167 ωηο
511 1103 684 1194 retegunt
701 1119 806 1169 come
822 1095 1007 1189 'fluentes

163 1205 271 1296 Item,

260 1323 488 1397 «Iamdudum
506 1323 574 1397 tibi
590 1323 768 1398 άωοοοηο
779 1324 942 1422 probavi.

163 1434 260 1510 Nam
280 1438 309 1510 si
327 1440 485 1512 retrahas
491 1437 671 1539 fluentes,
688 1453 851 1512 remanet

261 1552 415 1627 ιἰἳηίοηο
431 1565 519 1628 ωηο
533 1564 706 1654 retegunt
724 1579 840 1628 conse.

164 1667 269 1749 Quod
295 1682 351 1741 est
377 1685 546 1754 metrum,
572 1684 612 1742 ut
634 1669 873 1765 grammatici,
897 1669 1195 1760 choriambicum,
1221 1685 1261 1746 ut
1273 1685 1304 1750 σο

165 1785 302 1874 musici,
340 1785 575 1858 bacchiacum
610 1786 684 1858 sire
717 1785 1001 1886 Anacreontium
1041 1785 1259 1884 syllabarum

164 1913 253 1990 octo,
271 1901 363 1972 etin
388 1901 458 1972 hoc
475 1913 549 1972 tam
577 1901 703 1998 primae
720 1925 829 1996 quam
849 1901 987 1974 ultimae
1007 1899 1088 1975 duoe
1114 1901 1260 2000 syllabae

163 2013 395 2101 incremento,
413 2015 529 2112 magis
546 2041 654 2112 quam
673 2015 808 2088 ctextui
830 2015 964 2114 pedum
982 2016 1201 2101 necessarie,
1219 2027 1261 2089 ut

163 2143 300 2226 putant,
319 2129 507 2202 habentur.
559 2131 653 2212 Quae
672 2145 756 2203 sunt
774 2131 841 2219 ha’,
860 2129 963 2204 initio
979 2129 1109 2219 sulcos,
1122 2130 1158 2202 in
1175 2129 1304 2210 ulti-64

164 2271 222 2318 mo
252 2273 369 2330 come,
395 2259 557 2344 superest
574 2255 661 2319 ωηο
685 2256 868 2346 retegunt,
898 2273 971 2344 quo
996 2273 1060 2346 pes
1082 2247 1260 2320 choriam-

165 2361 226 2434 bus
243 2363 408 2448 efficitur,
425 2389 446 2434 e
464 2363 571 2460 longa
587 2375 624 2435 et
642 2364 781 2436 duabus
805 2362 970 2434 brevibus
989 2375 1026 2434 et
1043 2361 1162 2458 longa,
1178 2386 1259 2457 quae

162 2476 187 2548 si
206 2477 298 2552 forte
315 2478 432 2550 brevis
449 2478 647 2565 incurrerit,
664 2478 761 2550 utin
779 2477 841 2550 illo
858 2503 973 2560 versu,

357 2591 584 2666 «Iamdudum
601 2593 668 2665 tibi
684 2593 885 2666 dasem.-

162 2732 241 2779 nam
261 2707 302 2779 di
326 2708 465 2805 syllaba
483 2707 519 2779 in
543 2708 627 2781 dum
650 2709 718 2781 tibi
741 2707 807 2794 dis,
825 2707 886 2804 qui
912 2719 967 2778 est
995 2704 1301 2794 ‘'choriambus‚⁶5

162 2822 274 2894 brevia
303 2823 458 2913 inventa,
488 2825 551 2896 liet
580 2825 686 2922 longa
711 2823 902 2923 positione,
931 2833 1102 2919 sequente
1132 2821 1200 2894 alia
1229 2847 1259 2910 a,

161 2939 262 3036 ‘quia
279 2939 318 3010 in
336 2965 437 3013 versu
465 2939 618 3012 habetur
641 2952 725 3038 post
743 2939 799 3012 dis
816 2939 945 3012 ultima
963 2937 1177 3011 ‘choriambi
1203 2963 1258 3011 se-

159 3081 253 3142 rens,
273 3055 344 3127 hoe
360 3073 414 3126 est
432 3055 621 3128 disserens.
650 3055 821 3152 Superest
838 3080 923 3153 ergo
940 3053 1111 3152 superiori
1129 3053 1258 3138 versui,

159 3170 263 3265 cujus
285 3169 494 3268 exemplum
518 3168 740 3260 induximus,
767 3180 854 3243 ωηο
874 3179 1055 3269 retegunt,
1081 3185 1123 3242 ut
1146 3169 1257 3256 vides,

158 3311 220 3384 pes
257 3283 398 3356 medius
428 3285 677 3358 choriambus:
707 3311 788 3384 pars
824 3303 943 3359 autem
975 3287 1092 3386 prima
1122 3285 1160 3358 in
1188 3285 1258 3359 hoc

158 3427 275 3489 versu,
300 3413 341 3472 ut
367 3425 485 3499 supra,
512 3400 645 3498 pedum
677 3400 881 3474 diversitate
909 3401 1082 3476 variatur:
1109 3429 1193 3475 nam
1221 3416 1258 3476 et

159 3514 360 3613 spondeum
387 3529 424 3588 et
449 3517 610 3589 iambum
639 3529 675 3588 et
702 3516 899 3590 trocheum
929 3515 1098 3607 admittit,
1128 3519 1258 3592 ultima

159 3640 328 3701 manente
345 3656 486 3728 semper
502 3627 692 3718 immobili,
710 3655 819 3726 quam
839 3631 935 3704 solus
959 3627 1100 3702 iambus
1117 3629 1258 3702 obtine-

159 3745 231 3818 bit:
258 3769 356 3844 ergo,

198 4013 211 4044 ²
232 3999 411 4073 resederunt]
436 3953 567 4058 reseddnt
581 4001 613 4058 P.
709 4011 724 4045 ⁸
738 4001 869 4074 fluentes]
886 4001 1018 4059 flaventes
1034 4001 1067 4058 P.
1083 3997 1166 4058 etsie
1181 4019 1255 4058 mox.

159 4076 293 4155 bsulcus]
311 4079 405 4137 sulcos
418 4081 448 4137 P.
555 4089 569 4122 ⁰
582 4081 685 4155 textui]
702 4095 778 4142 texui
793 4083 823 4139 P.
919 4079 934 4123 d
949 4079 1144 4157 choriambus]
1162 4079 1255 4138 chori·

157 4163 267 4228 ambus,
282 4158 373 4218 brevis
387 4160 418 4216 P.
500 4169 514 4203 ²
527 4159 604 4238 quia]
621 4166 657 4238 qn
670 4162 701 4220 P.
784 4159 976 4236 rchoriambi]
990 4159 1171 4219 choriambus
1184 4161 1215 4218 P.

196 4365 245 4422 ⁶2.
268 4381 350 4422 conse
366 4365 500 4442 fluentes]
529 4363 622 4442 Supra
644 4365 685 4422 ln-
727 4363 795 4431 tius,
810 4367 906 4440 quaeri
915 4365 1004 4441 sorte,
1019 4361 1146 4441 suspicor
1160 4361 1257 4422 deesse

159 4451 253 4513 ιοηω,
279 4455 311 4502 ut
333 4445 503 4505 monuimus.
545 4445 586 4502 Et
613 4441 685 4503 inse·
728 4444 844 4520 aliquid.
866 4445 1015 4504 cumula
