3100 5142
151 428 244 478 car.
259 419 294 490 5,
312 403 347 478 6.
492 407 556 478 De
571 417 687 480 oretro
705 413 741 476 et
757 404 934 504 rhythmo.
1189 417 1262 494 3³7

150 589 308 677 habent,
325 588 407 662 ⁰alii
423 602 543 664 autem
563 615 627 696 per
644 590 812 689 syzygias
828 588 976 664 diversae
994 587 1181 688 potestatis
1199 615 1262 687 pe-

147 705 263 780 dibus
281 719 459 780 constant.

481 855 582 937 Car.
598 853 648 936 V.
692 859 775 940 pDe
794 871 932 940 hietro.

207 989 357 1064 Metron
374 1001 429 1062 est
445 989 637 1088 conceptio
654 991 759 1062 certis
777 1005 814 1063 et
832 991 1003 1090 legitimis
1028 990 1181 1089 pedibus
1199 1017 1260 1065 ex-

150 1105 302 1208 pedita:
326 1105 459 1180 dicitur
475 1118 594 1180 autern
614 1119 651 1179 et
668 1131 762 1179 unus
780 1132 843 1205 pes
865 1121 1017 1194 metron,
1035 1107 1131 1180 unde
1149 1107 1260 1182 hexa-

153 1235 302 1295 metron
319 1246 460 1294 versum
480 1220 716 1321 appellamus,
733 1235 771 1294 et
789 1247 861 1296 una
878 1221 1038 1322 syzygia,
1056 1221 1152 1296 unde
1170 1221 1260 1296 iarn-

152 1337 280 1412 bicum
309 1337 382 1410 sive
405 1362 514 1435 quem
542 1335 652 1410 alium
678 1361 723 1410 ex
752 1337 1066 1436 conjugationibus
1094 1351 1261 1411 constan-

150 1467 233 1553 tem
259 1452 463 1526 trimetrum
490 1451 656 1526 dicimus.
699 1451 875 1524 Similiter
900 1466 937 1526 et
963 1479 1104 1526 versum
1132 1479 1260 1544 unu-m,

154 1567 257 1641 unde
282 1567 505 1642 trochaicum
533 1580 688 1640 metrum
709 1567 802 1654 dico,
819 1581 856 1639 et
874 1567 1041 1666 paginam
1067 1581 1180 1640 metra
1199 1567 1261 1640 ha·

155 1685 242 1756 bere
260 1683 384 1758 decem
409 1709 493 1756 cum
512 1708 635 1756 versus
661 1683 737 1780 ejus
764 1709 927 1756 numero.
972 1681 1094 1756 Unam
1114 1710 1260 1782 quoque

154 1799 333 1897 syllabam
355 1813 493 1871 metron
512 1796 679 1871 dixerunt
697 1825 800 1898 aqua
816 1825 982 1872 mensura
995 1799 1132 1899 incipit.
1159 1799 1259 1901 Ergo

154 1928 195 1986 et
213 1913 350 2013 syllaba
369 1939 389 1985 a
405 1939 478 2010 qua
490 1940 565 2013 pes,
583 1926 619 1986 et
637 1941 699 2014 pes
717 1927 776 1988 rra
793 1940 866 2011 quo
884 1915 1044 2014 syzygia,
1055 1929 1093 1988 et
1110 1915 1259 2015 syzygia

155 2039 202 2100 ‘la
227 2055 299 2128 qua
324 2055 480 2118 comma,
502 2055 648 2102 comma
673 2057 692 2102 a
717 2057 790 2127 quo
815 2031 932 2122 colon,
957 2046 993 2102 et
1016 2031 1120 2104 colon
1146 2057 1258 2128 aquo

156 2167 279 2216 versus
297 2145 465 2232 nascitur,
484 2158 597 2218 metra
614 2145 793 2220 dicuntur.

417 2345 521 2426 Cur.
545 2343 619 2424 VI.
675 2347 779 2427 aaDe
796 2345 996 2454 rhythmo.

210 2493 311 2566 Inter
328 2509 482 2568 metrum
502 2509 540 2567 et
558 2493 774 2594 rhythmum
801 2494 870 2568 hoc
888 2495 1047 2584 interest,
1066 2494 1164 2593 quod
1184 2521 1259 2568 me·

158 2625 256 2682 trum
275 2609 366 2684 eirca
384 2609 596 2684 divisionem
617 2607 751 2709 pedum
772 2625 941 2700 versatur,
958 2611 1151 2710 rhythmus
1164 2611 1259 2684 cirea

159 2752 303 2816 sonum,
328 2726 424 2825 quod
451 2727 559 2799 etiam
587 2739 726 2798 metron
754 2725 831 2798 sine
858 2725 1053 2825 rpsalmatc
1077 2726 1256 2825 prolatum

159 2841 414 2941 proprietatem
441 2867 543 2917 suam
572 2855 699 2930 servat,
718 2841 912 2940 rhythmus
928 2855 1047 2915 autem
1070 2867 1255 2939 nunquam

160 2957 235 3030 sine
260 2957 437 3060 psalmate
453 2957 597 3032 valebit.
640 2957 708 3030 Est
725 2957 833 3030 etiam
859 2957 1053 3056 rhythmus
1071 2973 1107 3031 et
1125 2960 1161 3032 in
1181 2986 1286 3033 cor-r

160 3074 269 3174 porali
291 3088 410 3148 motu:
432 3088 531 3148 'eum
552 3073 649 3146 enim
668 3073 795 3146 histrio
812 3072 1019 3146 indecenter
1032 3073 1174 3172 signum
1196 3075 1258 3147 ali-

160 3190 255 3288 quod
273 3191 449 3290 expressit
466 3192 653 3291 arythmos
670 3189 838 3278 dicimus,
850 3185 1018 3262 decenter
1034 3190 1257 3289 eurytbmos.

161 3305 254 3378 Item
272 3307 300 3379 si
319 3307 426 3380 fuerit
443 3309 628 3405 aequalitas
647 3307 804 3406 corporis
823 3303 964 3378 modice
982 3319 1180 3406 temperata
1197 3333 1258 3378 eu-

160 3423 335 3522 rytbmos,
361 3421 563 3519 tinaequalis
582 3450 665 3496 vero
691 3437 727 3494 et
753 3422 839 3494 toris
866 3421 1080 3518 quibusdam
1111 3423 1258 3496 confusa

162 3537 345 3638 arythmos
362 3539 576 3638 appellatur,
595 3537 689 3610 unde
707 3537 893 3636 Virgilius,

336 3664 419 3727 Tam
434 3663 530 3752 longo
543 3661 756 3726 nadusloteri
770 3660 890 3724 modica
1002 3669 1004 3674 ’

160 3771 261 3846 Toris
299 3773 395 3847 enim
431 3772 637 3846 extantibus
675 3785 711 3844 et
752 3771 1096 3870 interrumpentibus
1135 3769 1255 3856 latera,

163 3888 324 3986 orythma
341 3889 450 3962 latera
468 3889 583 3962 'facta
601 3903 696 3961 sunt.

198 4139 287 4194 ⁰ottt
308 4145 400 4196 autem
420 4157 471 4213 per
494 4141 620 4216 syzygias
642 4140 745 4196 dinem
768 4139 913 4212 potestatis
939 4139 1051 4210 pedibas
1073 4143 1198 4192 coartent
1221 4135 1255 4194 V.

163 4218 236 4274 lDe
249 4219 361 4293 metro]
384 4219 515 4279 Titulurn
530 4219 610 4278 addit
624 4218 661 4277 V.
759 4227 793 4273 ΡΙ)
807 4237 824 4272 α
839 4219 907 4292 quo]
924 4236 942 4273 o
956 4237 1009 4292 quo
1024 4217 1059 4272 V.
1074 4227 1103 4273 et
1119 4235 1182 4273 mox
1197 4235 1255 4276 orn.

164 4302 310 4374 oryzygio.
432 4311 449 4354 q
463 4319 481 4356 o
495 4319 549 4376 quo
563 4319 667 4358 commo
681 4300 724 4355 vel
737 4300 815 4354 colon
829 4317 847 4352 a
862 4315 916 4370 quo
930 4315 1021 4353 verser
1034 4299 1155 4352 noscitur
1168 4305 1256 4354 metro

164 4381 286 4438 dicuntur
301 4381 334 4437 V.
437 4391 470 4436 (tu
485 4381 533 4438 De
546 4379 696 4456 rhythmo]
719 4376 845 4436 Titulum
862 4375 941 4433 addit
957 4379 991 4434 V.
1082 4378 1254 4450 rpsatmore]

161 4462 292 4534 plasmate
306 4461 342 4520 V.
358 4459 403 4518 bie
417 4473 447 4518 et
461 4459 544 4520 inira.
628 4461 729 4532 'eum]
748 4476 809 4515 cum
823 4459 894 4514 enim
906 4457 941 4512 V.
1023 4457 1257 4531 tirrequolisoero

165 4549 187 4596 et
200 4543 355 4614 quibusdam
371 4541 485 4618 confuso
499 4543 535 4599 V.
619 4541 724 4617 vsuctu
737 4537 813 4611 suut]
829 4537 982 4614 suntfocto
996 4537 1031 4594 V.

677 4641 746 4689 XX
