3076 5140
308 449 377 528 ¹7⁰
679 437 798 510 Marii
818 433 1003 510 Victorini
1253 461 1327 510 ms.
1342 459 1402 511 ιιι.

303 619 439 696 ”istum
465 621 658 718 subjiciens
677 621 869 721 copulavit,
886 621 983 719 quod
1003 621 1144 722 ¹posteo
1159 619 1404 696 Archilochus

303 736 462 812 limatius
480 736 730 837 interpolando
747 737 951 836 conposuit.

404 961 509 1041 Car.
530 959 632 1041 XII.
680 962 746 1042 De
761 961 949 1042 trimetro
967 987 1087 1043 vorsu
1108 961 1288 1043 iambico.

352 1109 486 1182 Versus
508 1109 670 1182 trimeter
693 1109 882 1199 iambicus,
908 1109 970 1206 qui
1001 1123 1037 1182 et
1066 1109 1236 1200 senarius,
1263 1109 1404 1206 adjecta

304 1225 371 1298 sibi
390 1224 433 1298 ad
451 1223 597 1297 initium
615 1223 763 1324 dipodia
786 1225 824 1297 iu
841 1239 1103 1315 tetrametrum,
1121 1253 1230 1324 quem
1249 1239 1285 1298 et
1302 1241 1405 1298 octo-

303 1341 444 1414 narium
480 1341 673 1440 appellant,
703 1355 869 1413 vertetur.
931 1341 1072 1414 Feritur
1098 1354 1218 1417 autem
1246 1341 1403 1441 dipodiis

302 1471 483 1556 quattuor,
497 1457 589 1529 sicut
599 1455 760 1528 trimeter
776 1456 901 1547 tribus,
918 1483 1028 1555 quem
1048 1485 1068 1530 a
1085 1482 1237 1530 numero
1255 1457 1404 1556 pedum,

303 1587 343 1646 ut
360 1573 530 1661 diximus,
548 1571 658 1644 nostri
686 1572 879 1662 senarium,
897 1599 917 1645 a
935 1599 1085 1646 numero
1102 1599 1186 1645 vcro
1203 1573 1404 1673 percussio-

274 1722 288 1758 ι
303 1715 390 1762 num
409 1689 612 1763 trimetrum
628 1688 746 1761 Graeci
764 1687 944 1761 dixerunt.
995 1685 1218 1788 Exemplum
1236 1713 1321 1788 ergo
1338 1687 1404 1761 tri-

304 1804 409 1876 metri
427 1802 574 1876 iambici
592 1803 670 1888 crit,

402 1917 585 1992 Pbusetns
600 1918 664 1992 ille
680 1943 786 2016 quem
803 1917 934 1992 videtis
951 1917 1117 2016 hospites.

303 2033 379 2106 Hic
397 2032 591 2130 quadratus
608 2061 653 2107 ex
672 2033 835 2106 trimetro
852 2032 1017 2122 efficitur,
1034 2033 1096 2122 sic,

402 2151 524 2224 Adest
541 2149 637 2224 celer
654 2149 836 2223 Pboselus
852 2149 917 2224 ille
932 2175 1036 2248 quem
1052 2149 1183 2224 videtis
1200 2149 1366 2246 hospites.

272 2263 420 2363 slgitur
445 2265 475 2337 si
500 2266 655 2364 priorem
681 2264 827 2361 adjectae
850 2266 1014 2338 trimetro
1031 2265 1146 2339 versui
1166 2263 1320 2365 dipodiae
1337 2264 1402 2337 de-

302 2381 450 2454 traxeris
468 2382 642 2480 syllabam
662 2381 721 2469 od,
739 2395 891 2478 quaeest
912 2379 1023 2454 iambi
1042 2379 1170 2480 prima,
1187 2381 1255 2453 erit
1277 2407 1401 2453 versus

302 2497 479 2597 incipiens
497 2524 518 2570 a
535 2499 680 2587 cretic0,
698 2523 808 2593 quem
826 2495 1115 2596 amphimacrum
1140 2495 1308 2585 dicimus,
1326 2496 1390 2586 sic,

402 2611 473 2686 luc
490 2611 588 2686 celer
603 2611 788 2688 Phaselus
804 2610 868 2684 itte
884 2637 988 2710 quem
1003 2612 1132 2685 videtis
1149 2611 1330 2708 hospites.-

303 2726 412 2827 kquia
436 2728 593 2802 detracta
611 2727 728 2828 prima
747 2727 843 2800 brevi
862 2753 882 2800 c
900 2727 1046 2826 dipodia
1064 2727 1231 2817 iambica,
1247 2755 1400 2825 sequens

300 2847 408 2943 longa
426 2845 566 2919 adnexo
583 2845 650 2918 sibi
669 2845 729 2942 qui
754 2843 786 2916 ei
807 2844 976 2942 jungitur
1000 2843 1132 2934 iambo,
1148 2843 1320 2916 creticum
1349 2843 1402 2915 ef-

302 2963 378 3035 licit
395 2962 538 3062 pedem,
557 2963 619 3051 sic,
637 2971 691 3034 est
707 2959 814 3034 celer.
867 2961 974 3045 Item,

401 3079 544 3152 Beatus
560 3077 625 3153 ille
641 3078 705 3179 qui
717 3075 849 3175 procul
863 3075 1046 3176 ¹negotiis.

273 3193 403 3268 ⁴Huic
420 3195 583 3268 trimetro
610 3195 638 3267 si
666 3193 909 3292 anteposueris
933 3192 1115 3276 Socrates
1133 3189 1194 3288 qui
1221 3201 1362 3262 constat
1379 3216 1400 3261 e

301 3313 409 3408 longa
431 3312 528 3384 brevi
554 3325 591 3385 et
608 3313 726 3410 longa,
746 3311 815 3382 boc
837 3323 892 3382 est
909 3309 1189 3408 amphimacrus,
1207 3306 1273 3378 erit
1291 3317 1400 3378 tetra-

302 3438 437 3497 metrus
447 3425 704 3500 Archilochius
722 3425 961 3511 catalecticus,
975 3449 1083 3522 quem
1101 3449 1167 3496 nos
1181 3421 1398 3521 quadratum

300 3537 467 3628 dicimus,
485 3540 547 3630 ita,

202 3641 205 3646 ⁵
402 3653 571 3728 Socrates
589 3655 715 3728 beatos
732 3654 795 3729 ille
811 3657 873 3754 qui
883 3653 1017 3752 procul
1030 3654 1198 3752 negotiis.

272 3767 415 3850 sHunc
433 3769 561 3842 musici
579 3770 803 3844 trochaicum
828 3773 1021 3872 appellant.
1071 3771 1169 3843 Nam
1197 3794 1280 3842 cum
1309 3793 1400 3867 prae-

301 3883 405 3957 cedat
422 3885 585 3957 iambum
612 3885 775 3974 creticus,
792 3886 951 3960 detracta
977 3887 1009 3959 ei
1036 3913 1204 3986 suprema
1229 3885 1337 3982 longa
1362 3896 1399 3956 et

300 3999 423 4073 iambo
449 4000 653 4098 insequenti
672 3999 854 4097 madjecta,
871 4003 981 4076 versis
1008 4002 1045 4075 in
1063 4003 1237 4075 trochaeos
1255 3999 1398 4086 iambis,

341 4272 358 4317 h
373 4273 474 4350 istum]
491 4275 597 4334 iustum
614 4275 644 4332 P.
736 4271 745 4314 ἱ
759 4285 859 4351 postea
873 4273 1073 4351 Archilochus]
1089 4273 1152 4352 p'ea
1165 4271 1349 4332 Archilochus
1364 4271 1399 4328 li.

302 4353 404 4413 matius
419 4356 450 4412 P.
532 4353 643 4434 ¹¹quis]
660 4374 717 4431 qua
729 4355 762 4412 P.
843 4351 1001 4432 ¹negotiis]
1018 4357 1132 4434 negotia
1145 4357 1176 4414 P.
1249 4355 1274 4397 Ψ
1287 4351 1400 4428 adjecto

301 4433 387 4496 versis
401 4435 432 4494 iu
447 4437 599 4513 trochaeos]
616 4433 726 4510 adjecta
741 4433 812 4494 versi
825 4435 884 4493 sint
898 4437 1021 4496 trocheo
1036 4437 1068 4495 P.
