3124 5120
309 419 378 482 134
693 409 812 483 Marii
833 407 1015 484 Wctorini
1273 435 1348 487 aru.
1363 437 1405 489 ιι.

305 591 392 666 huic
410 607 542 692 'prope
558 593 774 668 contrarium
794 595 1008 694 respondere
1025 621 1130 695 posse
1147 597 1407 695 conspicerent,

304 707 421 805 ‘quod
442 721 662 782 tamennon
683 734 728 782 ex
751 710 923 784 omnibus
948 712 1147 785 molossicis
1168 714 1405 788 connectitur.

275 823 401 898 sNam
421 823 599 923 spondeos
616 825 771 898 invicem
791 827 931 914 miscet,
950 839 1073 917 otest,

334 939 414 1013 lIte
430 965 451 1012 o
469 939 612 1036 Sparte
623 941 807 1038 primores
809 941 948 1042 jonate
964 969 1060 1016 nunc
1070 968 1208 1040 porcos
1225 943 1406 1019 ducentes.

303 1055 423 1128 Satius
456 1069 577 1128 tamen
612 1070 666 1129 est
700 1056 841 1131 adnecti
875 1085 959 1132 curn
995 1057 1230 1157 copularique
1264 1061 1407 1134 comico

304 1171 530 1271 anapaestico,
555 1171 658 1268 cujus
686 1173 937 1272 cognationem
970 1174 1007 1246 in
1037 1201 1074 1248 se
1103 1173 1306 1270 conjunctis
1332 1175 1406 1248 suis

276 1287 442 1364 rduabus
460 1287 597 1360 ultimis
616 1287 782 1362 brevibus
800 1288 1033 1364 demonstrat.
1070 1288 1168 1363 Nam
1188 1316 1234 1362 ex
1251 1289 1407 1363 dimetro

304 1405 523 1504 anapaestico
536 1403 735 1480 bltrimeter
752 1406 1092 1504 proceleusmaticus
1106 1405 1319 1505 figurabitur
1329 1432 1406 1478 ver-

303 1547 375 1606 sus,
392 1521 500 1621 longa
516 1520 593 1618 ejus
611 1521 648 1594 irr
667 1523 791 1595 breves
809 1523 937 1612 soluta,
948 1535 986 1595 et
1003 1523 1151 1622 syzygia
1169 1521 1206 1594 in
1222 1521 1405 1622 simplices

302 1636 412 1736 pedes
428 1635 553 1722 divisa,
573 1651 612 1710 ut
628 1652 693 1726 est,

410 1753 515 1827 tnta
531 1752 731 1827 terribilem
748 1755 892 1830 esonuit
908 1755 1097 1853 crepitum.

301 1867 497 1941 “Praeterea
514 1867 611 1966 quod
637 1895 837 1966 numquam
856 1897 876 1942 e
894 1869 1117 1970 pyrrhichio,
1134 1867 1196 1966 qui
1214 1865 1347 1967 duplex
1367 1869 1403 1941 in

302 1982 622 2083 proceleusmatico
642 1985 805 2074 habetur,
823 1985 976 2060 formata
993 1984 1113 2083 aliqua
1130 1984 1168 2056 in
1183 1984 1307 2056 metris
1325 2010 1405 2084 spe-

274 2100 373 2174 scies
400 2099 610 2198 proferatur.
664 2099 786 2197 Hujus
805 2127 927 2173 versus
953 2099 1185 2198 longissimus
1208 2099 1276 2172 erit
1298 2113 1405 2172 tetra·

303 2229 417 2286 meter
441 2215 682 2304 catalecticus,
698 2217 754 2287 vel
782 2216 810 2288 si
834 2215 915 2314 quis
942 2215 1039 2288 illam
1067 2213 1187 2288 adhuc
1212 2213 1405 2287 extendere

301 2331 453 2420 affectet,
487 2348 723 2431 pentameter.
776 2331 922 2430 Recipit
959 2345 1079 2403 autern
1122 2331 1250 2429 prima,
1280 2343 1317 2402 et
1351 2356 1405 2401 se·

301 2446 430 2535 cunda,
448 2461 485 2520 et
502 2449 606 2521 tertia
628 2448 711 2522 sede
736 2446 1111 2548 proceleusmaticum,
1127 2459 1256 2543 quarta
1279 2445 1404 2517 tribra-

302 2562 400 2662 chyn
427 2577 489 2636 aut
507 2577 741 2663 anapaestum,
759 2563 890 2660 quibus
915 2581 951 2634 et
974 2560 1163 2650 clauditur,
1186 2560 1323 2632 scilicet
1344 2559 1405 2632 de-

301 2691 414 2752 tracta
431 2679 750 2776 proceleusmatico
768 2678 906 2778 syllaba
923 2677 1063 2765 ultima,
1080 2689 1142 2749 aut
1158 2675 1299 2748 duabus
1323 2676 1405 2748 bre-

301 2795 405 2866 vibus
432 2795 569 2868 ultimis
595 2797 631 2868 in
662 2821 768 2868 unam
798 2795 942 2892 longam
972 2790 1124 2864 redactis
1148 2805 1296 2889 propter
1321 2815 1405 2862 ana·

273 2924 468 3010 opaesturn,
485 2911 537 2985 uti
556 2927 713 2984 metrum
733 2911 779 2983 sit
801 2935 873 2981 ιιοιι
901 2933 1082 2980 numerus.
1134 2905 1327 2978 scanditur
1343 2931 1405 2978 au-

301 3041 375 3099 tern
403 3053 467 3125 per
491 3027 686 3127 dipodiam.
738 3025 960 3124 Exemplum
988 3023 1056 3096 crit
1084 3021 1282 3096 tetrametri
1308 3033 1404 3094 cata·

303 3141 432 3227 lectici,
450 3140 498 3229 id,

402 3257 545 3330 Nemus
561 3283 628 3332 ave
643 3258 803 3344 reticuit,
821 3282 914 3355 ager
929 3254 1093 3328 θΙιοιιιὶιιιι
1108 3263 1226 3326 soum.

303 3371 410 3458 Item,

402 3485 511 3558 Perit
529 3486 605 3560 abir
622 3488 786 3585 ovipedir
804 3485 968 3560 animula
986 3483 1128 3582 teporm

302 3599 471 3673 Trimetri
490 3615 623 3690 autern,
641 3601 689 3690 id,

453 3717 567 3816 Agite
580 3717 751 3816 peragite
759 3715 926 3816 juvenes.

344 3901 470 3976 2prope]
487 3911 603 3977 propter
616 3901 648 3958 P.
738 3897 921 3976 ⁸qui]quod
936 3899 968 3956 P.
1061 3893 1342 3973 blreoprrrcaeJiu
1355 3915 1404 3952 eos

304 3991 382 4056 parte
397 3980 427 4036 P.
510 3977 537 4014 ll
551 3979 691 4053 trimeter]
709 3979 743 4036 1..
759 3991 930 4036 tetrameter.
1003 3989 1016 4020 ⁰
1030 3977 1126 4035 sonuit
1140 3975 1292 4054 crepiturn]
1309 3975 1405 4034 sonitu

303 4060 412 4136 crepitu
427 4060 459 4118 P.
552 4057 568 4102 (ἲ
582 4061 730 4137 praeterea]
747 4072 898 4137 propterea
911 4059 942 4116 P.
1037 4059 1195 4131 ehomine]
1213 4057 1356 4114 honrinenr
1372 4057 1402 4112 P.

304 4140 419 4198 horrrine
432 4139 497 4199 silet
512 4160 597 4218 supra
612 4143 634 4198 1.
654 4159 699 4198 ra.
715 4161 739 4198 r.
755 4143 871 4197 Senten.
887 4139 1000 4196 Terent.
1015 4139 1111 4196 Maur.
1127 4158 1154 4215 p.
1169 4157 1234 4196 ιιι.

345 4298 373 4354 6.
402 4297 477 4355 Perit
513 4298 572 4356 abit
608 4298 748 4376 uvipedis]
789 4299 835 4354 lta
876 4295 978 4352 MER.

304 4389 380 4436 reete
402 4377 540 4446 scribitur,
565 4381 660 4436 breves
680 4378 756 4436 eninr
778 4377 833 4454 syl·
916 4375 954 4433 ib.
976 4373 1058 4453 Agite
1071 4375 1140 4447 δια]
1163 4375 1274 4432 Vocenr
1291 4375 1405 4448 troclry-

303 4457 374 4516 lubre
394 4478 455 4516 esse
474 4459 589 4524 debent.
614 4459 641 4516 irr
658 4458 832 4516 'l'crentirrno
874 4459 1001 4514 catalectt
1028 4453 1163 4512 excidisse
1190 4467 1272 4532 prrtut
1304 4459 1404 4514 Saote-

304 4541 424 4616 alipedes
445 4559 589 4619 perperam
611 4539 743 4618 positum.
766 4542 832 4596 CA·
875 4537 937 4596 nius
950 4538 1017 4594 Ter.
1033 4535 1128 4592 Maur.
1141 4554 1170 4611 p.
1185 4551 1251 4608 113.
