3082 5140
263 441 336 502 352
613 424 728 500 Atilii
742 423 1000 498 Fortunationi
1217 446 1305 495 ran.
1326 445 1368 494 ιι.

264 637 358 712 goga
383 611 556 698 diximus,
573 609 744 710 componi
772 633 817 682 ex
845 607 914 680 iliis
945 607 1204 707 principalibus
1232 607 1370 696 metris,

265 739 329 801 aut
351 723 563 824 adjectione,
580 739 643 798 aut
665 723 899 814 detractione,
917 737 979 796 aut
1001 721 1288 810 concinnatione,
1306 737 1374 794 aut

265 841 546 942 permutatione.
598 838 824 938 Adjectione,
841 853 895 928 ut,

395 957 542 1022 Solvitur
556 957 642 1020 acria
656 955 764 1042 hyenae
775 965 878 1044 grata
893 957 960 1020 vice
974 957 1060 1020 veria
1073 965 1104 1019 et
1117 957 1256 1020 Favoni.

265 1068 431 1142 Accessit
457 1068 554 1140 enim
583 1068 692 1140 heroo
719 1079 834 1140 metro
860 1065 997 1164 syllaba
1014 1091 1095 1163 quae
1114 1093 1255 1139 versum
1274 1067 1370 1140 face·

216 1241 220 1250 .
266 1198 321 1256 ret
338 1183 548 1282 longiorem.
601 1180 848 1266 Detractione,
867 1195 1053 1278 tanquam,

400 1298 610 1385 Traianique
623 1297 723 1360 derce
738 1296 893 1360 machinae
906 1297 1046 1360 carinae.

240 1409 442 1484 ²Detracta
458 1411 555 1484 enim
576 1408 713 1507 syllaba
731 1407 919 1480 trimetron
938 1408 1022 1480 lecit
1041 1407 1230 1481 minorem.
1272 1407 1370 1480 Con-

268 1525 484 1610 cinnatione,

396 1641 472 1705 Jom
485 1643 567 1706 eatis
580 1643 676 1706 terrie
690 1642 777 1704 nivis
791 1650 886 1727 utque
899 1641 991 1704 dirce.

270 1753 392 1849 Hujus
410 1752 507 1825 enim
526 1752 643 1852 prima
669 1778 804 1826 caesura
828 1751 1020 1840 trochaica,
1039 1775 1191 1848 sequeus
1214 1750 1373 1823 iambica

241 1881 333 1946 aest.
398 1869 680 1957 Permutatione,
706 1869 799 1942 sicut
830 1895 913 1942 cum
942 1865 1183 1940 Archilochus
1213 1867 1372 1966 primam

269 1997 407 2084 partem
429 1983 527 2054 heroi
546 1984 681 2068 fecerit,
699 1997 910 2082 sequentem
931 1981 1090 2070 iambici,
1107 1994 1148 2053 ut
1164 1995 1232 2070 cst,

399 2097 544 2162 Scribere
559 2099 728 2164 vernicellae
741 2120 847 2163 amore
855 2119 1041 2186 permiram
1054 2097 1168 2184 gravi,

272 2209 446 2282 Horatius
477 2211 695 2310 permutavit
724 2225 761 2296 et
791 2209 876 2284 fecit
905 2209 1060 2310 priorem
1091 2207 1299 2297 iambicam,
1316 2234 1377 2281 se-

271 2339 441 2422 quentem
461 2323 655 2412 heroicam,
673 2325 736 2411 sic,

403 2441 602 2504 Occaeimtem
616 2441 654 2504 cle
668 2441 730 2518 dte,
744 2441 879 2528 demptae
894 2441 998 2504 virent
1008 2459 1128 2526 gentem

242 2584 257 2628 4
324 2549 416 2623 Haec
441 2563 561 2623 autem
589 2549 734 2624 Horatii
764 2550 924 2624 carmina
949 2548 994 2622 de
1020 2547 1151 2646 quibus
1177 2547 1294 2620 dicere
1318 2549 1378 2621 in-

272 2663 373 2737 stitui
400 2665 658 2765 monostropha
684 2665 801 2738 Graeci
830 2665 1111 2764 appellaverunt,
1129 2663 1227 2761 quod
1254 2664 1377 2763 prima

272 2781 420 2878 strophe
445 2779 587 2854 duobus
613 2781 669 2854 vel
694 2781 807 2854 tribus
833 2780 920 2855 colis
946 2779 1138 2879 explicata,
1157 2796 1292 2852 ceteras
1317 2805 1377 2852 se-

272 2909 424 2993 quentes
450 2895 585 2970 similes
612 2895 755 2986 habeat,
778 2923 844 2970 nec
874 2895 910 2968 in
940 2895 1059 2991 aliqua
1092 2907 1192 2994 parte
1218 2895 1376 2966 interve-

245 3037 259 3087 5
274 3009 396 3086 niente
413 3009 530 3109 epodo
546 3012 624 3085 cola
641 3023 838 3084 mutentur.
885 3009 1001 3083 Colon
1019 3009 1104 3106 quid
1124 3009 1170 3081 sit
1180 3007 1260 3105 jam
1279 3010 1377 3084 dixi-

274 3151 367 3211 mus,
393 3151 414 3198 a
439 3151 513 3223 quo
538 3127 664 3200 tricola
689 3127 763 3200 sive
789 3126 960 3199 tetracola
990 3124 1160 3198 dicuntur
1188 3126 1268 3198 haec
1297 3151 1414 3200 car-.

274 3240 383 3314 mina.
435 3241 480 3314 In
497 3242 724 3317 cantionibus
742 3255 864 3316 autem
888 3239 1008 3340 lyricis
1034 3241 1196 3339 legitime
1221 3241 1376 3340 scriptis,

274 3357 345 3431 hoc
371 3372 426 3431 est
452 3361 731 3460 monostrophis,
758 3360 835 3432 haec
862 3357 928 3430 tria
954 3355 1103 3428 inveniri
1134 3382 1279 3428 necesse
1308 3369 1376 3444 est,

275 3473 458 3570 strophen‚
476 3477 736 3576 antistrophen,
758 3474 911 3576 epodon.
963 3473 1063 3546 Olim
1090 3472 1188 3545 enim
1215 3472 1377 3545 carmina

246 3587 311 3659 ⁶in
331 3586 431 3658 Deos
454 3589 585 3687 scripta
611 3593 833 3666 constabant.
885 3589 1084 3663 Circumire
1110 3615 1208 3661 aram
1226 3586 1271 3660 ha
1288 3587 1377 3660 dex·
1419 3657 1424 3664 .

275 3715 329 3774 tra
354 3697 525 3800 strophen
549 3707 736 3796 vocabant,
760 3707 875 3780 redire
901 3734 921 3778 a
948 3707 1088 3778 sinistra
1114 3703 1376 3802 antistrophen,

275 3831 357 3915 post
375 3843 458 3891 curn
486 3821 523 3890 in
542 3835 737 3920 conspectu
761 3821 818 3893 dei
846 3819 1095 3893 iconsistentes
1117 3820 1267 3892 canticis
1294 3819 1379 3892 reli-

275 3957 346 4028 qua
375 3937 605 4033 peragebant,
636 3935 812 4034 “epodon
871 3935 972 4008 Hinc
1000 3934 1212 4007 translatum
1241 3961 1376 4008 nomen

275 4047 393 4119 estin
421 4049 484 4121 has
512 4049 645 4150 epodos
674 4077 756 4148 quae
782 4051 885 4124 binos
911 4076 1032 4124 versus
1060 4051 1204 4138 habent,
1222 4075 1306 4123 nam
1335 4065 1378 4123 ut

276 4162 351 4235 illic
376 4163 510 4263 epodos
535 4167 717 4243 canticum
745 4168 838 4257 finit,
864 4165 930 4240 lita
960 4165 1021 4239 hic
1045 4193 1165 4239 versus
1196 4164 1376 4238 secundus

316 4449 457 4531 hdextra]
472 4477 489 4514 a
502 4461 600 4518 dextro
614 4461 667 4519 V.‘
756 4458 964 4534 {combreto}
980 4411 1133 4518 meletenia
1148 4459 1182 4515 V.
1280 4455 1297 4500 ¹¹
1312 4477 1378 4534 epo-

275 4535 342 4611 don]
360 4533 441 4596 addit
454 4537 490 4596 V.
505 4563 598 4610 στιτησ
611 4551 688 4618 τροφη
701 4565 771 4598 κατα
783 4551 922 4618 αντισροφο
935 4565 989 4610 ιη.
1070 4537 1080 4582 ¹
1094 4539 1169 4614 laiac]
1186 4539 1230 4596 hic
1243 4539 1280 4595 V.
