2970 5134
327 329 394 396 sos
717 329 927 416 stapam
941 327 1063 414 atqua

328 519 420 568 acute
434 501 609 566 discernere
629 521 731 588 posse.
776 499 1002 578 Memioeiam,
1018 498 1130 564 multa
1146 499 1183 562 io
1199 497 1346 563 vetustis
1366 517 1469 558 asic-22»

329 605 427 682 ribus,
441 627 516 690 que
530 601 657 688 frigida,
672 599 790 688 inepta,
802 617 914 688 aperte
928 601 1005 665 l'alsa
1019 601 1185 665 omnibus
1199 601 1283 664 olim
1300 600 1372 663 rin
1386 617 1466 661 eret..

330 705 423 770 unius
446 729 530 792 sepe
553 703 687 768 hominis
704 701 844 782 cersolio,
866 703 1027 768 intendunt
1048 727 1146 782 casu,
1164 705 1214 768 ita
1232 705 1401 777 mmm,
1416 721 1464 762 an:

328 807 457 872 itacum
473 805 544 870 aliia
564 821 744 894 comparata
764 828 843 882 esse,
859 823 897 870 ut
918 805 993 869 inde
1017 828 1084 870 ooo
1110 829 1235 893 pamm
1259 803 1463 870 emolumes‘i

328 907 368 974 ad
386 909 484 972 bonas
499 907 618 974 litteras
631 907 818 996 pervenerit.

372 1011 447 1074 ,lam
464 1011 501 1086 si,
516 1009 674 1098 quidquid
689 1009 720 1072 io
739 1007 891 1094 Pompeio
913 1008 1118 1095 precipuum
1142 1009 1325 1097 reperimr,
1339 1009 1374 1072 id
1396 1005 1454 1068 inis

332 1135 518 1204 promerem,
534 1111 757 1200 previdebant,
773 1125 882 1196 pratea
903 1111 1060 1174 nemiuem
1082 1112 1184 1176 facile
1204 1112 1393 1176 adductum
1414 1112 1454 1174 in'.

333 1231 368 1280 ut
383 1237 504 1288 eorum,
519 1235 592 1301 qua
606 1236 626 1277 a
640 1235 690 1276 me
705 1210 811 1277 relicta
824 1227 937 1289 ment,
951 1211 1245 1278 describendorum
1268 1213 1303 1275 in
1321 1235 1355 1274 se
1370 1213 1453 1273 aisti

332 1333 419 1406 peret
439 1316 588 1394 laborem,
603 1337 698 1402 quem
721 1313 792 1378 licet
811 1312 1027 1394 difficiliorem,
1041 1331 1181 1401 gratum
1198 1333 1313 1380 tamen
1338 1315 1451 1398 parim}

332 1418 430 1498 tibus,
445 1417 690 1506 impendendum
706 1416 763 1482 sibi
780 1439 846 1480 ene
859 1415 1078 1480 arbitraretur.
1120 1418 1246 1502 AbJeci
1263 1419 1370 1505 igitur
1382 1416 1447 1478 illul

333 1521 431 1586 electa
449 1521 641 1608 Pompeiana
655 1517 836 1607 publicandi
850 1517 1025 1596 cone'lium,
1042 1533 1222 1606 totumque
1237 1520 1447 1604 librumque

333 1623 505 1710 list-umque
518 1639 609 1700 esset,
620 1621 805 1698 describere,
816 1637 860 1698 et,
876 1619 1006 1684 simulac
1029 1643 1088 1706 per
1109 1620 1205 1698 alios,
1222 1624 1285 1709 qui
1300 1624 1388 1686 curis
1409 1623 1443 1682 le

332 1725 537 1814 praevertendi
553 1741 637 1802 suot,
648 1724 770 1788 labores
781 1722 915 1800 licuerit,
925 1721 957 1785 in
972 1721 1139 1809 publicum
1156 1725 1312 1811 proferre
1321 1724 1441 1788 desen

377 1827 486 1892 Multo
500 1826 670 1892 studiosius
684 1825 724 1890 ad
748 1825 807 1890 boc
822 1825 983 1912 negotium
1005 1825 1166 1912 accingor,
1182 1842 1362 1914 postquam
1375 1825 1441 1890 cele

333 1929 486 1995 &minus
506 1927 719 1993 Rubolseuius
739 1927 923 1992 adhcnator
941 1926 1080 2003 accessit,
1095 1927 1167 2014 qui,
1183 1927 1262 1994 licet
1285 1931 1355 2018 ipae
1374 1928 1437 1992 mihi

331 2047 443 2096 auctor
458 2053 541 2094 unus
555 2030 652 2094 instar
666 2029 806 2094 omnium
822 2041 913 2107 esset,
926 2043 1029 2092 tamen
1045 2029 1239 2116 interposita
1253 2033 1353 2096 edm
1367 2053 1436 2094 mm

333 2133 375 2198 mi
392 2131 622 2196 Hcmsterlnusii
643 2131 829 2196 auctoritate
850 2151 973 2194 mecum
995 2131 1070 2218 egit.
1116 2132 1258 2218 Optime
1278 2151 1384 2198 autem
1403 2132 1435 2194 de

334 2236 486 2324 Pompeio
500 2235 681 2310 meriturus,
697 2255 810 2319 meque
822 2231 863 2296 ad
883 2255 964 2318 opus
983 2233 1173 2320 promissum
1195 2236 1298 2322 longe
1317 2235 1432 2300 alac-im

332 2339 558 2404 absolvendum
573 2337 766 2402 excitaturus
779 2351 870 2412 esset,
882 2335 909 2398 si
922 2335 995 2422 quis
1008 2333 1122 2398 edendi
1138 2338 1348 2422 grammatici
1362 2355 1433 2401 rete·

334 2442 376 2506 ris
400 2441 491 2506 iniret
520 2461 641 2504 mecum
672 2437 861 2512 societatem,
887 2435 1110 2524 exemplarque
1133 2459 1153 2500 a
1183 2460 1240 2502 me
1266 2439 1431 2504 describen-

334 2545 423 2620 dum,
438 2563 469 2610 et
493 2567 531 2608 ex
554 2559 644 2630 parte
660 2541 727 2628 jam
750 2539 953 2627 descriptum,
966 2563 1039 2604 cum
1063 2539 1227 2620 Parisinis,
1243 2559 1304 2607 aut
1324 2542 1432 2622 abisa

334 2647 390 2734 qui
404 2648 533 2711 fortasse
547 2644 578 2708 iu
594 2641 790 2708 bibliothecis
809 2641 920 2720 latent,
933 2641 1093 2706 codicibus
1113 2643 1347 2710 eonferendum
1366 2644 1431 2710 red-

335 2767 431 2836 peret.

379 2855 520 2918 Tantum
544 2872 618 2914 vero
639 2847 739 2926 abest,
755 2861 790 2910 ut
814 2845 941 2923 librum,
956 2847 1048 2933 cujus
1067 2845 1237 2912 editionem
1260 2851 1374 2938 recepi,
1391 2850 1429 2914 ul·

336 2971 396 3034 tra,
410 2977 505 3042 quam
522 2976 570 3016 res
587 2949 717 3040 patitur,
732 2947 871 3026 laudere,
885 2961 940 3012 aut
961 2947 1126 3014 utilitatem
1142 2951 1213 3037 ejus
1226 2951 1332 3016 verbis
1350 2953 1429 3016 ador.

336 3081 410 3124 nare
425 3057 530 3136 velim,
547 3071 582 3120 ut
603 3051 735 3118 candide
756 3051 862 3140 potius
883 3050 1084 3116 indicandum
1104 3069 1228 3140 putem,
1242 3057 1427 3141 grammatici

336 3161 432 3224 nostri
456 3181 518 3224 oon
541 3155 633 3222 sliam
655 3153 806 3219 rationem
826 3176 903 3232 esse,
918 3175 1014 3239 quam
1036 3155 1272 3241 plerorumque,
1287 3181 1368 3244 quos
1383 3159 1427 3223 ills

336 3275 412 3326 setas
426 3260 509 3338 tulit,
525 3259 747 3348 professorum.
793 3257 901 3320 Multa
917 3254 1058 3342 vulgaria
1070 3281 1106 3322 ac
1121 3259 1255 3346 protrita
1269 3281 1423 3350 precepta,

336 3363 439 3428 futilia
452 3362 557 3440 etiam,
573 3359 730 3426 interdum
747 3379 809 3422 non
825 3357 890 3422 sine
905 3359 1042 3424 molestis
1056 3361 1223 3426 verborum
1237 3364 1422 3452 ambagibus,

335 3463 548 3530 inculcantur:
580 3486 654 3549 quae
676 3477 780 3528 tamen
804 3461 897 3526 variis
917 3461 1010 3526 bonae
1032 3463 1133 3552 frugis
1155 3464 1421 3544 observationibus,

336 3565 590 3654 optimorumque
604 3581 780 3642 anctorum,
795 3585 931 3650 quorum
954 3565 1126 3653 scriptaad
1148 3587 1203 3630 nos
1223 3565 1307 3630 haud
1326 3591 1421 3655 perra

337 3683 462 3748 nerunt,
487 3669 669 3734 testimoniis
691 3668 862 3759 interjectis
886 3681 1137 3754 compensantur.
1192 3669 1300 3754 Hujus
1327 3669 1418 3732 reiut

336 3775 473 3840 habeant
492 3771 589 3838 veluti
610 3787 740 3860 gustum
762 3770 897 3858 aliquem
914 3769 972 3834 viri
987 3769 1082 3848 docti,
1098 3770 1182 3835 locos
1202 3769 1318 3857 aliquot
1331 3773 1416 3835 Pom·

337 3878 410 3964 peii,
429 3897 510 3962 quos
531 3874 563 3938 in
586 3873 764 3940 adversaria
785 3896 854 3939 mea
877 3874 1080 3960 conjeceram,
1103 3872 1153 3938 hic
1176 3873 1342 3939 adscribere
1362 3897 1415 3940 oon

337 3978 501 4066 gravabor.

617 4163 683 4231 Ubi
698 4163 739 4230 de
753 4163 863 4230 litteris
877 4162 953 4250 agit,
969 4163 1027 4228 ista
1043 4161 1155 4254 habet:

382 4287 539 4372 Legimus
558 4283 648 4368 opud
666 4285 801 4368 mty‘orrs
819 4293 953 4360 nostros,
963 4283 1091 4368 primas
1104 4281 1194 4368 aprsd
1206 4280 1350 4344 Rmunmr
1361 4304 1408 4345 cr-

336 4383 435 4448 decs'm
449 4386 573 4448 litterae
581 4387 696 4469 fisum
711 4385 936 4462 tantummodo,
950 4393 986 4448 ul
1001 4385 1080 4448 dicit
1095 4383 1209 4448 Coesar
1228 4382 1302 4445 libro
1317 4384 1404 4447 mab·

332 4486 470 4571 giorum
488 4485 607 4568 puoso.
651 4487 693 4548 Io
714 4485 796 4548 libro
816 4487 1044 4571 anolngiamm
1066 4485 1180 4549 Caesar
1200 4485 1255 4549 lmc
1274 4483 1345 4564 dicit,
1358 4509 1417 4566 aa·
