3082 5140
179 303 303 393 carii.
533 319 741 392 Demetrio
757 319 931 392 iambicis.
1202 321 1274 396 36⁵

178 529 251 578 una
276 502 415 603 syllaba
440 516 624 600 superest;
654 501 904 588 acatalectum,
924 503 984 574 ubi
1003 503 1091 576 nihil
1110 504 1191 602 plus
1210 503 1278 576 mi-

179 645 289 692 nusve
306 618 343 691 in
361 642 465 690 versu
482 629 549 704 est,
567 615 630 712 qui
649 615 813 712 legitimo
830 619 905 690 line
922 616 1119 690 clauditur:

228 733 515 819 Monometrum,
532 729 602 803 ¹vel
623 730 832 823 dimetrum,
849 735 905 806 vel
930 731 1178 820 ”trimetrum
1196 733 1302 812 nvelt

177 863 426 922 tetrametrum
443 847 514 922 dici
531 875 552 921 a
569 873 720 921 numero
736 847 894 948 pedum:

227 965 272 1038 ln
290 964 465 1054 iambicis,
481 963 682 1052 trochaicis,
699 975 735 1036 et
761 962 982 1062 anapaesticis
1009 961 1132 1035 metris
1153 980 1301 1035 versuss

177 1102 242 1176 per
257 1076 366 1175 pedes
382 1076 544 1178 duplices
562 1079 777 1177 computari,
794 1078 830 1148 in
848 1077 994 1149 ⁰ceteris
1012 1090 1131 1149 autem
1151 1076 1274 1149 metris

177 1217 242 1289 per
258 1191 459 1290 simplices:

228 1307 371 1380 rMetra
388 1333 471 1381 vero
489 1309 543 1382 val
571 1337 591 1382 a
618 1309 770 1408 pedibus
793 1308 941 1382 nomina
963 1308 1156 1410 *accipere
1173 1308 1240 1414 vel
1254 1333 1300 1387 aa

177 1423 283 1496 rebus
301 1447 381 1518 quae
398 1421 660 1512 describuntur,
678 1425 734 1496 vel
759 1425 805 1496 ab
822 1421 1078 1512 inventoribus,
1095 1422 1150 1494 vel
1169 1448 1190 1494 a
1206 1421 1275 1494 fre-

178 1537 460 1634 quentatoribus,
477 1537 531 1610 vel
551 1565 571 1610 a
589 1565 741 1612 numero
758 1551 793 1601 Ἣ
800 1539 1040 1638 syllabarum:

226 1651 353 1749 anue
375 1677 452 1724 esse
469 1667 551 1725 octo
577 1654 807 1754 'principalia
833 1669 959 1743 metra,
975 1654 1185 1740 iambicum,
1203 1667 1274 1727 tro-
1288 1691 1318 1727 ιο

177 1766 358 1856 cbaicum,
401 1767 633 1866 dactylicum,
672 1771 943 1871 anapaesticum,
976 1769 1274 1859 choriambicum,

177 1879 463 1980 antispasticum,
480 1881 639 1956 ionicum
665 1912 685 1956 a
707 1885 874 1981 'majore
892 1885 1051 1960 ionicum
1078 1911 1098 1958 a
1124 1884 1274 1972 minore,

176 1995 222 2068 de
240 1997 371 2092 quibus
389 1999 541 2096 carptim
568 1999 813 2090 tractabimus,
838 2001 1036 2102 ‘elegentes
1053 2027 1106 2092 ea,
1123 2027 1204 2098 quoe
1229 1999 1274 2074 ad

177 2111 336 2210 palmam
356 2111 440 2212 lyrae
457 2113 648 2213 'producit
665 2115 841 2188 voluntas.

389 2393 492 2476 Car.
515 2395 549 2476 Ι.
595 2397 690 2478 wDc
709 2396 852 2480 caetris
870 2397 1063 2480 iambicis.

229 2567 348 2640 Metra
383 2568 537 2640 iambica
571 2567 659 2641 locis
694 2567 890 2666 imparibus
924 2569 1084 2666 quinque
1118 2563 1273 2668 iecipere

176 2695 350 2781 ¹possunt
375 2682 495 2782 pedes,
516 2683 690 2767 iambum,
708 2683 927 2783 tribrachyn,
953 2683 1165 2781 spondeum,
1191 2683 1274 2757 dac-

177 2799 308 2897 tylum,
325 2813 569 2896 anapaestum
594 2795 703 2870 llocis
721 2811 841 2870 autem
860 2797 1006 2896 paribus
1023 2811 1164 2871 tantum
1183 2797 1274 2871 iam-

178 2915 265 2986 bum
285 2915 339 2986 vel
358 2913 579 3012 tribrachyn,
597 2925 634 2986 et
659 2911 755 3012 apud
782 2912 940 2986 comicos
963 2913 1168 3011 frequenter
1191 2939 1274 2986 ana-

177 3045 343 3128 paestum,
378 3029 427 3103 ita
457 3046 579 3103 tamen
614 3043 654 3102 ut
689 3029 883 3102 multarum
916 3028 1075 3100 brevium
1102 3027 1274 3123 junctura

177 3147 320 3219 vitetur.
373 3145 443 3218 Sed
461 3171 506 3217 ex
531 3145 714 3244 ¹'plurimis
741 3145 863 3218 metris
888 3167 962 3216 x111
991 3143 1071 3216 usui
1100 3143 1274 3216 tradenda

176 3260 324 3356 subjeci.

217 3482 283 3542 lrel
304 3483 469 3558 dimetrum]
498 3485 541 3541 nel
564 3503 621 3542 om.
646 3485 759 3542 Putsch.
796 3484 843 3543 hic
867 3497 896 3542 et
923 3483 1005 3543 infra.
1027 3483 1069 3542 sic
1091 3483 1175 3542 etiam
1201 3483 1273 3541 Call.

176 3576 201 3607 Μ
217 3565 381 3638 mmmm]
396 3583 502 3622 samm
515 3565 596 3622 addit
610 3565 724 3623 Putsch.
857 3577 874 3610 ¹¹
887 3569 931 3624 vel
945 3567 1273 3639 anemurum-pedum

176 3665 235 3702 om.
250 3646 284 3702 B.
300 3644 415 3702 Putsch.
518 3655 533 3687 ⁰
547 3649 660 3704 caetmis
673 3653 764 3704 calna
778 3650 871 3704 metris
881 3667 934 3722 per
946 3648 1091 3722 simplices]
1107 3649 1210 3704 eamn
1223 3664 1274 3720 per

173 3728 257 3800 pedes
269 3727 402 3799 simplices
417 3725 535 3784 Putsch.
551 3727 711 3800 enirn-per
721 3729 803 3800 pedes
815 3729 949 3802 simplices
962 3728 997 3784 B.
1156 3735 1171 3779 Ρ
1185 3733 1273 3781 taetro

176 3807 253 3879 vero]
269 3825 333 3862 cero
347 3823 405 3862 om.
419 3805 455 3862 B.
470 3813 557 3862 metra
571 3808 614 3862 vel
628 3807 741 3864 Putsch.
913 3805 1078 3880 acccipere]
1097 3823 1225 3877 accepere
1238 3804 1272 3861 B.

175 3895 208 3940 (itt
222 3884 405 3962 syllabarum]
420 3889 519 3959 pedum
533 3885 605 3943 Call.
687 3889 876 3962 rprincipatta
891 3888 991 3960 metra]
1009 3893 1096 3942 instra
1109 3883 1187 3940 addit
1202 3883 1273 3939 Call.

176 3977 188 4009 ⁸
204 3965 464 4040 minore—majore]
481 3965 730 4039 snujore-minore
744 3969 778 4024 B.
793 3967 908 4024 Putsch.
1037 3965 1203 4038 teligentes]
1220 3965 1272 4020 ete-

174 4055 268 4120 gentas
284 4047 317 4104 B.
330 4045 372 4102 Μ.
435 4049 587 4120 'perducit
601 4049 741 4121 voluntas]
754 4049 881 4120 producit
896 4049 1022 4121 voluptas
1033 4044 1147 4104 Putsch.
1163 4046 1237 4100 ducit
1248 4063 1272 4100 υ.

176 4126 249 4183 Call.
360 4135 384 4168 V
397 4125 442 4183 De
458 4125 553 4184 metris
568 4126 708 4200 iambicis]
725 4130 758 4182 de
772 4128 893 4183 iambicis
906 4143 963 4181 xrn
980 4125 1017 4183 B.
1134 4139 1148 4168 Χ
1160 4131 1275 4199 possunt

173 4209 268 4282 pedes]
282 4208 365 4280 pedes
372 4215 488 4281 possunt
501 4209 535 4264 B.
552 4209 666 4266 Putsch.
744 4217 759 4261 5
775 4208 839 4263 locis
853 4205 957 4275 autern]
973 4213 1064 4260 autem
1078 4225 1135 4262 om.
1151 4206 1187 4262 Β.
1202 4204 1273 4260 Call.

174 4285 247 4344 Mox
262 4295 370 4343 tantum
383 4297 413 4344 et
428 4295 517 4344 tuanen
528 4307 585 4345 om.
599 4287 670 4344 Call.
686 4285 734 4364 qui
750 4287 851 4363 ubique
866 4285 1041 4340 tribrachum.
1103 4295 1118 4326 ¹
1129 4285 1270 4359 plurimis]

175 4369 269 4424 multis
280 4366 352 4425 Call.
368 4367 413 4424 hl.
445 4368 533 4426 Addit
547 4369 592 4426 M.
607 4371 698 4425 omnio
710 4368 753 4425 lric
767 4366 888 4441 exemplo
906 4367 940 4422 de
958 4367 1109 4422 admiralius
1129 4374 1274 4440 poetarum

174 4449 320 4522 adsumpta
333 4457 406 4505 nant.
