3100 5142
295 369 366 446 a9a
715 349 972 426 ΜανὶὶΡιοιὶι·

294 567 367 614 non
394 539 573 639 imperitia
591 536 734 634 judicet
758 535 986 634 ignoratum
1013 560 1097 608 nam
1126 547 1188 608 aut
1212 533 1332 632 aliqua
1361 561 1399 608 re

294 657 548 740 detractauit
577 651 710 742 addita,
737 665 799 725 aut
828 663 1053 724 commutata
1080 649 1239 723 inveniet
1267 653 1401 750 figura-

296 785 388 844 tum.
440 769 538 868 Ergo
555 767 601 842 dc
617 767 828 866 compositis
847 767 1001 838 breviter
1016 789 1252 864 exponamus.

633 981 700 1055 Dc
716 990 831 1054 metro
849 978 1061 1080 iambelego.

340 1113 587 1214 lambelegum
602 1127 757 1186 metrum
773 1125 915 1186 constat
931 1139 975 1184 ex
991 1112 1141 1212 syzygia
1152 1113 1308 1186 iambica
1319 1139 1398 1186 mo-

297 1243 460 1302 nometra
477 1243 515 1302 et
532 1228 681 1329 syllaba,
698 1241 753 1300 'et
765 1253 809 1300 ex
827 1227 974 1326 dipodia
990 1226 1169 1327 dactylica
1195 1229 1401 1328 penthemi-

299 1346 441 1434 mecica‚
461 1345 620 1444 [duobus
639 1343 823 1442 poeonibus
837 1343 1023 1440 dactylicis
1037 1355 1073 1415 et
1090 1338 1258 1444 syllaba]
1290 1343 1401 1417 Unde

298 1463 406 1536 ctiam
422 1477 575 1536 metrum
592 1485 725 1532 nomen
739 1460 889 1557 accepit,
899 1457 996 1556 quod
1010 1459 1166 1532 iambico
1175 1473 1213 1533 ct
1224 1459 1401 1558 ‘elegiaco

299 1591 451 1652 constat.
505 1576 640 1649 Melius
663 1575 732 1648 erit
756 1573 929 1647 Latinum
948 1575 1169 1673 exemplum.
1220 1574 1319 1649 Nam
1340 1576 1401 1647 'in

300 1707 452 1788 utraque
475 1717 609 1766 caesuta
629 1691 753 1763 finiam
782 1704 920 1790 partem
948 1689 1118 1762 orationis
1145 1717 1217 1762 non
1241 1704 1284 1762 ut
1301 1691 1403 1764 Grae-

300 1833 399 1896 cum,
519 1905 1076 1992 Amoremgamamwacuas.

273 2139 288 2185 3
473 2112 538 2186 De
554 2123 667 2186 metro
684 2113 958 2213 encomiologico
976 2113 1228 2188 Stesicton'ao.

353 2244 685 2345 Encomiologicum
703 2245 985 2320 Stesictoffmm
1010 2247 1051 2318 fit
1076 2247 1307 2320 econtrario.
1360 2247 1405 2319 In

304 2363 374 2437 hoc
390 2361 488 2436 enim
506 2361 726 2462 praeponitur
742 2361 1107 2461 penthemimericum
1124 2361 1357 2462 dactylicum,
1369 2376 1407 2435 ct

304 2480 535 2578 subjungitur
552 2478 761 2566 iambicum,
1364 2489 1378 2500 ‘

519 2593 696 2658 'Mollibus
710 2594 746 2655 ia
755 2593 870 2678 ptari-t
883 2602 941 2656 aut
955 2595 990 2656 in
1000 2594 1127 2680 paellit.

277 2809 293 2856 ⁴
544 2775 610 2850 De
627 2775 901 2876 cncomiologico
914 2777 1164 2854 Archilochio.

343 2909 690 3008 'Encomiologicum
716 2907 988 2984 Archilochium
1016 2914 1058 2985 fit
1084 2912 1409 3011 penthemimerica

307 3026 485 3126 dactylica
504 3024 694 3124 praeposita
706 3037 742 3094 ct
760 3038 931 3121 quattuor
948 3025 1099 3126 pedibus
1117 3026 1302 3125 disyllabis
1320 3027 1411 3100 iam-

309 3143 397 3216 bicis
416 3141 631 3236 subjunctis,

482 3257 607 3320 Fabula
622 3257 821 3343 quantafiti,
836 3257 1048 3321 convictorum
1059 3259 1199 3343 pmaitet.

282 3463 295 3512 s
596 3437 659 3510 De
677 3438 875 3538 logaoedico
894 3440 1126 3516 Archebulio.

361 3564 622 3666 Logaoedicum
651 3569 913 3645 Archebulium
942 3573 983 3644 fit
1013 3571 1155 3646 duobus
1190 3573 1342 3672 dactylis
1375 3585 1414 3645 et

311 3681 452 3758 duobus
471 3681 647 3772 trochaeis,
665 3685 719 3756 vel
738 3687 895 3760 trochaeo
913 3703 948 3760 ct
967 3687 1138 3788 spondeo,

528 3798 605 3860 Jam
622 3799 778 3884 Cytherea
792 3799 901 3866 choros
922 3805 1021 3866 Venus
1035 3805 1102 3869 dae.

315 3909 416 3983 Huic
450 3907 613 3984 ¹additus
644 3909 733 3982 alter
762 3913 939 3986 trochoeus
969 3913 1075 3988 faciet
1108 3913 1413 4014 &ithyphaiiicum

313 4023 532 4124 dactylicum
551 4025 595 4097 de
613 4051 686 4122 quo
704 4053 797 4127 soepe
815 4029 992 4104 'tractavi

357 4231 410 4278 ¹ct
423 4223 470 4296 ex]
483 4221 529 4280 Sic
544 4224 576 4281 L.
592 4233 618 4282 et
633 4245 691 4284 om.
708 4227 866 4287 Putachiua.
956 4231 969 4273 t
982 4231 1062 4308 elego
1077 4231 1203 4304 constat]
1220 4233 1338 4304 elegiaco
1351 4247 1415 4287 con·

315 4311 369 4360 atet
383 4301 418 4359 L.
501 4309 514 4337 v
529 4304 558 4360 in
573 4309 704 4382 utraque]
720 4311 747 4366 in
762 4329 819 4366 om.
834 4309 869 4368 L.
959 4321 981 4352 ¹¹
996 4315 1023 4368 in
1038 4312 1180 4368 ηιοὸίὶίὸιιε
1192 4314 1285 4385 puerit
1298 4319 1323 4366 ct
1336 4311 1417 4385 puel·

303 4386 350 4440 ¹lia
363 4382 397 4440 L.
492 4391 508 4424 ¹
522 4383 651 4460 additus]
667 4389 780 4446 additur
794 4389 828 4448 L.
940 4389 1195 4468 tithyptatticum]
1210 4392 1365 4467 :timum
1380 4390 1415 4447 L.

317 4475 330 4508 ¹
346 4460 473 4538 tractavi]
490 4471 624 4522 tractatur
639 4465 670 4521 L.
