3124 5120
280 443 347 502 148
661 426 781 502 Marii
800 427 977 501 Wetorini
1225 447 1300 499 ma.
1315 445 1374 497 ιιι.

275 627 313 686 et
336 639 381 686 ex
404 639 527 686 eorum
554 613 796 712 geminatione
823 637 964 685 versum
989 609 1141 709 implere
1163 631 1374 710 possumus:

276 761 321 810 ex
343 763 417 833 quo
433 737 541 810 etiam
569 761 682 835 genus
708 735 861 834 propriae
885 733 1155 807 versificationis
1182 730 1376 822 inducitur,

276 866 313 926 et
340 853 541 951 appellatur
568 853 771 925 trimetrum
801 851 1117 950 penthemimeres,
1146 875 1230 922 nam
1257 847 1377 948 prima

277 993 397 1041 versus
415 967 515 1040 heroi
532 967 650 1067 portio
668 969 773 1041 tertio
790 968 943 1066 repetita
960 965 1098 1062 (veluti,

276 1084 378 1148 Arma
393 1084 558 1170 virumque
569 1103 656 1147 cano.
679 1083 781 1148 Merra
795 1083 872 1146 milri
885 1103 1009 1147 emuna.
1038 1081 1121 1146 Urbs
1134 1079 1375 1167 antiqrrofiit.)

250 1207 434 1274 ometrum
454 1191 507 1266 sui
525 1191 666 1291 generis
682 1193 779 1266 facit.
812 1192 935 1288 Hujus
952 1191 1130 1278 incisioni,
1148 1216 1220 1288 qua
1237 1189 1376 1288 syllaba

277 1307 467 1398 clauditur,
493 1307 520 1380 si
549 1307 676 1380 alteras
703 1307 791 1381 duas
821 1306 978 1404 adjicias,
1006 1321 1046 1380 ut
1071 1307 1216 1379 tertium
1243 1304 1374 1404 pedem

277 1425 463 1523 trisyllaba
480 1423 674 1523 compleas,
691 1425 757 1497 erit
777 1423 846 1496 hoc
865 1421 1169 1522 penthemimeres
1187 1420 1374 1494 trimetron

176 1523 180 1536 ¹
278 1539 378 1624 δεξιόν.
408 1538 513 1610 Nihil
533 1553 652 1612 autem
673 1539 844 1628 intererit,
861 1539 889 1611 si
908 1564 972 1636 pes
989 1537 1114 1610 tertius
1132 1536 1169 1608 in
1186 1536 1255 1608 isto
1272 1561 1375 1609 versu

278 1655 384 1752 longa
402 1655 550 1752 syllaba,
566 1679 647 1749 quoe
664 1667 719 1726 est
735 1653 852 1726 finalis
877 1654 1049 1752 ἀδιάφορος,
1065 1651 1243 1737 ¹finiatur,
1259 1664 1295 1724 et
1312 1651 1377 1724 fiat

277 1769 486 1867 ἆμφᾷιακρος,
503 1768 627 1855 veluti,

478 1883 598 1956 Arma
614 1884 804 1981 virumque
820 1909 908 1956 cano
930 1883 1059 1983 Troja.

238 2000 373 2073 'osane
399 1997 504 2096 'quia
530 1998 691 2096 superius
716 1996 808 2082 δεξιὸν
830 2001 935 2096 μέτρον
958 1997 1130 2089 diximus,
1153 2025 1375 2096 quamquam

279 2113 315 2186 id
345 2127 382 2186 et
412 2115 448 2186 in
478 2112 679 2212 prototypis
708 2113 982 2201 ostenderimus,
1008 2129 1131 2186 tamen
1163 2115 1253 2188 scias
1283 2115 1378 2187 inter

278 2227 423 2301 dextros
441 2255 483 2302 ac
499 2227 659 2301 sinistros
677 2255 797 2300 versus
816 2228 910 2301 hanc
928 2229 1049 2302 haberi
1069 2230 1318 2318 differentiam,
1336 2243 1378 2302 ut

279 2342 395 2418 dextri
414 2346 497 2433 sint,
514 2345 577 2442 qui
595 2345 633 2417 in
651 2344 755 2418 tertia
771 2345 825 2418 vel
845 2345 970 2443 quinta
988 2345 1072 2418 sede
1084 2347 1295 2445 trisyllabon
1313 2345 1378 2418 ba-

280 2459 425 2532 buerint
451 2460 601 2559 pedem:
629 2460 760 2533 sinistri
788 2475 908 2533 autem
933 2461 995 2558 qui
1021 2461 1239 2561 disyllabum
1262 2462 1300 2534 in
1324 2487 1379 2533 se-

238 2602 264 2636 n
280 2575 398 2647 cunda
413 2574 467 2646 vel
486 2589 613 2674 quarta
629 2576 785 2672 regione.
815 2576 950 2648 Verum
969 2575 1077 2672 hujus
1094 2577 1245 2675 generis,
1262 2590 1304 2648 ut
1320 2601 1379 2647 su-

279 2716 343 2788 pra
361 2715 540 2787 coeperam
560 2689 690 2780 dicere,
703 2690 820 2788 ‘quod
834 2717 879 2765 ex
896 2693 1183 2790 penthemimere
1195 2693 1379 2791 geminato

281 2805 482 2893 coniicitur,
495 2806 631 2905 species
645 2821 730 2880 sunt
742 2821 829 2880 tres:
848 2807 977 2906 prima,
990 2833 1072 2880 cum
1088 2807 1258 2906 praecedit
1270 2833 1374 2907 spon-

280 2920 381 3008 deus,
407 2922 568 3017 sequitur
594 2921 770 3022 dactylus,
801 2923 888 2996 item
917 2923 1109 3021 spondeus,
1125 2923 1270 2996 'ultimis
1295 2949 1379 2995 ana-

281 3037 401 3135 poestis
419 3035 561 3110 duobus
578 3063 721 3112 versum
740 3039 1001 3128 claudentibus,
1018 3055 1055 3112 et
1080 3037 1192 3129 bhaee,
1209 3053 1250 3112 ut
1273 3063 1379 3138 supe-

281 3151 365 3236 rius,
383 3151 566 3248 geminata
583 3153 696 3225 efferri
715 3181 786 3227 non
805 3170 974 3254 possunt:
1003 3167 1054 3242 ut,

380 3263 582 3364 Postquam
599 3291 658 3340 res
673 3269 785 3358 Asia,
803 3269 944 3342 Desine
961 3266 1157 3341 Menalios.
1283 3259 1289 3272 '

239 3409 268 3444 n
282 3377 382 3450 Huic
400 3379 428 3450 si
447 3381 677 3455 novissimam
698 3384 843 3482 longam
862 3383 1041 3470 detrahas,
1056 3395 1097 3454 ut
1108 3383 1187 3478 jam
1206 3407 1279 3453 non
1297 3407 1381 3452 ana-

280 3505 412 3592 paestus
433 3493 514 3566 csed
541 3496 683 3568 iambus
701 3498 759 3570 vel
781 3498 871 3570 alius
899 3498 1096 3596 bisyllabus
1122 3513 1286 3598 ponatur,
1304 3523 1380 3570 me-

281 3620 376 3678 trum
405 3607 683 3707 Asclepiadeum
716 3611 857 3703 efficiet,
884 3613 982 3712 quod
1009 3612 1200 3687 duodecim
1232 3613 1380 3714 syllabis

282 3721 463 3794 subsistit:
490 3736 542 3812 ut,

384 3837 585 3937 Postquam
601 3866 661 3914 res
677 3840 791 3942 Asia,
811 3843 954 3918 Desine
971 3843 1127 3918 Menali.

281 3951 390 4036 Item,

386 4063 509 4143 Quam
523 4071 625 4143 savis
642 4071 825 4171 trepident
845 4071 1008 4149 Carbasa
1016 4075 1186 4169 flatibus.

323 4229 479 4308 xfiniatur]
499 4231 611 4292 finietur
624 4237 656 4294 P.
788 4236 895 4316 ¹quia]
912 4259 975 4316 que
990 4241 1023 4298 P.
1152 4241 1271 4319 ⁸quod]
1288 4243 1337 4320 qui
1351 4243 1382 4300 P.

282 4305 495 4384 bbrec]bacl'.
578 4316 757 4390 ⁰sed]etP.

282 4457 478 4596 cfflffjoe]
502 4460 680 4540 Repouenda
702 4483 754 4522 ror
774 4462 927 4544 disyllabos
951 4465 1081 4536 iambica,
1105 4480 1146 4535 ut,
1170 4476 1233 4537 tae.
1254 4481 1303 4530 aut
1324 4471 1383 4528 tibi.
