3012 5084
536 375 811 440 rursm

126 531 317 606 “nominis
343 531 591 605 autoritatem.
641 533 759 606 Hunc
778 548 908 606 notum
927 548 985 606 est
999 534 1134 606 risisoe
1159 535 1231 607 illrs

126 647 384 746 “temporibus
401 646 537 743 quibus
561 659 599 718 et
618 645 789 718 Dnmtns
805 648 1080 744 grammicm
1099 648 1230 722 Rom

126 773 145 806 “
161 762 295 850 docuit,
311 775 352 834 et
365 788 391 842 a
407 761 645 858 grammatica
662 759 708 834 sd
725 761 914 834 rhetoric:
937 763 1023 834 artis
1039 765 1232 862 pofessio-

125 885 144 918 “
159 903 239 949 nem
266 901 516 974 progressum,
532 875 571 946 in
587 877 760 975 opinione
779 877 948 948 omnium
973 878 1146 976 singulari
1171 879 1231 952 fu-

126 1001 145 1034 “
160 991 237 1080 isse,
253 1005 292 1062 ct
317 991 355 1061 in
382 991 463 1062 foro
479 1005 636 1065 statuam
664 993 849 1064 meritum.
900 993 1004 1065 Idem
1030 995 1228 1068 admodum

126 1119 146 1149 “
162 1133 268 1180 senex
286 1106 537 1178 Christianam
555 1121 610 1178 est
625 1108 802 1205 pietatem
818 1107 1021 1206 amplexus,
1038 1110 1135 1206 qnod
1152 1115 1231 1184 Au-

126 1233 146 1264 “
161 1223 327 1320 gustinus
346 1223 534 1295 luculente
550 1223 751 1321 exposuit*
774 1249 826 1294 sc.
842 1223 1008 1295 Confess.
1022 1225 1131 1297 l'lll.
1151 1243 1186 1299 Β.

171 1339 256 1412 Post
273 1337 527 1410 Camerarium
555 1339 611 1410 Μ.
629 1337 857 1410 Victorinum
886 1338 1016 1409 iterum
1039 1339 1152 1411 edidit
1174 1340 1228 1414 H

128 1452 376 1525 Commelinus
401 1479 476 1524 ona
497 1478 581 1524 cunr
605 1452 824 1524 Terentiam
844 1453 979 1524 Mauro
998 1453 1063 1524 Er
1083 1454 1230 1554 ficies

126 1565 430 1640 Sandandnana
451 1579 559 1640 1584.
578 1581 652 1640 12⁰.
670 1569 796 1666 paucis
813 1569 849 1640 in
867 1571 942 1640 line
961 1567 1093 1641 additis
1108 1572 1232 1642 obser-

125 1683 351 1755 vatiunculis.
405 1683 501 1764 Quae
527 1682 639 1754 editio
654 1683 806 1780 repetita
821 1683 897 1755 sere
921 1699 978 1754 est
1002 1685 1039 1756 in
1065 1684 1229 1758 Putschii

127 1797 456 1870 Grammaticorum
475 1797 690 1869 Latinorum
708 1798 933 1872 mlleuione

173 1912 305 1984 Praeter
348 1913 414 1983 has
456 1913 647 2001 editiones,
680 1939 834 2008 quarum
869 1913 1108 1986 Basiliensem
1143 1915 1228 1988 anni

130 2039 232 2116 1527.
261 2053 334 2098 nou
364 2027 477 2100 habui
508 2027 575 2098 nisi
604 2043 797 2126 postquam
828 2055 921 2126 opus
950 2056 972 2100 a
1000 2031 1232 2129 typographo

125 2142 330 2213 absolutum
355 2155 422 2228 est,
438 2141 588 2213 adhibui
614 2144 778 2216 codicem
805 2169 874 2214 ms.
891 2143 1131 2216 Bibliothecae
1159 2145 1231 2216 Ro·

124 2257 192 2354 giae
211 2257 322 2328 Paris.
340 2283 378 2328 n.
396 2269 508 2346 7539.
525 2257 562 2327 in
587 2258 806 2330 membranis
822 2273 1011 2330 exaratum
1037 2286 1108 2331 sec.
1126 2258 1231 2330 forsi-

124 2385 184 2444 tan
209 2371 280 2443 lX.
330 2371 389 2443 Ex
407 2398 451 2442 eo
468 2371 594 2444 codice
619 2371 656 2444 in
683 2373 860 2470 prioribus
876 2374 1056 2472 capitibus
1078 2375 1134 2446 vel
1162 2375 1230 2446 mi·

125 2489 241 2559 nimas
257 2486 517 2583 discrepantias
533 2487 581 2557 ab
597 2485 755 2558 editione
781 2487 1072 2562 Sanctandreana
1089 2513 1228 2562 memo-

125 2601 251 2674 randas
272 2600 447 2697 judicavi,
465 2601 501 2672 in
520 2601 668 2697 reliquis
691 2629 734 2674 ea
756 2629 837 2698 quae
862 2602 908 2675 ad
932 2603 1228 2702 orthographiam

126 2730 290 2814 spectant
305 2716 379 2787 lere
396 2716 551 2813 neglexi.
601 2716 699 2788 Eum
718 2715 879 2789 codicem
898 2717 1001 2789 litera
1018 2719 1048 2788 P
1063 2716 1214 2813 signari.

177 2847 209 2902 2.
237 2831 418 2905 Pnorrusr
447 2831 585 2928 primus
611 2830 725 2903 edidit
755 2831 952 2903 Putschius
977 2831 1071 2902 inter
1100 2832 1232 2903 Gram-

127 2945 277 3018 maticos
303 2945 455 3017 Latinos
477 2955 554 3016 “ex
581 2946 722 3044 scriptis
739 2973 821 3042 quae
846 2945 1090 3045 suppeditavit
1115 2945 1232 3018 Reve-

129 3069 150 3100 “
168 3060 266 3131 rend.
280 3059 443 3132 Andreas
460 3059 635 3132 Schottus
651 3075 689 3132 et
704 3061 866 3132 loannes
884 3061 1125 3134 aWouwer.”
1147 3061 1231 3158 Ego

128 3177 311 3248 nonnullis
331 3176 366 3248 in
385 3176 474 3249 locis
491 3203 574 3248 eum
593 3177 842 3249 correctiorem
859 3175 996 3248 reddidi
1015 3175 1230 3248 lectionibus

128 3316 214 3361 usus
231 3317 321 3386 quas
338 3319 359 3363 e
376 3291 455 3363 cod.
475 3318 540 3364 ms.
557 3292 645 3362 olim
663 3291 852 3378 vossiano,
868 3317 965 3362 nunc
992 3289 1230 3362 Bibliothecae

128 3403 243 3477 Acad.
268 3405 456 3478 Leidcusis
483 3406 563 3478 Cat.
590 3431 627 3504 p.
644 3417 730 3496 389.
749 3433 785 3477 n.
803 3418 864 3496 79.
893 3405 1071 3504 excerpsit
1105 3405 1230 3476 Petrus

127 3519 351 3593 Bondamus.
403 3520 518 3592 Hunc
535 3519 696 3592 codicem
714 3519 879 3617 designat
896 3520 996 3592 litera
1012 3521 1057 3594 L.

177 3647 214 3706 3.
240 3634 285 3705 ln
311 3635 441 3707 Cmsro
467 3634 590 3707 Basso
619 3635 709 3707 nihil
733 3635 843 3707 habui
875 3635 1073 3731 adjumenti
1101 3647 1232 3733 praetcr

125 3747 323 3820 editionem
339 3749 538 3847 principem
559 3749 901 3822 Mediolanensem.

161 4001 175 4033 ⁶
190 3991 278 4048 Probi
291 3989 422 4048 instituta
430 3989 542 4049 artium.
565 3992 659 4048 Mori·
699 3993 808 4048 oomni
821 3988 933 4070 generis
947 3986 1074 4062 ejusdem
1086 3987 1230 4068 fragmen.

127 4071 321 4127 rai-Vmerus·
343 4070 379 4128 de
398 4070 557 4148 quantitate
575 4071 655 4148 sylla·
700 4083 772 4128 tum.
821 4071 895 4127 Item
921 4069 999 4126 Casii
1021 4069 1103 4126 Burri
1130 4071 1230 4130 erede

128 4150 238 4208 barum.
281 4151 393 4208 Donati
407 4149 499 4228 prima
512 4169 565 4208 ars.
595 4151 660 4208 Ser-
701 4150 807 4209 metris.
853 4151 1033 4208 Terentianus
1055 4150 1175 4207 Maurus
1194 4151 1230 4210 de

126 4233 188 4287 rius
200 4229 237 4286 nd
254 4229 392 4287 Albinum
411 4231 447 4288 de
465 4229 572 4288 naturis
594 4229 660 4288 ulti·
700 4229 802 4288 litteris
828 4227 942 4306 syllabis
967 4239 998 4286 et
1021 4228 1129 4296 metris,
1152 4231 1231 4288 Beda

128 4329 251 4367 marum.
295 4311 408 4384 Sergius
431 4310 461 4368 in
485 4323 573 4368 artem
598 4311 659 4367 Do-
700 4311 736 4368 de
750 4307 867 4368 metrica
885 4307 1006 4378 ratione,
1020 4309 1065 4368 ed.
1080 4309 1147 4368 Joh.
1161 4313 1229 4369 Par·

127 4391 660 4530 ffiltssrllffiltf‘lt
700 4389 1231 4528 {l'tlrl'lztllcll‘ltll'stt‘
