3012 5084
267 349 314 410 54
654 333 775 408 Marii
796 331 977 406 Victorini
1247 357 1321 405 nra.
1343 358 1378 406 1.

236 517 453 594 ⁶Secundus
479 529 599 588 autem
631 515 843 612 Rhythmns
875 515 910 587 in
947 515 1068 588 iambo
1098 514 1199 614 dupli
1231 515 1375 589 ratione

265 631 438 714 substitit,
472 657 543 728 qua
579 630 759 703 trochaica
792 644 829 702 et
862 643 1012 727 utraque
1050 629 1167 702 ionica
1202 657 1374 702 monosc-

265 773 355 820 mos.
397 745 515 818 Unius
534 744 630 816 enim
650 744 822 842 temporis
848 745 948 817 Arsis
971 743 1015 816 ad
1041 743 1206 818 disemon
1230 745 1370 818 Thesin

238 875 502 960 qcomparatur.
553 859 700 932 Etenim
729 859 870 932 iambus
894 885 915 932 a
940 858 1038 932 brevi
1065 859 1203 957 syllaba
1230 859 1370 960 incipit,

264 1003 346 1078 quae
376 989 431 1050 est
458 976 565 1048 unius
594 972 779 1074 temporis,
807 988 845 1048 et
875 975 911 1047 in
938 975 1084 1073 longam
1115 974 1258 1060 desinit,
1286 1002 1369 1072 quae

264 1105 320 1164 est
366 1104 570 1188 temporum
615 1087 771 1162 tduum:
821 1089 999 1162 trochaeus
1043 1101 1165 1162 autem
1211 1103 1366 1164 'contra

263 1205 402 1280 Eadem
439 1217 476 1276 et
505 1203 542 1276 in
576 1202 701 1276 ionicis
739 1205 861 1278 metris
894 1204 996 1304 dupli
1031 1203 1167 1278 ratione
1196 1219 1365 1278 versatur.

234 1321 361 1396 sNam
388 1320 527 1393 ionicus
544 1317 603 1392 iai
622 1318 754 1414 μείζονος
779 1321 908 1420 incipit
929 1348 950 1394 a
975 1319 1115 1392 duabus
1139 1321 1256 1420 longis
1273 1322 1367 1394 etin

263 1435 352 1508 duas
369 1435 500 1508 desinit
518 1434 655 1520 breves,
681 1433 820 1508 ionicus
842 1449 963 1508 autem
982 1433 1041 1507 iri
1058 1434 1221 1516 ἐλασσόνος
1243 1461 1264 1508 a
1287 1437 1371 1509 bre-

235 1551 367 1633 9vibus
386 1550 561 1649 incipiens
579 1549 615 1621 in
634 1549 758 1648 longas
776 1548 918 1622 desinit.
956 1549 1038 1640 Erit
1056 1549 1176 1645 itaque
1189 1549 1280 1622 inter
1296 1550 1367 1624 hos

263 1665 420 1739 disemos
449 1664 491 1738 od
516 1677 733 1738 tetrasemon
759 1665 859 1738 Arsis
886 1665 931 1739 ad
956 1665 1105 1754 Thesin,
1134 1666 1220 1764 quia
1253 1692 1365 1740 unam

264 1795 403 1880 partem
423 1781 458 1852 in
478 1781 679 1853 sublatione
699 1780 818 1869 habet,
834 1778 922 1854 duas
942 1781 976 1852 in
996 1780 1185 1879 positione,
1198 1806 1259 1854 seu
1278 1807 1368 1854 con-

222 1935 252 1971 ιο
265 1911 329 1968 tra.
365 1896 464 1994 Ergo
486 1896 642 1970 iambica
659 1909 696 1970 et
712 1895 895 1969 trochaica
913 1909 1039 1984 metra,
1057 1921 1138 1992 quae
1163 1897 1200 1968 in
1226 1896 1367 1994 duplici

264 2011 400 2084 ratione
426 2025 510 2083 sunt
531 2011 659 2109 posita,
677 2010 772 2084 facta
795 2010 1048 2109 conjugatione
1076 2011 1202 2084 binum
1227 2010 1364 2110 pedum

222 2169 248 2202 ιι
264 2128 307 2202 ad
328 2129 443 2225 legem
458 2125 647 2226 quadrupli
663 2127 896 2200 vocabuntur.
922 2127 1065 2200 Tertius
1079 2141 1199 2200 autem
1215 2127 1367 2224 Rhyth-

265 2267 357 2330 mus‚
375 2241 436 2337 qui
456 2240 636 2340 paeonicus
652 2266 674 2313 a
691 2241 845 2314 Musicis
859 2241 1003 2328 dicitur,
1021 2241 1193 2315 hemiolia
1210 2243 1367 2315 ‘substi-

222 2391 250 2425 η
263 2356 319 2444 tit,
336 2381 417 2452 quse
442 2369 497 2428 est
522 2356 675 2454 sescupli
703 2356 804 2428 ratio.
845 2355 1094 2430 ¹'Hemiolium
1112 2357 1208 2429 enim
1235 2355 1366 2430 dicunt

263 2496 469 2558 numerum,
486 2471 548 2568 qui
569 2469 781 2542 tantundem
803 2469 934 2543 habeat
951 2485 1127 2568 quantum
1146 2472 1235 2544 alius
1252 2487 1289 2544 et
1304 2471 1364 2544 di-

263 2586 415 2660 midium
432 2587 599 2685 amplius,
613 2598 655 2657 ut
668 2585 697 2658 si
709 2611 895 2684 compares
908 2597 979 2658 tres
990 2601 1028 2659 et
1040 2585 1133 2660 duos
1150 2591 1283 2660 namin
1298 2587 1366 2660 tri-

264 2704 330 2776 bus
348 2715 385 2776 et
402 2701 475 2776 duo
493 2714 670 2775 eteorum
689 2699 880 2774 dimidium
900 2702 1114 2791 continetur,
1132 2701 1249 2800 ⁰quod
1275 2727 1361 2774 cum

262 2817 392 2906 evenit,
409 2819 574 2890 trisemos
592 2817 691 2889 Arsis
715 2814 759 2888 ad
778 2815 942 2890 disemon
959 2817 1094 2890 Thesin
1122 2815 1306 2915 accipitur,
1323 2815 1365 2889 id

262 2946 327 3016 est,
353 2947 424 3005 tres
451 2945 569 3031 partes
595 2931 632 3004 in
661 2931 862 3004 sublatione
885 2929 1057 3021 thebeus,
1082 2931 1172 3004 duas
1202 2932 1237 3002 in
1267 2931 1366 3029 posi-

261 3045 370 3134 tione,
395 3073 458 3119 seu
484 3061 628 3120 contra:
654 3073 764 3145 quam
790 3045 963 3118 rationem
989 3049 1149 3119 maxime
1175 3047 1366 3120 incurrunt

262 3161 433 3257 ‘paeonici
452 3188 573 3234 versus
596 3175 632 3234 et
658 3161 825 3245 fbacchii,
842 3160 893 3234 ita
910 3160 1014 3233 nobis
1036 3174 1150 3234 metra
1167 3161 1366 3259 gradienti·

219 3305 248 3352 13
262 3273 341 3361 bus,
359 3287 399 3346 ut
416 3275 622 3373 spoeonicus
640 3287 798 3348 servetur
815 3275 1040 3374 Rhythmus.
1076 3274 1170 3350 hHa²
1188 3292 1272 3350 sunt
1289 3291 1364 3350 tres

261 3387 484 3484 partitiones,
499 3415 579 3486 quoe
597 3390 804 3463 continuam
824 3389 1026 3488 *promam
1046 3389 1194 3464 faciunt.
1222 3390 1365 3464 Aristo-

260 3527 373 3574 xenus
399 3517 519 3576 autem
547 3504 597 3577 ait
622 3532 694 3578 non
722 3506 823 3578 omni
850 3505 959 3580 modo
982 3507 1134 3580 interae
1160 3509 1365 3607 composita

261 3631 424 3716 tempora
442 3617 674 3716 Rhythmum
702 3619 826 3692 facere.
866 3621 966 3693 Nam
990 3619 1127 3695 ¹‘coitus
1152 3636 1362 3721 temporum

259 3732 465 3806 communis
478 3746 532 3804 est
550 3732 743 3832 Rhythmo
766 3748 803 3808 et
825 3735 1081 3833 ¹Arhythmiae.
1108 3736 1215 3812 Unde
1232 3738 1260 3809 si
1276 3751 1364 3835 apte

259 3859 460 3944 congruant
485 3848 612 3946 spatia,
639 3848 871 3947 Rhythmum
902 3851 1059 3924 faciunt:
1086 3852 1114 3923 si
1145 3864 1280 3940 contra,
1309 3852 1363 3924 A.

299 4029 462 4104 iduorum]
481 4030 567 4088 duum
583 4031 616 4088 P.
681 4033 821 4106 zcotnra]
838 4031 885 4109 qui
901 4032 932 4088 P.
998 4031 1167 4106 ⁸snbsistit]
1183 4033 1312 4090 substitit
1326 4035 1362 4094 P.

258 4105 482 4184 bHemiolium]
500 4109 766 4169 Hemioliumenim
783 4113 815 4169 P.
898 4111 1018 4190 equod]
1032 4111 1080 4190 qni
1095 4113 1126 4169 P.
1208 4109 1361 4188 dhanene]

258 4189 365 4246 habens
379 4190 412 4248 P.
530 4189 700 4266 ePmonici]
718 4192 839 4249 Paeonioi
857 4191 886 4248 P.
1009 4189 1145 4266 ¹Bacbii]
1164 4193 1309 4251 Bamcchii
1326 4193 1361 4252 P.

258 4268 450 4344 sPaeonicus]
469 4269 620 4328 Poeonicus
635 4271 665 4328 P.
759 4269 774 4312 ἢ
790 4271 858 4346 Hae]
876 4271 946 4329 Haee
961 4272 994 4330 P.
1078 4269 1263 4347 ῑρυθμιοιΐω]
1279 4274 1362 4350 ryth-

258 4347 412 4424 mopoeiam
426 4350 458 4408 P.
524 4347 662 4424 kcoirus]
678 4363 776 4410 coetus
791 4351 822 4408 P.
893 4348 1098 4429 ¹Arrythmiae]
1113 4353 1268 4430 Arythmie
1282 4354 1315 4411 P.
1329 4365 1362 4412 et

257 4447 334 4487 mox.
