3012 5084
303 384 346 449 xii

721 377 989 446 PRAEFATIO.

303 571 369 618 ms.
389 540 581 616 Diomedis
606 539 803 613 Harleicno
829 565 867 614 n.
887 549 983 630 ⁹77³
1002 552 1202 638 excerptas,
1219 566 1319 639 quus,
1342 542 1438 616 etsi

304 658 474 734 Parisinis
491 654 703 758 persimiles,
721 655 891 728 lectorem
911 680 985 728 non
1003 653 1137 728 celabo.

542 923 598 982 Ed.

304 1004 368 1133 paq-5.
386 1065 416 1112 et
431 1050 528 1111 fluitur
542 1055 684 1131 positione

387 1132 520 1192 accidunt
581 1165 586 1178 ·

385 1225 528 1284 constant,
551 1213 639 1272 ternis
661 1225 736 1272 octo.
772 1213 835 1270 Du-

427 1292 524 1371 pliees‚
539 1293 589 1371 qui
602 1293 646 1352 vel

304 1375 366 1449 426
386 1374 464 1452 Ergo
478 1375 596 1433 ducrum
612 1373 781 1452 syllabarum

385 1454 567 1532 Pyrrhichius

388 1536 540 1614 Hegemcn

386 1633 421 1673 ex
436 1616 545 1674 duabus

388 1695 479 1754 breuis

386 1774 565 1854 Pyrrhichius
579 1787 676 1834 autem

386 1869 503 1934 propter
517 1855 673 1934 pyrrhicum

386 1936 576 1994 modulationi

386 2016 517 2094 clypeum

384 2095 508 2155 illustrat
520 2097 658 2154 ὑπασπίδια
670 2097 831 2172 προβιβόνπος

386 2175 429 2234 vel
442 2189 608 2255 expetenter

386 2255 578 2335 pyrrhichium
593 2275 609 2314 a
623 2257 731 2334 Pyrrho
743 2273 835 2334 reper-

427 2349 488 2394 tum

387 2427 417 2474 et
429 2416 603 2474 illustratum

387 2496 544 2576 tripudians

302 2595 361 2654 427
383 2589 413 2636 et
427 2575 555 2636 Cinesias
568 2575 788 2655 cognominatus

382 2741 426 2798 real
446 2737 505 2844 cirre
522 2742 634 2814 πυρρίχην
653 2734 746 2810 ἔμαθεν
761 2745 834 2806 Κινη-

384 2844 513 2958 Bellrlhae

385 2979 415 3038 id
428 2992 474 3038 est
487 2980 578 3037 Euius
593 2977 652 3035 filio

385 3073 573 3150 Cupripedem
588 3073 693 3130 Inuum

386 3152 463 3228 quod
477 3171 544 3209 cum

386 3229 537 3289 cacumina
550 3229 690 3288 montium

386 3309 522 3387 reperisse

386 3402 553 3468 nuncupant

386 3469 577 3628 ttflllll

386 3631 481 3690 Herus

384 3715 453 3787 παρὰ
467 3713 511 3780 τὴν
525 3711 626 3778 σπονδήν

385 3791 495 3851 seilicet
509 3803 542 3848 ut
555 3789 676 3848 libantes

304 3872 365 3947 428
386 3870 561 3931 sbominose
575 3869 671 3928 audire

386 3951 512 4010 Arcadiae

386 4033 487 4091 choros

387 4111 527 4191 sequipedi

387 4206 567 4285 spcuddium

388 4287 533 4345 divinitate

388 4368 535 4426 induceret

386 4447 496 4526 placare

1112 921 1178 979 MS.

878 1049 949 1108 Cod.
965 1071 1021 1108 om.
1038 1062 1067 1109 et

878 1130 1018 1189 accedunt

877 1224 1012 1270 constant
1027 1209 1122 1270 ternis.
1144 1223 1210 1270 octo
1224 1211 1353 1290 duplices
1364 1213 1432 1291 qui

918 1303 947 1348 et

878 1371 956 1449 Ergo
970 1369 1099 1429 binarum
1113 1371 1282 1451 syllabarum

878 1449 1027 1529 pirrichius

878 1550 1000 1610 egemcn

878 1630 913 1670 ex
927 1611 1040 1670 duobus

878 1692 976 1750 breves

879 1771 932 1829 ldu
945 1785 1040 1830 auteur
1056 1769 1202 1850 pirrichins

879 1851 1150 1992 tlt'tttdlffl

878 2011 1001 2089 clipeum

879 2092 1009 2150 inlustrat
1023 2093 1168 2173 upaspidia
1181 2093 1353 2172 probuaonti

878 2185 910 2230 ut
923 2185 1089 2250 expetenter

877 2252 1045 2331 pyrrichium
1060 2274 1077 2312 a
1091 2255 1197 2333 Pyrrho
1212 2265 1352 2333 repertam

879 2425 907 2473 et
922 2415 1098 2472 inlustratum

880 2495 1033 2572 tripediens

879 2574 1017 2633 Cineaias.
1046 2595 1079 2634 ac
1097 2581 1114 2633 e
1134 2571 1333 2654 cognoibmina
1357 2574 1417 2632 nri·

921 2667 1004 2712 natue

877 2759 921 2792 και
935 2747 1001 2794 ertre
1015 2749 1063 2794 ten
1078 2735 1224 2814 pyrrichen
1239 2735 1374 2794 emathen

878 2816 1024 2874 Krnrscran

879 2896 915 2953 ed
930 2896 1043 2954 bellone

877 2976 926 3035 ide
940 2995 1024 3034 enaus
1040 2975 1098 3033 filio

878 3093 912 3131 ea
924 3061 1005 3150 prins
1019 3072 1090 3152 pede
1103 3070 1132 3130 in
1148 3091 1236 3130 unum

879 3153 954 3228 quud
969 3173 1033 3210 eum

878 3233 1037 3290 amentium

879 3312 1035 3390 repperisse

879 3404 1064 3470 nunccupant

878 3471 1049 3550 pyrrichium

879 3553 1002 3629 tnpcdro

878 3730 946 3790 parc
960 3713 1002 3770 tin
1017 3711 1146 3792 sponden

877 3791 986 3850 seilicet
1000 3791 1121 3852 libantes

878 3871 914 3930 ab
927 3872 1047 3931 omnino
1061 3893 1091 3932 se
1105 3872 1201 3932 audire

878 3971 895 4008 a
908 3951 1026 4010 arcadiae

775 4106 776 4110 Ἰ
878 4033 985 4090 cheron

878 4112 1009 4190 equipedi

877 4197 1056 4286 spondalibus

878 4288 1002 4346 divinare

878 4368 1012 4425 inducere

878 4447 1002 4524 placaret
