3100 5142
150 405 236 458 cae.
250 398 288 474 9.
465 381 531 456 De
546 379 627 456 rell.
648 381 806 456 Horatii
821 387 959 460 metria.
1184 400 1258 479 327

325 566 430 634 Siluoe
442 565 622 632 mantra
631 566 769 654 geluque

325 669 483 733 Flamina
496 669 696 734 constiterint
708 679 811 734 acuto.

153 804 319 878 Primum
338 817 375 878 et
392 804 592 880 secundum
610 805 715 882 colon
733 805 832 905 paria
849 819 945 880 aunt.
993 807 1172 882 Constant
1188 809 1288 882 ein-a

156 923 240 1020 gula
259 947 306 994 ex
323 920 465 996 duobus
483 921 740 1011 commatibus,
755 947 912 1020 quorum
940 923 1059 1020 equod
1080 924 1260 998 antecedit

156 1064 202 1110 ex
222 1038 386 1111 trimetro
404 1037 560 1110 iambico
578 1049 766 1137 sumptum
785 1051 900 1124 cebet
917 1065 1002 1112 cum
1020 1065 1065 1114 eo
1081 1041 1262 1140 composi·

157 1167 249 1239 tum,
267 1179 330 1241 src,

335 1267 425 1332 Video
439 1277 476 1332 ot
489 1267 557 1333 ulto
567 1269 708 1356 gcniboa
721 1269 843 1336 beredo
856 1271 929 1334 tuta.

158 1381 331 1478 Sequitur
344 1405 502 1468 comma,

329 1495 400 1560 Stet
413 1496 488 1558 niue
501 1493 672 1558 candidum

159 1619 234 1695 hex
275 1621 508 1694 hemistichio
539 1621 756 1720 pentametri
799 1621 896 1694 heroi
933 1619 1091 1694 delibata
1124 1621 1264 1720 syllaba

159 1737 402 1838 compositum
421 1749 487 1822 est,
503 1736 641 1810 reddita
659 1737 756 1810 enim
775 1737 913 1837 syllaba
931 1738 974 1810 fit
990 1735 1089 1826 ΙῑιιΙε,

331 1856 403 1920 Stet
416 1855 491 1918 niue
504 1853 687 1918 condidam.

161 1982 281 2055 l’oteet
298 1981 409 2054 etiam
426 1979 537 2054 videri
563 2007 645 2082 pars
663 1979 769 2052 metri
787 1979 883 2052 illius
901 1991 1073 2070 extrema,
1091 1979 1189 2078 quod
1208 1991 1292 2055 estu

161 2097 232 2168 tale

233 2151 245 2184 '
331 2195 493 2259 Moerum
507 2195 612 2259 aluvio
626 2195 708 2259 edite
722 2195 873 2282 regibus,¹

160 2322 205 2395 de
223 2349 296 2420 quo
308 2321 385 2418 jem
405 2321 689 2421 disputavimus:
717 2335 757 2394 ut
778 2321 849 2394 hoc
871 2321 922 2394 ita
939 2346 1024 2394 cum
1050 2319 1112 2394 illo
1130 2321 1265 2422 junga-

160 2451 232 2528 tur,

334 2552 494 2618 Maecmaa
507 2554 626 2631 anau,
639 2561 700 2618 atet
712 2556 786 2618 niue
799 2553 971 2617 candidam

161 2674 302 2736 constat
319 2663 416 2736 enim
435 2663 506 2736 hoc
523 2687 669 2737 mmma
685 2688 732 2735 ex
748 2661 1113 2760 kchoriambo,qnem
1127 2660 1266 2736 faciunt

155 2778 275 2874 juncti
293 2779 472 2852 trochaeus
489 2793 527 2852 et
552 2779 706 2865 iambus,
732 2793 769 2852 et
794 2779 927 2852 iambo.
981 2779 1039 2854 lta
1055 2778 1161 2864 facile
1178 2804 1263 2852 con-
1280 2812 1311 2849 lo

160 2895 260 2966 venit
276 2905 314 2966 et
330 2920 414 2968 cum
433 2894 644 2969 choriambo
662 2907 789 2984 metro,
803 2894 899 2994 quod
917 2893 1067 2969 ¹Musici
1084 2893 1265 2970 bacchiou

161 3023 310 3095 vocant;
338 3011 443 3110 quale
460 3024 526 3098 eet,

334 3127 496 3191 Maecenua
509 3129 617 3192 atavia
630 3127 712 3192 edita
723 3130 867 3217 rogiduc.

162 3237 233 3311 Sed
252 3237 314 3334 qui
334 3239 440 3311 altius
458 3239 536 3313 haec
548 3266 621 3312 non
640 3253 928 3341 ”perspexerunt
942 3241 1182 3339 grammatici,
1197 3242 1265 3318 hoc

163 3365 295 3453 putant
320 3365 477 3426 metrum
496 3353 683 3428 decurtato
708 3370 937 3456 pentametro
954 3357 1104 3450 factum,
1119 3371 1162 3432 ut
1188 3359 1266 3434 red·

163 3469 239 3543 dita
256 3468 394 3570 syllaba
409 3472 473 3542 fiat
488 3484 755 3570 pentametrum
773 3473 856 3559 tale,

324 3586 490 3652 Macrone
503 3589 610 3654 utooir
623 3588 703 3656 edite
714 3591 902 3678 remigibus.
920 3629 924 3636 -

164 3709 355 3808 nItemque
374 3735 514 3784 versum
534 3711 651 3802 illum,
1282 3757 1308 3792 ιι

249 3835 396 3902 Solvitur
409 3839 495 3902 acria
509 3837 616 3926 wama
626 3849 728 3927 gruta
743 3826 809 3906 uice
824 3843 910 3907 veria
924 3851 954 3906 ct
969 3843 1119 3912 Fauonir

162 3989 235 4066 non
254 3987 298 4036 ex
313 3963 459 4038 duobus
481 3967 603 4039 metris
630 3970 872 4067 compositum
900 3981 1042 4070 putant,
1059 3981 1101 4040 ut
1117 3991 1201 4040 cum
1219 3965 1266 4040 de

161 4079 386 4154 Archilocho
419 4082 593 4178 loquebar
625 4083 777 4175 ostendi,
811 4085 874 4182 qui
911 4093 1120 4158 tetrametro
1155 4083 1265 4157 heroo

203 4346 319 4424 amaad]
334 4347 372 4405 V.
384 4345 463 4408 addit
472 4351 617 4410 antecedit.
698 4345 772 4422 lcc]
788 4357 817 4406 et
831 4348 869 4408 V.
884 4348 965 4406 Med.
1026 4347 1047 4426 ’,ἱ
1064 4351 1141 4425 tolie]
1158 4355 1215 4410 talc
1228 4353 1265 4411 V.

161 4424 179 4469 ¹¹
193 4429 362 4510 chortornbo]
379 4429 559 4494 chudumbico
575 4431 610 4488 V.
675 4427 685 4472 ¹
700 4430 801 4488 Marici
815 4429 959 4503 nectua]
975 4430 1105 4490 bacchica
1118 4435 1214 4492 maid
1227 4433 1265 4492 V.

162 4509 409 4585 mperspexerant]
423 4519 620 4586 promererent
634 4511 671 4569 V.
754 4507 861 4586 ¹¹itero]
878 4513 995 4585 itemque
1005 4509 1044 4576 V.
