3082 5140
294 319 370 396 ³60
641 313 752 390 Atilii
768 313 1026 390 Portunationi
1257 335 1341 384 rna.
1360 335 1396 384 ιι.

473 499 563 566 Videt
576 509 613 566 ut
627 499 695 564 olto
707 507 767 564 rtet
779 499 855 562 niae
868 495 1086 562 ιοιιιιόἰιὶιιὶιιιιι

467 602 609 678 Soracte,
623 601 758 687 nccjom
772 601 951 664 natincont
965 601 1079 664 onaan

295 719 458 796 Tertium
479 721 585 794 colon
603 719 791 792 trimetron
810 717 1138 818 hypercatalecton,

468 835 581 923 Sylva
594 835 772 900 laborantes
781 832 919 922 geluque
931 833 1077 896 corsdido.

297 949 476 1032 Quartum
492 946 736 1046 compositum
756 959 873 1018 estex
891 941 1171 1043 penthemimeri
1185 955 1223 1014 et
1236 942 1398 1015 bacchio.
1501 927 1502 960 ¹

296 1061 565 1136 Hexametrum
584 1060 629 1134 de
648 1061 718 1134 hoc
733 1059 841 1134 facies
858 1057 1007 1132 redditis
1024 1059 1305 1156 quibuscunque
1320 1083 1400 1156 par-

296 1179 395 1252 tibus
414 1175 487 1261 εἰει

426 1291 581 1356 nursino
594 1289 793 1354 corutitrrint
806 1289 933 1376 empulo
944 1291 1132 1377 pugnantia
1144 1299 1246 1354 ontio.

251 1442 285 1492 30
344 1419 387 1504 [1.
402 1419 467 1504 ια]
489 1417 542 1482 To
556 1437 596 1480 nc
609 1415 774 1504 qumis
787 1415 868 1480 scire
882 1417 975 1502 anoc
988 1437 1078 1504 qroem
1092 1417 1276 1504 mihiquem
1291 1420 1362 1482 sibi.

298 1529 375 1604 Hic
407 1525 728 1624 hendecasyllabos
754 1525 970 1626 Sapphicus,
996 1527 1042 1600 de
1072 1527 1143 1601 hoe
1168 1527 1245 1624 jam
1278 1555 1397 1628 supra·
1501 1535 1502 1622 i

296 1645 437 1720 dictum
454 1657 521 1734 est,
534 1641 735 1740 adjectione
753 1641 902 1741 spondei
922 1641 965 1716 ad
980 1656 1101 1742 caput,
1112 1655 1149 1716 et
1165 1645 1396 1742 mpyrrhichii
1501 1663 1502 1674 ¹

297 1759 342 1834 ed
360 1761 484 1848 finem,
501 1757 539 1830 in
566 1755 686 1830 medio
709 1782 787 1828 esse
815 1756 1101 1832 choriambicum
1123 1758 1343 1847 trimetrum,
1358 1775 1399 1833 ut

298 1871 387 1946 iliud
404 1871 600 1945 dimetrum
621 1871 781 1944 diximus
799 1871 942 1958 habere,

469 1989 632 2052 Mamas
645 1987 753 2052 otonis
766 1987 847 2051 edite
860 1989 1003 2076 regidos.

298 2097 348 2172 Et
367 2113 453 2172 nota
469 2097 566 2196 quod
584 2111 622 2172 et
644 2099 681 2170 in
706 2097 773 2170 hac
796 2111 834 2170 et
859 2097 897 2170 in
924 2097 986 2171 illa
1010 2097 1139 2196 egloga
1163 2097 1336 2196 strophen
1364 2098 1398 2170 in

299 2215 449 2316 singulis
467 2215 628 2288 versibus
645 2211 849 2313 expedivit;
877 2213 932 2286 his
949 2226 987 2286 et
1002 2213 1145 2286 Alcaeus
1162 2227 1284 2302 ¹¹usus,

398 2331 550 2426 Νύμφαις
565 2340 634 2412 ταῖς
651 2327 727 2412 Aris
744 2328 776 2414 ἔξ
792 2327 921 2426 αι’γιὸχιι
938 2325 1020 2421 φασὶ
1036 2329 1247 2424 τετνγμέναις.

299 2447 429 2522 Cetera
458 2469 541 2544 qure
571 2457 771 2542 sequuntur
796 2443 921 2516 eadem
950 2457 1063 2517 metra
1091 2461 1175 2516 sunt
1197 2443 1242 2516 de
1268 2445 1399 2541 quibus
1501 2527 1502 2540 χ

255 2562 372 2660 31jam
399 2561 538 2634 dictum
565 2573 620 2630 est
650 2557 687 2630 in
718 2557 878 2632 secundo
909 2559 1010 2632 libro.
1072 2559 1233 2634 Mettum
1263 2587 1399 2634 novum
1501 2549 1502 2622 ἰ

300 2693 367 2766 est,
387 2677 458 2776 [11.
477 2671 551 2775 18.]

472 2791 549 2854 Non
563 2789 639 2852 ebur
652 2809 750 2876 nemo
764 2811 898 2854 aurnum

473 2891 552 2955 Meo
565 2889 688 2954 renidet
702 2891 737 2953 in
752 2891 841 2955 domo
855 2891 1001 2954 locurmr.

305 3005 390 3080 Hoc
418 3001 528 3077 semel
559 3001 710 3074 omnino
737 3027 823 3074 usus
858 3015 913 3076 est
942 3001 1129 3092 Horatius,
1165 3004 1309 3077 Almus
1334 3003 1402 3075 fre-

302 3139 473 3221 quenter:
502 3121 547 3194 ab
573 3117 731 3192 iambico
752 3130 879 3190 natum
905 3131 970 3207 est,
996 3143 1079 3192 nam
1110 3119 1138 3192 si
1165 3117 1292 3192 reddas
1317 3119 1402 3192 huic

302 3253 442 3338 partem
461 3263 575 3326 suam,
592 3235 773 3334 integrum
791 3233 996 3307 trimetrum
1013 3233 1122 3307 facies
1140 3234 1203 3323 sic,

475 3349 596 3414 Beona
609 3351 662 3415 illc
674 3371 738 3414 non
752 3349 830 3414 ebur
843 3369 940 3436 neque
953 3368 1097 3412 aureum.

306 3457 524 3530 Philoxenus
543 3460 592 3530 sit
611 3459 680 3532 hoc
699 3459 972 3558 heptasyllabon
990 3459 1259 3534 choriambicon
1274 3463 1402 3550 vocari,

305 3587 343 3646 et
360 3597 436 3646 esse
453 3570 630 3644 dimetron
650 3575 849 3649 catalecton
869 3573 1095 3674 Euripidion,
1107 3575 1166 3648 iile
1185 3575 1303 3673 inquit
1319 3577 1402 3664 sic⁰,

555 3697 619 3761 Νῦν
635 3689 668 3761 ic‘
682 3723 734 3786 μοι
751 3689 807 3788 api
823 3691 956 3787 τειχέων.

306 3813 503 3911 Reliquum
533 3811 570 3884 in
597 3809 771 3912 Euripide
796 3812 1067 3904 attendendum,
1088 3827 1125 3886 et
1148 3839 1300 3912 sequens
1322 3841 1402 3914 pars

305 3929 386 4002 talis
403 3941 459 4001 est
475 3925 591 4024 qualis
610 3925 680 4014 illa,

482 4057 691 4145 Troltuntqrae
704 4057 803 4123 amcos
817 4059 970 4123 machino
983 4062 1124 4136 corinna,

346 4273 355 4318 ¹
369 4277 559 4353 candidulum
577 4281 723 4336 condidam
736 4275 817 4334 Med.
899 4287 923 4320 ὓ
934 4278 1100 4352 pyrrhichii]
1116 4277 1152 4334 V.
1168 4275 1248 4334 addit
1261 4279 1299 4334 od
1305 4280 1400 4354 finem.
1501 4235 1502 4326 i

306 4368 322 4399 ¹¹
336 4357 413 4430 utut]
430 4358 518 4416 Addit
532 4361 566 4415 V.
581 4370 688 4436 ιιμφαις
701 4381 770 4413 aanor
784 4355 827 4422 ξω
840 4381 914 4429 τιοχιι
927 4367 1037 4435 dacor«
1053 4381 1184 4433 τημιιας.
1289 4368 1304 4400 ⁰
1319 4359 1401 4416 Addit
1501 4367 1502 4370 ’

306 4438 342 4496 V.
357 4461 395 4494 m
408 4439 433 4495 dr
447 4461 486 4510 μοι
499 4463 670 4516 aamercort.
