3124 5120
303 399 350 460 82
690 386 808 462 Marii
829 385 1011 460 Vrctorim
1286 406 1361 456 ura.
1376 405 1402 456 1.

261 603 289 656 η
354 569 487 644 Praeter
504 571 567 644 has
584 585 704 646 autern
722 569 964 670 depositiones
982 581 1036 640 est
1053 591 1158 664 aeque
1175 591 1256 662 quae
1277 567 1404 640 δικατα-

303 681 395 774 ληξία
421 685 640 774 nominatur,
666 710 749 758 cum
776 711 823 758 ex
852 683 999 757 diversis
1031 681 1153 754 metris
1183 706 1304 753 versus
1334 682 1402 753 sub

303 799 409 872 unius
424 803 538 896 figura
560 798 810 898 kconponitur.
860 797 958 869 Nam
986 797 1015 868 si
1034 796 1080 868 sit
1097 794 1274 893 dactylica
1294 807 1404 868 tetra-

262 937 291 983 ιε
304 913 412 1011 podia
430 927 466 984 et
483 913 719 1014 ithyphallus,
737 913 772 985 id
799 925 865 998 est,
888 911 936 982 ¹si
955 925 1038 1010 post
1054 923 1224 1008 quattuor
1239 908 1402 1007 dactylos

304 1027 450 1126 lnpedes
473 1043 543 1101 tres
566 1030 727 1102 continui
746 1028 894 1101 trocbaei
914 1042 930 1074 ¹²
942 1025 1188 1121 subjiciantur,
1206 1024 1308 1119 isque
1323 1049 1402 1096 ver·

305 1169 363 1216 sus
397 1143 524 1240 ⁰quasi
557 1143 745 1216 uniformis
776 1142 1039 1240 pronuntietur,
1068 1137 1283 1227 δικαταληξίαν
1311 1138 1403 1237 pati-

262 1289 292 1342 ¹9
303 1269 372 1329 tur.
435 1257 766 1355 rQuandoquidem
796 1270 924 1353 quarto
941 1255 1032 1354 pede
1059 1253 1233 1351 adactyto
1258 1267 1295 1325 et
1320 1278 1402 1352 pars

304 1371 474 1444 orationis
492 1387 528 1444 et
546 1372 742 1446 catalectici
768 1372 872 1443 metri
899 1373 980 1443 finis
1004 1367 1209 1456 includitur,
1227 1381 1335 1463 atque
1352 1368 1404 1440 ita

303 1499 448 1559 lrursus
477 1489 700 1561 trochaicum
733 1485 928 1559 dimetrum
959 1482 1309 1586 brachycatalectum
1342 1480 1404 1554 ad·

297 1601 476 1698 jungitur,
494 1602 591 1700 quod
610 1603 887 1702 itbypballicum
909 1600 1128 1688 nominatur,
1145 1611 1187 1670 ut
1203 1611 1269 1685 est,

359 1717 461 1788 Tunc
478 1726 513 1788 et
530 1717 664 1789 amoris
680 1743 784 1790 amor·
799 1717 899 1790 venit
915 1715 1100 1813 improbus
1117 1713 1239 1812 aliger
1252 1711 1403 1810 Cupido.

260 1854 293 1891 20
354 1832 508 1904 Occasio
525 1833 684 1930 suggerit
697 1833 859 1905 hocloco
872 1832 980 1904 etiam
996 1830 1083 1902 illud
1097 1829 1226 1918 dicere,
1237 1828 1402 1926 quaedam

305 1959 418 2019 metra
447 1946 668 2020 familiariter
693 1947 845 2046 propriis
875 1945 1026 2044 pedibus
1053 1943 1249 2017 terminari.
1300 1943 1401 2016 Nam

303 2061 458 2134 iambica
484 2061 689 2134 catalectica
715 2062 856 2150 iambis,
876 2061 1105 2134 acatalectico
1133 2060 1254 2132 iambo
1279 2083 1404 2158 super-

304 2177 437 2248 fluente
460 2174 608 2275 syllaba,
624 2177 788 2250 similiter
812 2176 995 2250 trochaica
1021 2190 1058 2248 et
1088 2174 1304 2273 anapaestica
1329 2172 1403 2245 suis

303 2291 473 2364 libentius
501 2291 755 2364 terminantur:
783 2306 917 2380 contra,
943 2290 1108 2388 quaedam
1139 2290 1263 2362 alienis
1291 2288 1403 2386 depo-

303 2407 492 2480 sitionibus
510 2407 679 2506 gaudent,
692 2421 732 2482 ut
748 2407 980 2506 antispastica
997 2421 1034 2479 et
1051 2405 1296 2478 choriambica
1313 2404 1405 2476 iam-

305 2522 394 2594 bicis
419 2523 746 2622 conjugationibus,
771 2523 888 2595 ionica
916 2535 1039 2594 antem
1071 2535 1221 2618 utraque
1250 2518 1405 2592 trochai-

261 2666 289 2701 υ
305 2636 367 2710 cis.
418 2637 604 2734 Siquidem
632 2650 715 2710 sunt
741 2637 797 2710 bis
825 2636 980 2709 finitima
1005 2649 1042 2708 et
1068 2634 1255 2708 familiaria
1291 2652 1404 2708 metra

306 2751 448 2849 singula
477 2751 639 2850 singulis,
669 2777 741 2823 non
769 2752 865 2824 enim
895 2749 1012 2823 solum
1042 2751 1079 2822 in
1108 2751 1177 2822 fine
1206 2762 1404 2846 ponuntur,

306 2865 389 2937 'sed
416 2865 510 2938 etin
538 2866 729 2940 medietate
746 2889 925 2953 versuum,
950 2877 986 2936 et
1011 2863 1104 2935 inter
1131 2862 1232 2935 initia
1255 2862 1405 2958 conjun-

262 3007 291 3045 υ
307 2991 450 3077 guntur.
501 2980 601 3054 Scias
619 2995 740 3054 autem
758 2981 795 3053 in
813 2981 912 3054 omni
938 2991 1054 3052 metro
1078 2977 1308 3051 novissimam
1332 2978 1403 3075 syl-

307 3093 424 3166 labam
442 3095 610 3192 ἆδιᾶφορον,
627 3094 662 3168 id
680 3109 745 3179 est,
760 3095 1020 3168 indifferentem
1040 3121 1128 3167 esse.
1179 3092 1283 3164 Nibil
1305 3091 1403 3164 enim

307 3205 412 3277 metri
438 3205 596 3296 interest,
613 3221 733 3279 utrum
763 3209 823 3280 illa
847 3209 955 3307 longa
973 3209 1018 3281 sit
1037 3235 1080 3281 an
1101 3207 1229 3295 brevis,
1246 3233 1288 3280 ea
1304 3205 1404 3280 vide·

308 3317 393 3390 licet
423 3321 571 3408 ratione,
598 3322 683 3418 quio
716 3321 956 3398 distinctionis
989 3349 1090 3396 mora
1119 3323 1225 3394 breve
1258 3335 1404 3419 tempus

262 3461 293 3510 ²3
308 3431 484 3506 ostendit:
519 3435 666 3532 longam
697 3451 816 3510 autem
847 3439 1022 3536 syllabam
1060 3463 1126 3536 pro
1157 3435 1254 3508 brevi
1289 3434 1404 3533 accipi

308 3548 452 3620 finalem
471 3575 512 3620 ea
530 3549 665 3623 ratione
690 3566 918 3655 putaverunt,
935 3578 1006 3652 qua
1032 3551 1258 3650 reperiuntur
1273 3549 1312 3621 in
1331 3573 1405 3620 me·

348 3835 365 3880 k
379 3840 572 3918 componitur]
596 3844 766 3920 conponitur
780 3845 811 3902 P.
934 3843 942 3888 ¹
956 3865 1040 3923 supra
1055 3845 1189 3921 quatuor]
1205 3845 1229 3902 ai
1243 3855 1308 3920 post
1321 3855 1404 3919 quat·

308 3931 373 3976 tuor
386 3921 417 3977 P.
520 3931 543 3964 ⁰¹
558 3922 714 3998 pedestres]
732 3927 827 3998 perles.
842 3935 899 3982 tres
914 3925 944 3982 P.
1036 3935 1052 3966 ¹²
1066 3923 1277 4015 subijiciantur]
1298 3921 1403 3979 subici-

308 4013 392 4058 antur
406 4001 437 4058 P.
543 4013 558 4044 ⁰
572 4005 666 4078 quasi]
682 4003 783 4078 quibus
798 4005 829 4060 P.
932 4015 948 4060 Ρ
963 4005 1214 4080 Quandoquidem]
1233 4001 1356 4063 Quando
1370 4003 1403 4062 P.

308 4078 355 4154 qui
370 4079 456 4136 habet
471 4087 569 4154 quarto
584 4081 611 4138 in
628 4101 715 4160 marg.
808 4094 824 4138 ‘t
838 4083 990 4161 dactylico]
1008 4083 1112 4142 dactilo
1127 4084 1157 4141 P.
1251 4092 1263 4123 ¹
1277 4083 1403 4156 rursum]

308 4177 400 4216 rursus
416 4160 447 4216 P.
529 4161 603 4218 ⁸sed
619 4161 662 4234 in]
679 4162 729 4220 sed
743 4173 772 4220 et
787 4163 816 4219 in
834 4162 867 4219 P.

360 4420 407 4459 20.
435 4401 830 4479 catalectico-acatalectica]
917 4423 963 4462 απ.
979 4405 1118 4479 ostendit]
1136 4405 1154 4463 l.
1171 4403 1310 4463 extendit.
1332 4405 1404 4464 San.

306 4479 338 4538 F.
353 4481 779 4562 acatalecto-hypercatalecta.
874 4495 933 4542 ten.
948 4487 1013 4544 Ter.
1029 4486 1123 4544 Maur.
1140 4506 1167 4563 p.
1182 4503 1248 4542 220.
1347 4549 1351 4560 .
