3124 5120
163 387 245 438 car.
260 375 297 453 7.
483 365 550 438 De
565 368 758 464 reciprocis
772 369 947 442 uersibus.
1196 383 1262 446 lot

161 548 256 620 circa
272 557 404 647 putant
421 551 586 624 nonnulli
613 550 791 624 duriorem
820 552 936 650 legem
964 553 1165 626 oratoribus
1189 553 1264 626 fore

160 689 272 759 quam
290 663 429 762 poetis:
455 691 540 739 nam
564 679 605 738 ut
626 665 716 738 nihil
744 665 898 740 scribere
924 693 1126 766 possumus,
1142 668 1261 766 rquod

33 787 34 794 ’
161 793 263 852 extra
280 805 474 853 numerum
495 781 691 854 litterarum
708 779 887 866 cadatsio
902 793 969 853 'ne
983 781 1079 879 loqui
1099 782 1261 880 quidem,

31 980 32 990 χ
160 907 223 966 aut
239 894 391 966 verbum
411 895 525 969 ullum
543 897 720 982 emittere,
733 893 829 992 quod
849 921 919 968 non
938 897 974 968 in
994 895 1103 996 pedes
1121 895 1260 994 aliquos

159 1007 252 1078 etin
275 1006 470 1106 rhythmos
496 1009 641 1100 incidat,
658 1009 740 1106 ‘qui
768 1009 903 1082 alterna
928 1011 1147 1110 syllabarum
1176 1013 1260 1082 sub-

160 1121 295 1194 latione
312 1137 350 1194 et
366 1123 545 1222 positione
561 1123 800 1196 continentur.

316 1344 420 1426 Car.
441 1345 541 1428 VII.
582 1349 647 1428 De
666 1348 884 1456 reciprocis
902 1349 1096 1430 versibus
1226 1428 1229 1433 .

209 1495 342 1594 Operae
367 1495 522 1596 pretium
550 1509 604 1568 est
621 1497 715 1568 inter
732 1496 810 1569 haec
827 1511 864 1570 et
881 1495 926 1570 de
943 1495 1135 1596 reciprocis
1152 1498 1261 1568 versi·

161 1613 243 1700 bus,
260 1625 302 1684 ut
318 1611 544 1684 omnifariam
572 1611 658 1684 artis
685 1613 842 1684 metricae
867 1611 1068 1710 disciplinis
1094 1625 1130 1684 et
1147 1611 1260 1710 gratia

163 1725 233 1798 hoc
258 1725 476 1824 opusculum
499 1725 730 1813 instruamus,
747 1737 891 1821 quantae
909 1723 980 1797 sint
998 1726 1206 1816 venustatis,
1223 1741 1260 1799 et

161 1853 252 1938 quot
281 1865 406 1913 eorum
434 1841 569 1940 species
600 1839 900 1940 investigaverim,
926 1840 1055 1914 dicere.
1083 1839 1177 1924 *Qui
1206 1868 1258 1915 re-

161 1967 321 2026 trorsum
338 1953 425 2028 dum
445 1955 624 2053 leguntur,
642 1957 750 2055 longe
769 1955 865 2030 aliud
884 1973 1042 2030 metrum
1062 1983 1158 2031 exse
1175 1984 1259 2057 pro-

162 2083 298 2158 creant,
314 2083 355 2142 ut
371 2084 425 2143 est
444 2071 505 2144 hic
522 2073 656 2170 elegus,

263 2184 358 2259 Esse
374 2185 485 2259 bonus
501 2186 535 2258 ai
550 2188 606 2260 oia
622 2185 699 2258 cole
715 2185 815 2258 diuos
831 2185 964 2282 optime
980 2186 1122 2276 Pansa,

317 2299 449 2373 Omine
451 2298 567 2400 felici
584 2301 714 2374 Pansa
728 2323 882 2397 precare
899 2301 992 2372 deos.

164 2413 223 2486 Ex
241 2413 299 2486 his
317 2415 479 2512 superior
496 2415 625 2488 herous
643 2416 679 2487 in
698 2413 886 2488 Sotadium
905 2413 1064 2503 recurrit,
1082 2415 1144 2502 sic,
1274 2449 1287 2484 ι

212 2527 343 2602 Pansa
359 2529 491 2627 optime
507 2530 605 2605 divos
623 2532 699 2605 cole
714 2532 748 2605 si
763 2531 820 2605 vis
838 2529 948 2604 bonus
966 2553 1050 2602 esse.

165 2641 273 2732 Item,

214 2755 309 2830 Ecce
326 2767 440 2832 tremet
452 2761 608 2858 gemmis
627 2769 692 2833 lua
708 2761 795 2834 vilia
811 2761 944 2856 optime
956 2757 1110 2834 Bocche.

163 2871 351 2945 Sotodium
371 2871 474 2946 dabit
490 2874 571 2964 tale,

263 2987 409 3060 Bocche
424 2990 557 3086 optime
572 2989 729 3090 gemmis
746 2998 812 3061 lua
827 2989 915 3062 viris
931 2997 1046 3061 tumel
1064 3013 1155 3060 ecce.

163 3101 268 3174 Alter
293 3103 355 3201 qui
392 3119 446 3178 est
479 3119 724 3206 pentametros
758 3104 796 3175 in
832 3103 1028 3177 iambicum
1056 3103 1287 3181 trimetrum

165 3215 270 3306 redit,
288 3217 351 3304 sic,

314 3331 417 3408 Deos
430 3361 583 3432 precare
599 3331 848 3434 Pon-roselici
864 3333 990 3406 omine.

163 3444 369 3522 lambicum
387 3464 442 3522 est
460 3449 547 3524 item
567 3447 664 3524 aliud
682 3446 913 3547 genus,quod
932 3447 970 3520 in
988 3445 1139 3520 eandem
1160 3471 1260 3520 men·

203 3661 323 3739 rquod]
339 3681 401 3740 quar
415 3665 445 3722 Ρ.
507 3673 523 3706 ¹
536 3663 586 3737 ne]
603 3679 655 3720 neo
669 3662 702 3720 Ρ.
772 3673 788 3706 ⁸
801 3659 868 3738 quio
882 3659 1020 3739 legitima]
1036 3679 1091 3738 qua
1104 3659 1212 3718 alterne
1228 3661 1258 3718 P.

162 3741 234 3800 Mox
246 3743 333 3822 vulgo
346 3743 516 3802 continetur.
597 3738 691 3820 bqui]
708 3761 771 3819 que
787 3741 820 3800 P.

206 3933 231 3974 a.
247 3917 324 3974 Eece
345 3917 449 3990 tumet]
479 3913 563 3996 Legit
584 3917 687 3973 Carne-
735 3915 840 3992 itaque,
851 3915 959 3972 Bocche
972 3915 1073 3989 optime
1085 3915 1198 3986 gemmis
1212 3919 1260 3968 tuo

163 3995 260 4061 mnus,
276 3997 348 4053 Ecce
362 4003 447 4053 tumet
459 3999 523 4053 oilie
543 4005 592 4053 tuo
610 4015 686 4070 gem·
735 3998 798 4053 uuir
814 4003 898 4052 tumet
917 4013 986 4062 erce,
1002 3993 1051 4072 qui
1065 4011 1161 4050 versus
1175 3993 1259 4049 Sota·

161 4077 213 4134 rru'r
235 4079 338 4148 optime
358 4075 466 4133 Booclte
482 4074 488 4156 Ι
505 4077 616 4134 Bocche
636 4096 685 4151 op-
735 4075 798 4132 dlus
827 4087 879 4140 est,
908 4074 1095 4150 βουστροφηδὸν,
1125 4071 1143 4127 i.
1172 4083 1260 4128 retro·

162 4156 227 4212 tine
240 4157 303 4213 vitia
318 4163 366 4212 tuo
384 4159 498 4230 gemmis
518 4163 603 4214 tumet
617 4175 685 4213 ecce.
734 4155 823 4236 gredo
850 4153 950 4212 ordine
977 4153 999 4210 si
1029 4151 1115 4230 legas.
1145 4151 1261 4209 habebis

162 4233 301 4293 Concedo
328 4235 452 4313 priorem
476 4255 585 4294 versum
614 4237 687 4294 bene
736 4237 929 4292 hexametrum
947 4235 1073 4298 heroum,
1092 4231 1162 4288 Ecce
1177 4241 1261 4288 tumet

162 4313 324 4374 restitutum
359 4335 432 4384 esse,
459 4335 556 4375 rernm
585 4335 685 4375 secun-
734 4319 798 4374 vitis
818 4323 866 4372 tua
886 4316 999 4389 gemmis
1021 4313 1123 4387 optime
1141 4312 1259 4370 Bocche.

162 4396 240 4466 duro,
254 4395 302 4474 qui
324 4393 353 4453 in
375 4395 437 4474 ipso
457 4409 592 4454 contextu
610 4407 686 4454 reete
736 4395 869 4454 coMM.

163 4473 322 4551 descriptus
337 4489 391 4546 est,
405 4495 464 4536 non
486 4477 563 4534 item.
606 4475 687 4551 Lege

785 4584 853 4642 Η
