3100 5142
272 281 347 360 ³46
580 248 584 257 .
630 277 748 354 Atilii
765 279 1023 354 Fortrorotr'onr'
1237 301 1328 352 ran.
1342 299 1382 352 ιι.

276 483 312 543 et
340 467 498 566 dactylo,
524 464 584 539 hic
613 463 782 562 ⁸qudrue
812 463 848 536 in
880 464 1030 564 singulis
1064 461 1385 562 conjugationibus

276 611 338 660 aex
357 597 521 684 tempora
544 579 711 682 limpleri
738 606 883 656 necesse
910 595 975 655 est
1026 579 1238 654 Dimetrum
1267 589 1387 650 acata-

277 703 423 790 lectum,

449 813 583 878 Arorr'rn
597 813 644 876 ric
657 831 755 900 caper
768 811 880 876 ollam.

278 925 467 1014 Horatius,

450 1039 561 1126 Neque
575 1038 660 1102 dolel
675 1037 759 1102 molo
774 1039 858 1102 uino.

277 1152 499 1228 Trimetrum
517 1147 746 1236 catalectum,

450 1264 650 1328 Miserarum
664 1271 710 1326 ert
724 1282 822 1349 neque
834 1265 937 1326 omora'
950 1262 1029 1326 dore
1043 1263 1161 1326 ludum.

278 1378 543 1453 Tetrametrum
563 1373 791 1460 catalectum,

452 1487 576 1576 tepor
589 1487 660 1551 ollro
674 1487 759 1550 velut
773 1487 849 1552 uber
863 1497 960 1554 tumet
973 1489 1044 1552 aldo
1056 1490 1159 1552 lorice.

278 1603 545 1676 Tetrametrum
563 1597 812 1684 acatalectum,

451 1715 607 1801 ¹¹1'ropra'r
621 1715 677 1802 qui
692 1713 834 1778 recidero
848 1715 884 1776 in
894 1717 1019 1802 gremio
1033 1711 1159 1778 ¹me
1171 1715 1295 1780 colonia.

474 1900 574 1981 Car.
595 1897 711 1980 XVI.
741 1901 807 1982 Dc
826 1901 1172 2010 monodiplumeno.

343 2059 676 2160 Anadiplumenum
707 2084 754 2132 cx
786 2059 855 2135 hoc
889 2059 1028 2132 minore
1062 2059 1180 2132 ionico
1213 2059 1391 2148 nascitur,

281 2176 377 2274 quod
396 2178 441 2248 ab
461 2175 522 2248 illo
540 2176 635 2250 uhoc
650 2175 770 2264 distat,
788 2174 886 2272 quod
903 2202 924 2248 a
941 2174 1073 2248 cretico
1096 2174 1225 2272 incipit
1247 2189 1285 2246 ct
1309 2189 1392 2248 ⁰est

282 2291 520 2378 tetrametros,

412 2407 524 2492 offen
539 2427 636 2494 mque
649 2409 751 2472 mr
765 2407 966 2483 arctoum
980 2407 1053 2472 ruer
1067 2406 1166 2470 nera.

255 2547 268 2580 ²
283 2507 353 2593 Est
370 2533 406 2592 et
423 2517 520 2592 aliud
537 2529 604 2589 Pex
623 2517 692 2590 hoc
707 2531 822 2590 metro
836 2517 954 2590 ionico
967 2516 1065 2614 quod
1080 2515 1313 2590 Galliambon
1328 2515 1390 2586 di-

157 2693 164 2716 .
283 2634 388 2723 citur,
423 2631 520 2730 quod
554 2631 592 2704 in
625 2633 696 2704 fine
730 2632 923 2731 degenerat
964 2632 1159 2730 quominus
1200 2631 1390 2728 integrum

284 2747 466 2821 ‘donicum
484 2746 536 2820 ἀπ’
555 2747 718 2830 ἐλάσσονος
735 2747 855 2836 faciat,

412 2864 614 2927 Miserarum
628 2872 674 2928 rat
688 2885 786 2950 παφα
800 2864 902 2928 amori
916 2863 994 2926 dore
1008 2875 1018 2907 ¹
1021 2864 1126 2950 poerit
1140 2863 1289 2926 remedio.

214 3066 223 3085 .
254 2973 342 3048 3Ex
373 2975 443 3048 hoc
476 3001 606 3074 genere
639 2989 694 3048 est
728 2973 826 3071 quod
860 2975 1138 3048 'anaclomenon
1173 2974 1391 3074 appellatur,

284 3089 381 3188 quod
408 3091 570 3166 ordinem
597 3091 731 3190 pedum
759 3092 958 3164 naturalem
989 3117 1030 3162 ac
1060 3091 1206 3162 solitum
1239 3089 1390 3178 amittit,

285 3222 321 3280 et
339 3206 538 3279 immutatio
565 3205 701 3307 pedum
727 3205 1041 3304 conjugationibus
1068 3207 1266 3306 copulatur.
1317 3203 1391 3276 Di-

287 3332 441 3394 metrum
461 3321 711 3410 acatalectum,

456 3435 600 3520 Paprrar
614 3459 704 3500 amor
717 3437 883 3501 columboe.

283 3509 383 3616 ¹Nam
411 3555 552 3615 constat
573 3544 785 3642 pyrrhichio
811 3559 848 3616 et
873 3545 1038 3620 trochaeis
1056 3545 1197 3619 duobus
1215 3565 1252 3617 et
1279 3569 1388 3644 spon-

284 3657 364 3732 deo.
418 3657 556 3740 Quarta
581 3658 678 3732 enim
703 3661 840 3758 syllaba
858 3688 938 3758 quae
955 3661 1063 3736 debet
1089 3662 1291 3761 longuessa
1309 3661 1388 3732 bre-

286 3775 350 3863 via,
367 3787 404 3848 et
421 3799 573 3872 sequena
592 3773 699 3872 longa
716 3787 770 3848 eat
788 3801 897 3872 quam
922 3781 1111 3876 oportebat
1132 3779 1276 3850 brevem
1296 3803 1386 3850 esse.

327 4025 462 4090 equoque
477 4016 518 4089 in]
534 4035 640 4090 qnoque
653 4017 720 4074 mili
736 4019 768 4076 V.
825 4017 980 4096 himplere]
997 4023 1105 4098 impleri
1118 4021 1154 4078 V.
1200 4017 1209 4063 i
1226 4021 1388 4078 Heruaolbo

286 4095 360 4152 velut
375 4097 454 4170 uber]
471 4117 554 4174 equus
567 4099 629 4155 albo
642 4099 715 4156 vehit
728 4099 795 4156 uber
808 4100 844 4156 V.
858 4121 920 4158 ecua
933 4121 959 4158 o.
971 4122 996 4159 n.
1008 4123 1036 4159 u.
1052 4101 1131 4159 Med.
1218 4098 1235 4143 ¹¹
1250 4102 1385 4175 Propere]

284 4177 397 4250 proprie
413 4175 447 4234 V.
530 4175 539 4220 ¹
555 4179 647 4237 Foune
661 4181 770 4254 colocir]
778 4179 871 4256 sonae
885 4203 900 4240 e
914 4183 979 4239 locta
995 4184 1030 4239 V.
1114 4193 1138 4224 m
1152 4181 1386 4256 Arrodiplarneoo]

288 4257 506 4330 Anodiplamrne
521 4259 555 4316 V.
646 4261 726 4334 ¹²aie]
744 4261 794 4318 hoc
809 4261 843 4317 V.
926 4265 1008 4338 ⁰crt]
1027 4266 1055 4320 in
1070 4265 1106 4320 V.
1190 4263 1388 4320 Prohocrne·

288 4337 345 4410 tro]
362 4346 500 4395 exametro
514 4339 549 4395 V.
615 4343 777 4418 aionicum]
797 4341 832 4397 V.
848 4339 929 4399 addit
942 4348 985 4399 ἀπ’
1001 4354 1141 4408 ememor.
1216 4353 1389 4417 rperaerrorc

287 4419 391 4494 inedie]
405 4421 491 4492 percit
505 4423 625 4476 remedio
641 4421 676 4480 V.
800 4423 1044 4499 ¹onoclrornenon]
1062 4423 1257 4482 onocwrnenon
1272 4424 1309 4482 V.
