3124 5120
298 429 366 490 122
682 411 805 486 Marii
824 412 1009 487 Victorini
1262 436 1336 486 urs.
1356 437 1398 486 n.

297 598 426 672 minori
453 611 574 670 autem
593 596 708 669 rinter
725 595 827 670 initia
843 623 989 697 ponere,
1006 609 1043 670 et
1060 623 1185 670 cavere
1202 623 1250 670 ne
1267 597 1304 668 in
1325 622 1399 668 mc-

296 714 429 787 dietate
463 713 667 785 collocetur.
719 711 865 811 Recipit
901 713 970 785 hoc
1010 727 1164 786 metrum
1199 710 1398 785 trochaicas

296 839 431 926 qbases,
448 836 483 908 id
501 849 556 908 est
572 834 755 933 duplicem
776 837 988 925 trochaeum,
1005 837 1067 935 qui
1085 835 1238 910 totidem
1256 849 1398 933 tempo-

297 979 377 1025 rum
395 967 461 1040 est,
474 951 567 1024 sicut
578 963 633 1023 ret
646 950 818 1024 iambicas
837 951 939 1026 bases
957 951 1262 1025 'choriambicum
1280 965 1317 1023 et
1335 977 1398 1022 an-

297 1067 535 1165 tispasticum‚
552 1065 649 1162 quod
672 1065 749 1138 fieri
767 1065 906 1156 dicunt,
930 1067 990 1140 sed
1010 1079 1047 1138 et
1063 1079 1204 1155 vocant,
1222 1068 1302 1138 κατὰ
1317 1097 1399 1159 συμ-

270 1184 430 1258 πάθειαν.
480 1179 656 1253 Similiter
673 1193 895 1280 anapaestum
913 1196 950 1254 et
967 1181 1217 1280 pyrrhichium
1237 1181 1398 1276 gemina·

297 1311 352 1369 tos
376 1296 515 1396 recipit,
542 1295 691 1392 adoeque
718 1308 755 1368 et
783 1296 990 1396 tribrachyn
1019 1322 1103 1369 cum
1131 1296 1304 1380 trochaeo,
1332 1321 1396 1367 seu

297 1425 421 1484 contra
447 1424 588 1484 mutato
611 1410 695 1500 situ,
718 1411 870 1484 sociatos
891 1411 1083 1484 dumtaxat
1105 1411 1276 1500 admittit,
1300 1409 1397 1508 quod

298 1528 350 1610 fit,
384 1537 427 1598 ut
460 1551 566 1624 supra
601 1523 836 1616 ostendimus,
869 1551 953 1599 curn
989 1527 1105 1626 longae
1140 1526 1327 1599 solvuntur
1360 1523 1396 1596 in

298 1642 432 1726 breves,
456 1640 566 1713 etiam
595 1639 631 1712 in
663 1639 845 1712 trochaica
870 1641 1135 1741 conjugatione,
1156 1667 1266 1738 quam
1292 1639 1398 1712 fami-

297 1756 431 1828 liariter
451 1753 613 1853 suscipit,
631 1781 712 1851 quae
737 1753 943 1854 conjugatio
969 1756 1100 1856 pedem
1126 1756 1397 1855 tetrasyllabum

295 1869 549 1958 ditrochaeum,
567 1867 602 1940 id
629 1881 684 1942 cst
706 1869 889 1968 duplicem
916 1873 1127 1960 trochaeum,
1145 1897 1253 1970 quem
1274 1870 1400 1943 dicho-

296 1985 390 2058 rium
409 1985 445 2056 in
460 1983 611 2056 Oratore
625 1983 752 2057 Cicero
770 1997 890 2058 noster
902 1987 1071 2088 appellat,
1084 1987 1204 2061 efficit.
1231 1985 1398 2059 Ionicum

297 2115 450 2174 metrum
470 2099 617 2197 quidam
643 2103 682 2173 ‘a
708 2127 837 2202 genere
855 2101 1047 2176 hominum
1065 2101 1280 2176 vocabulum
1300 2125 1400 2172 acce-

296 2217 391 2316 pisse
409 2215 673 2304 existimarunt,
690 2214 787 2313 quod
805 2216 842 2288 in
861 2216 1035 2316 rhythmo
1051 2231 1089 2290 ct
1105 2217 1190 2290 satis
1216 2216 1396 2315 prolixum

295 2347 333 2406 et
351 2333 436 2406 satis
456 2333 576 2422 molle,
594 2331 688 2406 sicut
704 2331 865 2428 ejusdem
881 2333 998 2431 gentis
1012 2333 1177 2407 homines
1191 2332 1399 2405 adseveran-

267 2461 365 2522 atur.
417 2446 610 2520 Scanditur
626 2461 747 2521 autem
771 2473 834 2546 per
850 2446 1035 2547 dipodias:
1062 2447 1129 2521 erit
1154 2447 1264 2545 igitur
1290 2443 1398 2540 hujus

298 2575 565 2635 monometrum
584 2563 822 2635 acatalectum
841 2562 924 2651 tale,

395 2678 558 2751 Phoebus
575 2703 699 2752 comes.

297 2793 658 2894 Hypercatalectum,

395 2908 475 2981 Per
492 2907 716 2982 'Leucadia

294 3023 502 3096 Dimetrum
523 3036 657 3112 autem,

394 3137 551 3213 Hostem
568 3149 695 3238 tegere
711 3151 765 3213 est
776 3151 947 3238 paratus.

296 3253 418 3348 Hujus
437 3253 803 3353 brachycatalectum,

398 3369 508 3442 Veris
525 3369 787 3472 comestorem.

265 3482 512 3562 9Trimetrum
532 3509 616 3555 vero
632 3487 881 3576 acatalectum,

394 3594 550 3670 Hostem
568 3608 692 3697 tegere
709 3611 763 3672 est
776 3613 934 3698 paratus
952 3611 988 3674 et
1004 3611 1079 3674 stat
1095 3602 1181 3699 ipse.

296 3712 418 3808 Hujus
439 3712 784 3812 hypercatalecturn,

398 3827 479 3900 Len
495 3827 658 3928 haeserit
675 3829 762 3903 olim
774 3857 975 3928 puerorum
994 3830 1189 3928 Stephano.

294 3941 559 4016 Tetrametrum
579 3957 699 4018 autem
721 3947 1084 4044 brachycatalectum,
1102 3962 1153 4034 ut,

393 4055 548 4131 Hostem
565 4070 691 4158 tegere
709 4071 763 4133 est
775 4071 1017 4158 paratiores
1032 4071 1109 4134 stat
1125 4064 1202 4159 ipsc
1218 4064 1347 4138 nudus.

334 4281 349 4324 Ρ
364 4268 451 4346 intra]
468 4270 542 4328 inter
555 4274 588 4328 P.
644 4285 659 4328 q
674 4277 768 4350 bases]
787 4277 860 4333 basis
877 4278 907 4334 P.
923 4291 952 4334 et
966 4277 1016 4336 inf.
1078 4293 1090 4322 r
1104 4279 1236 4354 iambica]
1253 4295 1282 4339 et
1295 4282 1394 4340 iambi-

292 4369 339 4407 cas
354 4351 385 4406 P.
456 4351 701 4412 ⁸choriambicam
717 4369 746 4412 et
760 4359 971 4432 anapaesticam]
988 4357 1210 4418 choriambicum
1226 4373 1255 4418 ct
1268 4361 1393 4439 antispa-

292 4430 394 4487 sticum
413 4430 444 4485 P.
548 4432 716 4510 tagenore]
734 4455 837 4514 genere
852 4437 881 4492 P.
992 4449 1008 4479 V
1022 4439 1190 4514 Leucadiae]
1203 4442 1346 4499 Leucadia
1361 4445 1393 4501 P.

292 4519 315 4550 W
330 4522 373 4567 est
387 4511 429 4584 et]
447 4523 478 4567 et
491 4523 549 4568 stat
563 4511 595 4570 Ρ.
