3012 5084
152 395 233 442 car.
250 385 309 442 12.
555 417 560 426 ·
589 371 651 442 De
668 371 816 444 Matris.
1203 373 1250 464 67

150 553 273 626 dium:
300 553 368 626 alia
387 555 433 627 ab
452 553 509 626 bis
526 553 587 648 qui
605 555 762 626 crebrius
780 569 1006 654 usurparunt,
1024 569 1063 628 ut
1082 557 1253 654 rSapplri-

150 695 249 754 cum,
265 667 580 766 Asclepiadicum:
606 669 674 740 alia
697 695 718 742 a
735 669 907 766 qualitate
931 669 1079 768 pedum,
1098 683 1138 744 ut
1156 669 1253 744 lam·

150 783 290 870 bicum,
305 781 571 880 ⁸Dactylicum,
583 783 871 882 Auapaerticum:
893 784 978 856 'alia
991 812 1010 858 a
1023 810 1173 858 numero
1190 811 1252 883 pe-

148 897 250 988 dum,
263 911 306 970 ut
316 896 835 988 Trimetrum,Tetrametrum,
847 897 1134 973 Hexametrumr
1160 899 1251 972 'alia

149 1039 348 1086 enumero
370 1013 602 1112 syllabarum,
627 1027 680 1102 ut,
703 1015 1033 1114 ”Heptasyllabom
1056 1015 1250 1090 Hendeca-

149 1128 328 1226 syllabon.
381 1127 545 1202 Metrum
564 1143 684 1202 autem
710 1129 872 1202 bifariam
897 1130 1137 1230 accipiemus:
1163 1157 1247 1204 nam

148 1257 212 1316 aut
234 1241 423 1314 Poeticum
443 1257 599 1316 metrum
618 1258 684 1332 eut,
701 1257 764 1316 aut
782 1243 979 1316 Rioticum.

195 1356 384 1430 Bioticum
404 1371 561 1430 metrum
579 1371 645 1448 eet,
660 1357 758 1455 quod
784 1358 821 1430 in
848 1385 915 1432 usu
932 1357 1015 1432 vitoe
1032 1373 1069 1432 et
1090 1359 1248 1436 humana
1263 1397 1291 1444 ῃ

147 1473 422 1548 conversatione
450 1487 611 1547 taxatur:
637 1474 734 1572 quod
760 1473 881 1574 ipsum
908 1473 1103 1574 accipietur
1132 1476 1248 1550 modia

145 1601 352 1685 ¹quattuor.
403 1589 526 1662 Primo
550 1615 615 1688 per
642 1590 799 1688 spatium
829 1589 1076 1688 louffi'tudinia,
1106 1605 1147 1664 ut
1173 1616 1248 1664 me-
1264 1619 1292 1666 ¹4

144 1717 242 1778 trum
261 1705 434 1794 cubitale,
461 1705 598 1802 pedale,
622 1707 788 1804 palmale.
840 1705 1008 1780 Secundo
1023 1732 1088 1806 per
1111 1707 1249 1804 ponde·

142 1845 224 1892 rum
244 1844 411 1908 examen,
430 1831 470 1891 ut
491 1819 526 1892 in
545 1819 646 1910 libra,
661 1821 780 1910 uncia,
796 1821 996 1919 rscrupulo.
1044 1819 1168 1894 Tertio
1185 1847 1249 1920 per
1263 1859 1289 1910 ¹5

143 1933 361 2030 qualitatem
387 1935 596 2018 acervalem,
615 1951 655 2008 ut
680 1937 716 2007 in
740 1934 874 2022 modio,
894 1935 1060 2024 sextario,
1088 1935 1246 2014 hemina.

144 2049 288 2132 Quarto
305 2075 370 2148 per
385 2049 594 2147 qualitatem
612 2049 821 2124 'humidam
840 2064 877 2122 et
890 2051 1035 2134 fluxam,
1055 2063 1095 2122 ut
1112 2051 1149 2122 iu
1164 2067 1292 2150 eya-1⁶

142 2163 222 2252 tho,
238 2165 384 2262 congio.

193 2279 384 2352 Poeticum
403 2305 487 2354 vero
506 2293 674 2368 metrum,
696 2277 793 2378 quod
820 2305 841 2352 a
865 2279 981 2378 poetis
1007 2305 1070 2378 per
1090 2281 1245 2380 syllabae
1261 2311 1290 2362 rr

142 2401 282 2502 pedum
300 2415 339 2476 et
355 2427 476 2476 versus
489 2405 673 2502 figuratur,
683 2417 720 2476 et
733 2401 852 2501 iprum
871 2403 1119 2501 ⁸intellegetur
1131 2403 1245 2478 modia

142 2531 329 2614 quattuor.
380 2518 447 2592 Per
472 2531 646 2617 tempora,
663 2530 706 2590 ut
721 2518 859 2615 syllaba
877 2519 994 2616 longa,
1015 2517 1143 2605 brevis,
1160 2545 1243 2592 cum
1261 2545 1289 2594 ra

141 2631 288 2706 rlicitur.
341 2633 408 2706 Per
429 2658 610 2718 numeros,
628 2631 713 2729 quia
730 2643 826 2704 certa
843 2631 1061 2730 syllabarum
1081 2631 1247 2708 dinume-

141 2749 282 2820 ratione
308 2761 464 2820 metrum
493 2747 628 2821 finitur.
678 2747 746 2820 Per
762 2745 971 2842 qualitatem
996 2745 1143 2846 pedum,
1160 2747 1243 2846 quia
1260 2783 1289 2836 ¹9

141 2863 249 2936 certia
273 2861 426 2960 pedibus
450 2887 572 2936 versus
598 2861 734 2961 quique
767 2860 988 2959 procedunt3
1025 2862 1121 2936 unde
1156 2863 1244 2938 iam-

142 2977 224 3050 bica
241 2975 427 3050 trochaica
450 2990 488 3050 et
508 2977 709 3076 ldactylica
733 2993 847 3050 metra
867 2976 1046 3052 dicuntur.
1087 2979 1155 3052 Per
1179 3006 1244 3054 nu-

141 3117 284 3166 merum
312 3091 460 3190 pedum,
477 3092 561 3189 quia
583 3118 705 3170 versus
731 3119 796 3190 pro
818 3118 984 3166 meuaura
1006 3119 1070 3166 aua
1090 3093 1244 3190 quisque

139 3205 317 3291 trimeter,
352 3219 389 3279 et
423 3219 639 3296 tetrameter,
673 3219 711 3280 et
746 3208 976 3280 cberrametcr
1011 3207 1242 3305 intellegitur.

140 3319 432 3394 ‘'Hexametrum
464 3337 591 3420 poetae
616 3319 712 3418 quod
742 3347 805 3394 aex
831 3323 984 3422 pedibus
1009 3322 1287 3421 ingrediatur..

138 3448 252 3534 ‘quoe
280 3447 396 3510 metra
421 3435 547 3510 eodem
575 3435 685 3514 modo
712 3437 829 3510 Graeci
856 3440 1056 3526 nominant,
1083 3438 1242 3536 appella-

138 3563 235 3624 runt.
287 3549 393 3624 Sicut
417 3565 454 3624 et
479 3551 539 3626 illa
555 3551 689 3650 quibua
715 3553 899 3642 metimur,
916 3578 1000 3626 cum
1018 3565 1056 3626 et
1072 3552 1241 3626 trimodia
1254 3591 1283 3627 «ι

138 3665 186 3740 ait
201 3677 302 3740 certa
321 3691 499 3753 mensura,
515 3679 553 3740 et
571 3666 726 3757 modius,
743 3681 780 3740 et
795 3665 979 3752 flremiua3
1003 3667 1241 3742 nibilominus

179 3902 379 3982 rSapuicum]
395 3903 565 3982 Sapphicum
582 3905 615 3964 P.
677 3917 689 3950 ⁸
704 3907 885 3986 dactylicum]
902 3907 1064 3966 dactilicum
1077 3909 1110 3967 P.
1174 3911 1240 3970 tte-

137 3997 308 4043 trametrum
336 3985 461 4059 hexam]
490 3985 584 4044 aliae
611 4007 729 4046 numero
757 3989 870 4066 pedum,
894 4001 925 4046 ut
953 3988 1111 4048 trimetrum
1133 4007 1177 4050 ex.
1206 3993 1238 4050 P.

136 4065 242 4139 valiae]
257 4063 314 4122 alia
328 4065 359 4121 P.
468 4075 490 4106 '¹
505 4066 624 4144 Heptaa.
639 4067 770 4143 hendee]
786 4081 875 4147 eptas.
891 4069 989 4128 endec.
1006 4069 1036 4127 P.
1140 4079 1157 4111 ¹
1171 4090 1239 4149 qua-

138 4142 387 4222 mom-epacirrm]
410 4147 704 4226 quattuor-spatium
725 4149 757 4206 P.
865 4159 880 4204 1
901 4147 1045 4226 scrupulo]
1067 4149 1190 4226 scripulo
1204 4152 1237 4210 P.

136 4225 328 4299 ¹bumidam]
345 4223 470 4283 umidam
486 4227 517 4283 P.
627 4227 1002 4306 ¹¹intelligetur--quuurorJ
1019 4229 1240 4308 intellegetur-

137 4319 272 4383 quattuor
287 4305 321 4364 P.
403 4301 420 4347 b
433 4305 581 4384 dactylica]
597 4307 727 4367 dactilica
743 4309 774 4366 Ρ.
856 4319 870 4351 θ
884 4310 1044 4368 hexameter
1058 4309 1236 4390 intelligitur]

136 4400 282 4445 cremetur
295 4383 469 4462 intellegitur
481 4388 512 4445 P.
567 4383 583 4430 ἆ
598 4390 805 4464 hexametrum]
820 4403 992 4446 exametrum
1007 4390 1039 4448 P.
1098 4399 1238 4468 ⁰quor-

137 4467 303 4542 nominant]
319 4465 571 4544 quar-nominata
584 4471 616 4528 P.
700 4467 851 4543 tuemini]
867 4469 962 4528 emina
976 4469 1006 4526 P.

656 4579 722 4637 KP
