3100 5142
150 441 232 492 car.
245 415 281 492 6.
485 417 680 492 Demetro
696 418 921 514 anapestim.
1179 430 1249 492 285

150 628 258 676 unam
287 602 370 703 plus
393 601 570 699 syllabam
597 601 739 702 accipit,
756 628 798 676 ac
820 602 849 676 si
870 625 936 702 pro
954 603 1112 676 trochaeo
1129 600 1253 701 dacty-

149 717 225 792 lum
244 731 391 818 ⁰ponas.

230 931 293 1005 De
304 941 536 1030 pentametro
554 931 769 1030 anapasttco
786 930 995 1020 catalectico
1010 931 1177 1030 simplici.
1267 949 1297 998 14

199 1063 402 1137 PFeceruut
419 1063 526 1137 multi
544 1064 652 1138 etiam
669 1075 905 1164 pentametro
922 1066 1152 1164 anapaestico,
1169 1091 1252 1162 quae

150 1193 319 1254 constant
335 1193 505 1278 quattuor
521 1182 709 1282 anapaestis
727 1195 764 1254 et
780 1181 1002 1281 pyrrhichio,
1020 1180 1057 1254 id
1083 1195 1139 1255 est
1159 1180 1252 1279 pari·

152 1297 273 1383 ambo,
305 1395 399 1460 rosa
413 1395 584 1460 mmmm
598 1397 736 1460 msam
745 1395 863 1483 praa
876 1415 939 1459 aere
953 1395 1018 1460 aar.

214 1621 280 1694 De
296 1630 509 1695 tetrametro
527 1619 836 1720 brachycatalecto
856 1618 1038 1694 Laconica
1054 1618 1202 1719 duplici.
1267 1655 1296 1707 ιε

201 1754 288 1828 Hoc
314 1769 469 1828 metrum
490 1753 714 1828 Laconicam
740 1767 881 1835 constat
905 1753 1063 1854 dactylo,
1081 1753 1253 1854 spondeo,

151 1885 370 1970 sanapaesm,
397 1871 569 1970 sponde0,
593 1871 734 1944 duobus
765 1871 967 1972 anapaestis,
992 1883 1053 1944 'et
1080 1869 1252 1971 spondeo.

150 1986 323 2060 Trahitur
347 1987 445 2060 enim
472 1988 518 2060 ab
538 1985 796 2087 Aristophanio
820 2000 1029 2062 tetrametro
1055 1987 1253 2086 brachyca-

151 2102 295 2193 talecto,
319 2101 365 2175 de
390 2129 463 2201 quo
489 2103 598 2201 paulo
632 2117 715 2176 ante
746 2103 953 2194 monstravi,
981 2101 1078 2201 quod
1112 2113 1254 2176 constat

151 2217 309 2318 dactylo,
326 2218 497 2317 spondeo,
516 2231 712 2318 anapaesto,
728 2219 899 2320 spondeo,
923 2219 1037 2292 tribus
1062 2215 1252 2318 anapaestis

151 2345 187 2406 et
205 2334 356 2433 syllaba.
407 2333 479 2406 Sed
497 2329 638 2408 'sublata
665 2335 804 2434 syllaba
825 2335 1031 2424 novissima,
1049 2347 1085 2406 et
1102 2332 1253 2405 novissi-

152 2477 214 2522 mo
240 2461 440 2549 'anapaesto
467 2449 502 2522 in
530 2449 731 2552 spondeam
759 2463 911 2536 mutato,
933 2451 976 2522 fit
999 2461 1154 2522 metrum
1181 2447 1252 2522 hoc

152 2565 373 2645 Laconicum
393 2577 487 2640 ante.

197 2681 321 2756 Quidve
333 2681 439 2746 dolens
452 2683 499 2746 sic
519 2683 644 2746 Verteris
658 2691 754 2748 natas
767 2683 903 2748 calama
916 2681 1034 2745 calidas
1048 2699 1168 2744 armas.

153 2793 328 2878 Quamvis
346 2807 487 2892 poteras
510 2801 575 2868 ‘ex
591 2793 706 2867 titulis
729 2795 818 2868 scire
842 2818 1033 2867 numerum
1060 2794 1182 2882 istum,
1199 2804 1252 2865 ta·

111 2917 115 2924 '
153 2935 237 2982 men
254 2923 438 3008 anapaesto
456 2908 547 3008 pede
564 2909 620 2982 bis
638 2935 732 2984 senae
750 2923 834 2984 sunt
850 2909 999 3011 species,
1017 2920 1076 2982 uet
1092 2933 1175 2981 una.

164 3183 266 3266 Car.
282 3181 381 3264 VII.
421 3185 486 3266 De
505 3183 768 3266 choriambico
787 3197 914 3266 aratro
932 3195 971 3264 et
988 3181 1078 3289 ejas
1095 3180 1242 3290 specie-

602 3313 677 3393 bas
696 3340 791 3392 xxa

206 3476 499 3552 choriambicum
517 3490 672 3551 metrum
691 3477 856 3576 quamvis
873 3475 919 3548 de
942 3473 1035 3581 pede
1052 3475 1253 3573 composito

154 3607 306 3680 constet,
333 3605 454 3666 tamen
490 3594 645 3692 simplex
674 3605 728 3666 est
756 3593 931 3694 incipiens
957 3619 978 3665 a
1003 3591 1252 3675 vchoriambo,
1327 3664 1329 3672 ,

154 3709 319 3782 desinens
346 3710 382 3783 in
409 3709 594 3810 dactylum
613 3710 668 3782 vel
691 3708 1040 3808 'palimbacchium
1056 3707 1111 3781 vel
1138 3706 1175 3779 in
1201 3719 1253 3778 ta-

154 3827 226 3899 lem
244 3827 390 3925 qualem
408 3829 577 3902 catalexis
594 3825 787 3927 ¹exegerit.

193 4129 209 4162 ⁰
223 4121 325 4198 ponas]
344 4118 391 4177 Sic
407 4119 442 4179 L.
454 4139 589 4195 ponamus
602 4117 761 4178 Putschius.
843 4129 859 4174 Ρ
872 4115 1165 4192 Fecerunt]secer1mt
1175 4125 1203 4173 et
1216 4115 1251 4172 1..

153 4211 169 4256 ‘t
183 4209 331 4276 anapesto,
343 4203 460 4276 spondm
473 4213 653 4260 accesserunt
666 4221 700 4259 ex
714 4201 751 4258 1..
887 4209 942 4257 ret
955 4198 1099 4275 spondeo]
1114 4197 1161 4255 Sic
1175 4196 1210 4254 L.
1226 4203 1253 4252 et

153 4302 211 4340 om.
228 4281 387 4339 Putscbius.
471 4291 482 4324 ⁸
497 4283 654 4360 anapaesto]
671 4281 718 4339 Sic
729 4281 765 4338 L.
780 4298 834 4337 reno
848 4287 986 4354 anapaesto
1001 4277 1160 4337 Pntschius.
1182 4277 1252 4333 Mox

152 4365 270 4438 spondeo
283 4371 390 4420 motato
405 4363 440 4422 L.
576 4363 635 4420 tex
650 4360 753 4434 titulis]
769 4379 872 4417 arom.
887 4359 923 4417 L.
973 4365 979 4377 “
1062 4365 1203 4415 uestana
1216 4356 1251 4414 L.

153 4445 363 4500 vchoriambico
377 4443 451 4521 vulg.
532 4455 555 4487 W
570 4440 820 4520 palimbacchium]
839 4441 886 4500 Sic
900 4440 936 4499 L.
950 4440 1120 4517 poliambam
1137 4437 1251 4497 Putscb.

154 4533 170 4566 ¹
184 4527 312 4599 coegerit.
341 4525 397 4582 Sed
406 4525 540 4599 simplicia
554 4526 713 4584 catalectico
729 4522 764 4580 1..
