3012 5084
299 377 347 450 ⁵6
687 373 807 446 Marii
826 371 1012 448 Victorini
1282 401 1360 450 cru.
1381 403 1414 452 1.

171 575 175 588 '
297 560 378 632 loco
411 571 636 655 suggerente,
662 582 734 629 non
767 558 1068 654 praetermiserim,
1094 557 1239 632 eosdem
1268 561 1413 659 figuras

297 672 431 773 pedum
460 669 657 746 secundum
682 671 796 768 spatia
814 685 1017 770 temporum
1039 700 1102 772 per
1120 673 1255 748 litteras
1274 675 1322 748 ita
1339 677 1414 750 de-

297 789 467 886 signasse,
487 800 527 858 ut
546 785 660 858 brevis
686 784 834 882 syllabae
853 785 943 876 loco,
960 812 1041 884 quae
1059 787 1104 860 sit
1125 788 1231 861 unius
1258 802 1413 889 tempo-

296 903 355 989 ris,
385 916 541 1002 ponatur
566 905 620 974 B:
645 900 790 998 rlongae
817 914 938 974 autem
967 903 1057 992 loco,
1080 929 1160 1000 quae
1188 903 1234 976 sit
1258 918 1411 1005 tempo-

296 1043 376 1092 rum
408 1017 534 1102 duum,
560 1020 624 1090 M:
653 1017 722 1088 hoc
750 1015 843 1105 ideo,
873 1031 913 1090 ut
934 1043 998 1115 per
1023 1018 1159 1091 litteras
1185 1021 1308 1118 regula
1335 1048 1410 1120 pe-

253 1132 382 1206 ¹0dum
408 1132 513 1206 facile
540 1131 803 1230 'intellegatun
855 1131 921 1204 Pes
948 1145 1068 1206 sutem
1093 1132 1211 1208 dictus
1235 1147 1302 1224 est,
1324 1136 1408 1208 sive

294 1247 404 1343 ‘quia
429 1273 510 1346 pars
538 1273 714 1318 mensurae
739 1260 776 1318 et
801 1245 929 1319 modus
947 1247 1116 1342 quidam:
1142 1247 1307 1322 similiter
1332 1277 1404 1350 pes

294 1376 451 1450 vocatur,
469 1361 543 1434 sive
560 1363 645 1459 quia
661 1364 700 1434 in
722 1360 951 1460 percussione
979 1362 1126 1434 metrica
1142 1362 1244 1462 pedis
1271 1365 1403 1464 pulsus

294 1478 439 1576 ponitur
456 1477 684 1574 tolliturque:
712 1503 775 1549 seu
794 1475 890 1573 quia,
909 1489 949 1550 ut
971 1503 1036 1548 nos
1060 1475 1241 1574 bpedibus
1264 1479 1402 1552 uostris

294 1591 516 1690 ingredimur
541 1605 649 1688 etque
671 1589 933 1688 progredimur,
958 1590 1008 1664 ita
1034 1605 1072 1664 et
1096 1617 1216 1667 versus
1239 1619 1304 1691 per
1329 1593 1401 1674 hos

250 1741 278 1776 11
294 1707 401 1807 pedes
419 1705 587 1780 metricos
605 1704 767 1803 procedit
781 1717 818 1779 et
830 1704 980 1778 scandit.
1009 1706 1108 1778 Inter
1123 1705 1251 1804 pedem
1272 1720 1396 1782 autem

292 1837 329 1894 et
357 1822 572 1920 rhythmum
603 1819 673 1892 hoc
704 1819 861 1904 interest,
887 1818 983 1916 quod
1014 1846 1077 1919 pes
1113 1821 1189 1894 siue
1219 1820 1399 1918 rhythmo

290 1967 368 2014 esse
394 1966 465 2012 uon
489 1951 619 2038 potest,
636 1937 831 2035 rhythmus
857 1951 978 2011 autem
1005 1939 1082 2012 sine
1107 1939 1198 2038 pede
1226 1939 1398 2030 decurrit,

291 2054 485 2130 nonenim
517 2053 730 2152 gradiuntur
758 2053 851 2126 mele
879 2053 1013 2152 pedum
1044 2055 1302 2144 messionibus,
1328 2055 1393 2128 sed

291 2170 473 2269 rhythmis
492 2172 597 2242 fiunt.

248 2315 277 2353 η
340 2286 453 2358 Pedes
489 2297 599 2381 ⁰erg0
629 2282 810 2380 simplices
849 2294 932 2354 sunt
971 2281 1177 2372 duodecim,
1211 2283 1274 2381 qui
1310 2309 1395 2384 pro-

291 2399 426 2473 cedunt
459 2397 769 2492 tadcreseuntque
810 2423 830 2468 a
865 2395 1005 2470 duabus
1044 2397 1192 2495 syllabis
1227 2397 1272 2472 ad
1306 2413 1392 2484 tres,

290 2516 376 2588 item
412 2513 552 2590 duobus
587 2513 810 2612 temporibus
846 2512 889 2586 ad
923 2539 1000 2603 sex,
1031 2539 1076 2586 ex
1112 2514 1243 2611 quibus
1277 2513 1393 2612 disyl-

246 2653 275 2700 1s
290 2631 374 2719 labi,
405 2628 530 2727 †quod
561 2641 730 2725 quattuor
758 2641 966 2728 temporum
999 2629 1171 2702 existunt.
1222 2632 1391 2713 Quorum

289 2745 456 2843 princeps
485 2757 521 2816 et
553 2755 704 2816 ⁰auctor
731 2743 975 2842 Pyrrhichius,
1010 2745 1072 2842 qui
1108 2759 1144 2818 ct
1177 2746 1389 2820 Pariambus

288 2873 325 2932 et
353 2859 560 2934 Dibrachus
588 2857 808 2956 appellatur:
841 2858 905 2931 sed
933 2857 1142 2934 Pariambus
1170 2859 1262 2946 ideo,
1288 2860 1389 2958 quod

288 2975 409 3048 minus
439 2975 571 3047 habeat
596 2998 709 3046 unum
741 2987 886 3071 tempus
920 2975 966 3046 ab
1000 2975 1135 3061 iambo,
1172 2977 1255 3072 παρὰ
1287 2975 1386 3048 enim

289 3091 405 3164 Graeci
423 3091 543 3164 minus
568 3087 705 3172 dicunt,
720 3089 916 3161 subsistens
939 3116 959 3160 e
982 3089 1121 3162 duabus
1148 3090 1326 3174 brevibus,
1343 3103 1388 3162 ut

288 3205 368 3294 deo,
393 3219 597 3302 temporum
627 3201 762 3274 duum:
788 3202 838 3276 ita
863 3203 962 3276 enim
987 3204 1077 3276 ratio
1101 3203 1276 3302 exposcit,
1298 3216 1339 3276 ut
1363 3231 1388 3276 a

287 3318 383 3390 brevi
410 3318 511 3415 origo
536 3329 742 3414 temporum
769 3317 931 3417 coeperit,
949 3318 1085 3418 quippe
1110 3344 1193 3391 cum
1223 3317 1384 3414 ejusdem

286 3431 483 3530 geminatio
500 3433 650 3529 longum
669 3430 792 3504 fecerit
809 3444 967 3530 tempus,
987 3431 1081 3505 haud
1100 3433 1203 3504 aliter
1219 3457 1326 3528 quam
1346 3432 1385 3504 in

285 3546 465 3622 numeris:
491 3546 625 3620 etenim
653 3572 696 3618 ex
724 3573 797 3623 uno
823 3546 1076 3644 multiplicato,
1098 3547 1210 3622 veluti
1234 3548 1385 3647 primor-

243 3665 345 3742 ¹4dio
375 3688 416 3736 ac
446 3661 595 3748 semine,
621 3661 746 3757 reliqui
775 3660 984 3759 gignuntur.
1044 3660 1126 3734 Nec
1153 3661 1336 3734 immerito
1361 3688 1385 3738 a

323 3813 459 3893 slongse]
476 3813 562 3890 longa
576 3812 606 3868 P.
711 3821 728 3854 ⁸
740 3811 929 3890 intelligetur]
946 3810 1127 3887 intellegatur
1141 3813 1174 3870 P.
1277 3822 1383 3890 ⁸quse·

283 3895 364 3970 dam]
382 3894 447 3972 quia
461 3895 491 3952 P.
572 3887 735 3970 bpedibus]
750 3891 871 3970 pedibus
885 3891 987 3950 nostris
1002 3894 1034 3950 P.
1117 3893 1247 3968 eigitur]
1265 3911 1333 3972 ergo
1347 3893 1381 3952 P.

282 3971 297 4016 <¹
312 3975 490 4048 accrescunt]
505 3971 672 4030 adcrescunt
685 3971 717 4030 P.
800 3983 813 4014 ⁸
827 3971 942 4046 author]
960 3983 1057 4029 auctor
1072 3971 1104 4029 P.
1118 3983 1149 4029 et
1162 3989 1236 4030 mox.

322 4125 351 4183 9.
369 4114 490 4181 ponatur
513 4104 618 4176 Bete]
641 4104 726 4160 Notae
746 4103 808 4160 bre·
850 4102 945 4180 longa.
970 4102 1148 4162 Camerarius
1170 4102 1237 4160 Bln
1254 4105 1291 4170 A,
1305 4113 1334 4161 et
1347 4103 1385 4160 M

282 4186 355 4244 visum
378 4199 410 4244 et
431 4185 576 4263 longorum
600 4182 730 4240 videntur
747 4200 809 4241 esse
850 4181 878 4240 in
892 4183 1096 4240 Bmutundum
1108 4194 1215 4250 censet,
1229 4195 1323 4240 motus
1331 4181 1380 4242 illo

281 4266 384 4324 debere
401 4263 555 4322 litterarum
573 4265 601 4320 A
614 4273 644 4321 et
659 4264 693 4329 B,
708 4273 738 4320 et
758 4282 808 4340 ap·
850 4262 928 4338 quod
948 4283 976 4340 p.
989 4263 1038 4338 63,
1058 4281 1082 4320 1.
1102 4263 1144 4338 [o.
1158 4263 1199 4328 xi.
1214 4261 1280 4336 61.]
1295 4274 1324 4320 et
1336 4281 1380 4320 se·

281 4357 361 4422 paret
382 4346 437 4401 hoc
462 4343 634 4420 planumque
658 4343 691 4399 fit
711 4341 739 4399 ln
765 4361 808 4400 se·
849 4342 1126 4421 quentibuslegitur.
1147 4343 1380 4418 EgoBetMre·

280 4425 441 4502 quentibus.
457 4423 607 4481 CAMER.
636 4424 808 4499 Βρτοβραχ.
850 4421 941 4482 tinere
952 4423 1045 4495 malo3
1066 4437 1097 4484 et
1109 4423 1228 4483 lotteex
1244 4423 1297 4480 hoc
1310 4421 1380 4481 alter

279 4507 298 4563 ἱ.
307 4525 333 4566 e.
348 4503 422 4565 brevi
433 4503 547 4582 syllaba,
556 4504 591 4560 M
601 4521 664 4563 sero
674 4525 749 4577 μσκρ.
758 4501 807 4560 ie.
851 4501 898 4559 ille
913 4503 992 4561 locus
1005 4504 1200 4583 corrigendus.
1223 4502 1356 4562 COMM.
