3124 5120
21 18 32 234 l

25 298 40 616 l

157 411 237 460 cnr.
252 402 291 462 8.
429 386 494 459 De
510 395 626 460 metro
643 387 766 462 lonico
782 387 843 460 riri
858 387 1001 482 μίζωος.
1200 405 1264 464 121

155 570 218 643 sibi
248 571 409 644 totidem
438 571 627 645 brevibus:
654 571 689 645 id
715 585 781 660 est,
800 597 846 644 ex
873 572 1034 672 spondeo
1063 587 1101 647 et
1127 573 1268 674 pyrrhi-

154 687 249 772 chio,
279 687 339 760 vel
372 713 416 759 ex
452 688 611 760 molosso
639 687 833 760 norissima
862 685 939 782 eJus
970 687 1077 788 longa
1106 689 1141 762 in
1177 689 1266 764 duas

156 801 281 874 breves
308 801 438 890 divisa,
456 828 565 900 quem
595 802 722 876 merito
740 815 890 898 utraque
917 801 1033 876 ionica
1054 803 1264 878 admittunt.

154 920 210 992 Ex
229 946 310 1016 quo
328 919 555 1016 intelligitur,
572 919 609 992 in
628 919 684 992 his
701 917 794 992 arsin
812 931 849 990 et
862 919 982 992 thesin
1001 945 1072 992 non
1093 920 1126 994 iu
1145 948 1265 1020 oequa·

155 1033 266 1108 litatis
285 1033 352 1106 sed
370 1033 408 1105 in
426 1033 526 1134 dupli
546 1035 684 1108 ratione
701 1033 905 1107 consistere.
957 1034 1054 1108 Nam
1075 1063 1182 1137 supra
1199 1037 1291 1110 do-²

155 1151 299 1222 ruimus
320 1176 366 1221 ea
381 1175 459 1222 esse
481 1149 619 1248 optimo
638 1163 762 1234 metra,
780 1175 860 1247 quae
885 1152 1098 1248 aequalitatis
1125 1153 1263 1226 ratione

155 1277 340 1351 ooostaot,
357 1263 616 1362 propterquod
633 1276 828 1360 utrumque
845 1265 915 1338 boc
932 1265 1105 1356 ionicum,
1117 1267 1263 1364 quando

155 1406 198 1452 ex
219 1379 326 1479 dupli
354 1379 493 1452 ratione
519 1379 693 1464 subsistit,
711 1381 827 1478 magis
852 1381 1035 1479 rhythmis
1052 1409 1161 1479 quam
1188 1410 1263 1456 me-
1320 1437 1323 1442 ,

155 1497 219 1567 tris
245 1495 457 1594 proximum
484 1509 549 1568 est
591 1495 765 1568 Admittit
791 1511 912 1570 autem
937 1499 1152 1571 solutionem
1177 1497 1264 1571 dua-

156 1637 236 1684 rum
249 1609 534 1711 precedentium
550 1610 751 1709 longarum,
764 1612 881 1684 varie:
908 1639 992 1686 narn
1007 1613 1133 1713 primae
1146 1613 1262 1710 longo

156 1727 290 1800 solutio
308 1725 455 1824 syllabae
481 1725 567 1798 facit
583 1751 629 1798 ex
647 1739 830 1826 anapaesto
846 1741 883 1799 et
908 1729 1119 1827 pyrrhichio
1139 1729 1264 1826 conju-

157 1843 367 1942 gationem
393 1840 560 1916 secundae
579 1867 661 1914 vero
678 1867 723 1914 ex
749 1840 893 1940 dactylo
909 1857 946 1916 et
971 1844 1182 1943 pyrrhichio
1199 1845 1263 1918 ba-

157 1957 260 2030 bebit
275 1955 558 2055 copulationem,
570 1981 651 2052 quoe
668 1970 754 2030 sunt
766 1983 980 2032 communes
994 1960 1154 2056 utrisque
1172 1959 1263 2032 ioni-

160 2072 224 2146 cis.
276 2071 376 2144 Nam
405 2072 432 2144 si
460 2073 601 2145 tertiam
629 2072 773 2171 longam
805 2073 952 2146 minoris
977 2074 1086 2148 ionici
1113 2075 1148 2148 in
1172 2075 1289 2149 duasr

160 2190 285 2263 breves
309 2187 456 2278 dividas,
473 2190 515 2261 tit
535 2215 580 2262 ex
606 2188 816 2289 pyrrhichio
833 2203 870 2261 et
893 2203 1075 2288 anapaesto
1091 2189 1262 2290 conjuga·

159 2305 230 2378 tio:
257 2304 288 2376 si
307 2317 426 2377 autem
446 2317 622 2401 quartam,
639 2330 684 2378 ex
712 2301 921 2404 pyrrhichio
937 2319 974 2376 ct
991 2303 1149 2404 dactylo,
1166 2317 1259 2378 tem-

158 2419 310 2518 poribus
328 2419 518 2492 dumtaxat
539 2419 576 2492 in
602 2445 666 2492 sua
685 2445 852 2492 mensura
869 2446 911 2493 ac
929 2419 1057 2520 spatio,
1073 2445 1148 2515 quo
1165 2418 1262 2492 loern-

158 2549 283 2608 sentur
299 2533 420 2620 ionici,
445 2534 749 2632 permanentibus.
800 2533 959 2632 Recipit,
976 2547 1019 2608 ut
1036 2533 1208 2622 diximus,
1225 2547 1260 2608 et
1274 2563 1289 2606 4

160 2649 343 2748 hippium,
353 2647 388 2721 id
407 2663 461 2722 est
481 2649 679 2722 molossum
697 2675 717 2721 e
735 2649 849 2722 tribus
867 2649 997 2748 longis,
1014 2647 1205 2722 dumtaxat
1222 2649 1259 2722 in

160 2767 277 2854 mline,
293 2777 331 2836 et
348 2763 547 2862 appellatur
565 2777 719 2836 metrum
732 2763 1022 2852 Cleomachium,
1035 2789 1119 2838 narn
1138 2765 1167 2838 si
1186 2791 1261 2838 ma·

151 2879 242 2975 joris
253 2878 364 2952 ionici
377 2877 467 2951 duas
481 2879 605 2951 breves
617 2878 652 2950 in
669 2903 778 2954 unam
792 2877 982 2952 contrahas
996 2879 1155 2978 longam,
1169 2881 1260 2978 (pari

157 2994 295 3068 etenim
320 2993 400 3092 lege
424 3007 467 3066 ut
489 2994 596 3090 longa
619 2993 763 3066 induas
790 2995 912 3066 breves
938 2993 1098 3084 solvitur,
1116 2995 1164 3068 ita
1181 2993 1261 3068 duae

157 3110 287 3186 breves
305 3109 343 3181 in
361 3135 471 3182 unam
495 3109 642 3208 longam
665 3113 958 3206 connectuntur‚)
978 3134 1063 3206 ergo
1081 3107 1110 3180 si
1137 3109 1261 3183 breves

157 3225 194 3298 in
211 3251 327 3298 unam
344 3225 490 3324 longam
510 3225 712 3312 contrahas,
723 3223 865 3299 eveniet
877 3235 918 3296 ut
936 3221 1170 3318 sequentibus
1183 3223 1261 3296 aliis

157 3339 276 3438 longis
292 3339 432 3413 duabus
450 3339 610 3436 ejusdem
631 3337 732 3437 pedis
750 3338 911 3436 quinque
937 3337 1119 3410 oontinuae
1145 3337 1261 3436 longae

158 3454 310 3554 syllabae
327 3455 428 3542 fiant,
445 3467 482 3526 et
500 3455 674 3526 incertum
694 3453 752 3542 sit,
768 3465 888 3526 utrum
903 3451 1079 3526 molossus
1093 3479 1138 3524 an
1157 3478 1261 3548 spon·

157 3569 248 3642 deus
265 3567 363 3668 prior
379 3567 517 3667 positus
536 3567 720 3640 habeatur.
756 3567 808 3640 At
825 3567 861 3640 in
880 3595 924 3641 eo
941 3567 1003 3664 qui
1021 3595 1042 3640 a
1061 3567 1189 3640 minori
1206 3581 1287 3642 ests

158 3685 310 3774 ionicus,
328 3683 446 3757 nidem
466 3699 589 3757 contra
607 3697 672 3756 est.
699 3683 828 3755 Primae
841 3683 937 3755 enim
951 3682 1123 3778 ejusdum
1136 3684 1260 3756 breves

159 3799 361 3872 conciliatos
379 3799 575 3873 molossum
594 3798 739 3885 facient,
756 3795 890 3870 dehinc
913 3823 1066 3894 sequens
1083 3797 1260 3872 ionicusa

161 3913 259 3990 brevi
279 3913 422 3986 initium
442 3927 572 4002 sumet,
588 3927 654 3986 ⁰ex
673 3939 745 4012 quo
763 3913 816 3997 tit,
834 3924 875 3984 ut
892 3911 1054 4008 quinque
1072 3912 1258 4012 longarum

161 4029 385 4101 continuatio
402 4027 563 4124 ejusdem
584 4027 831 4124 interjectione
847 4039 1059 4100 secernatur.
1085 4025 1184 4125 Ergo
1197 4027 1289 4099 ob-⁶

160 4141 382 4220 servabimus
412 4143 541 4242 pedem
579 4143 774 4216 molossum
811 4141 936 4237 majori
964 4141 1081 4217 ionico
1107 4141 1143 4214 in
1174 4145 1259 4232 line,

201 4413 388 4488 transeatur]
404 4425 535 4473 censetur
548 4417 579 4472 P.
697 4424 720 4455 ¹³
733 4413 798 4479 fine,
812 4413 855 4486 et]
872 4412 928 4469 line
942 4413 973 4468 P.
1090 4423 1105 4454 ¹¹
1123 4411 1212 4486 idem]
1229 4413 1259 4471 id

161 4495 251 4563 mk
334 4496 501 4570 ⁰mmR

699 4611 722 4657 ll
