3100 5142
293 295 365 372 262
719 294 842 369 Marii
857 293 979 368 Plotia·

292 481 389 554 roico
414 505 499 552 vcro
526 493 612 552 sunt
639 479 826 552 schemata
856 477 1054 552 sexdecim.
1106 475 1204 550 Nam
1228 487 1412 574 quattuor

292 595 403 694 pedes
429 595 611 668 variantur
636 593 673 666 in
701 607 911 666 tetrametro
936 593 1094 682 heroico,
1106 592 1199 665 sicut
1221 589 1411 687 exemplis

291 709 515 794 docebimus,
540 707 586 781 de
616 709 784 782 bucolico
812 708 961 807 quidem
992 721 1204 782 tetrametro
1232 733 1280 782 ex
1312 705 1411 778 libro

293 823 538 896 bucolicorum
566 823 620 895 vel
647 823 911 924 georgicorum,
933 823 980 896 de
1003 823 1151 896 heroico
1180 849 1265 896 vero
1293 835 1410 894 tetra·

293 951 409 1010 metro
426 937 472 1010 de
488 938 588 1010 omni
606 965 756 1038 corpore
780 939 936 1038 Virgilii.

248 1081 280 1128 sa
341 1053 431 1126 Tres
448 1053 595 1154 dactyli,
612 1082 696 1128 nam
717 1069 866 1152 quartus
883 1067 1047 1154 'semper
1062 1053 1240 1154 dactylus,

469 1170 545 1233 Ulla
560 1170 664 1234 Mum
680 1170 885 1250 meditantur,
897 1179 985 1234 amat
999 1170 1107 1234 ὁοηιω.

292 1277 382 1352 'lies
399 1279 548 1380 spondei
566 1295 603 1352 et
619 1279 797 1378 dactylus,
815 1295 868 1370 ut,

465 1395 608 1460 Mutabit
622 1417 737 1460 merces
750 1398 958 1484 omnufiret.

294 1505 382 1580 Duo
398 1505 545 1604 dactyli,
561 1505 740 1608 spondeus
757 1523 796 1580 et
812 1507 990 1608 dactylus,
1008 1521 1082 1598 ⁸ut,

468 1624 554 1696 Quin
568 1643 631 1710 oga
643 1625 673 1687 al
686 1623 765 1710 quid
778 1623 872 1688 habea
886 1625 922 1686 in
937 1645 1097 1688 memoro.

294 1729 487 1828 Dactylus,
503 1732 577 1804 duo
595 1735 758 1832 spondei,
774 1747 811 1808 et
828 1734 1006 1834 dactylus,
1023 1749 1076 1820 ut,

466 1846 596 1910 Iudicio
610 1859 717 1913 nostro
731 1859 857 1914 tontum
871 1851 938 1914 titt

296 1951 487 2053 Dactylus,
504 1957 698 2054 spondeus,
714 1959 892 2061 dactylus,
907 1973 945 2034 et
962 1960 1142 2062 dactylus,
1160 1973 1213 2051 ut,

468 2069 570 2134 maa
584 2074 760 2160 musaeo
768 2079 877 2163 pm·
892 2077 980 2140 mus.

296 2175 384 2250 Duo
400 2177 563 2278 spondei,
579 2180 758 2282 dactylus,
774 2199 828 2275 ut,

468 2295 517 2358 ue
530 2295 822 2384 urgeam,
838 2301 919 2380 vau,
934 2303 1012 2366 mu.

297 2401 499 2499 Spondeus,
516 2403 590 2478 duo
607 2405 755 2507 dactyli,
769 2409 947 2509 dactylus,

468 2520 516 2583 Et
530 2521 619 2585 nodia
632 2522 713 2586 idem
729 2525 911 2590 Alcimedon
924 2525 999 2592 duo.

297 2626 502 2725 Spondeus,
518 2629 696 2730 dactylus,
712 2635 894 2732 spondeus
911 2651 948 2710 et
964 2636 1141 2735 dactylus,
1160 2652 1211 2728 ut,

469 2743 517 2808 Et
530 2765 578 2808 me
593 2745 731 2812 Ptoeous
744 2759 843 2829 amat,
855 2751 971 2816 Pltoebo
985 2773 1058 2816 uso.

255 2877 285 2927 as
300 2849 361 2922 Sic
385 2878 471 2950 ergo
499 2855 704 2930 bucolicum
733 2858 880 2954 quidem
911 2874 1160 2936 tetrametrum
1192 2878 1276 2936 octo
1303 2865 1413 2938 sche-

301 2981 397 3040 mata
415 2967 536 3060 habet,
553 2971 704 3071 l'quarto
721 2975 813 3076 pede
839 3003 982 3076 semper
999 2977 1177 3077 dactylus,
1190 2979 1319 3052 ceteris
1347 2981 1412 3052 tri-

301 3081 368 3154 bus
386 3085 538 3160 variatis.
583 3088 781 3166 Hemicum
801 3119 886 3166 vero
903 3107 1169 3182 tetrametrum,
1187 3095 1357 3192 quamvis
1375 3109 1413 3168 et

300 3196 420 3294 ipsum
440 3195 612 3296 quattuor
629 3205 761 3280 habeat
785 3209 895 3307 pedes
912 3207 1112 3308 dactylicos
1139 3211 1233 3283 sicut
1249 3224 1286 3282 et
1305 3209 1413 3298 illud,

301 3323 424 3386 tamen
452 3317 636 3393 schemata
667 3322 777 3396 habet
811 3323 1007 3413 sexdecim,
1035 3326 1206 3422 quoniam
1235 3339 1413 3423 quattuor

302 3425 411 3523 pedes
428 3429 553 3502 variati
580 3434 761 3508 sexdecim
790 3437 977 3512 schemata
1001 3439 1151 3530 faciunt,
1168 3439 1266 3539 quod
1283 3467 1412 3514 exem-

302 3539 371 3638 plis
389 3539 612 3618 docebimus.

258 3672 290 3736 56
353 3655 534 3740 Quattuor
551 3660 699 3760 dactyli,
716 3677 769 3752 ut,

474 3775 532 3839 Sic
546 3778 604 3841 tibi
617 3778 706 3841 nulla
721 3779 788 3844 dies
802 3781 920 3846 matum
934 3785 1065 3869 leserat.

302 3879 390 3954 Tres
407 3881 553 3984 dactyli,
571 3889 764 3988 spondeus,
783 3907 834 3979 ut,

480 4001 595 4088 Tityre
609 4013 645 4068 ta
656 4005 778 4091 patule
790 4007 944 4074 recubam
957 4013 1026 4076 aad.

304 4101 392 4177 Duo
408 4104 556 4207 dactyli,
568 4111 642 4186 duo
660 4115 822 4214 spondei,
840 4131 893 4208 ut,

481 4223 577 4290 Taua
590 4231 683 4293 secla
697 4231 766 4296 mla
780 4231 941 4299 dumne

344 4413 476 4482 'selnpcr
489 4429 547 4470 om.
564 4413 598 4470 L.
681 4427 697 4460 ο
710 4425 740 4474 at
755 4431 812 4474 om.
827 4418 863 4474 L.
950 4417 966 4462 ¹¹
980 4433 1083 4496 quarto
1098 4423 1170 4500 peda
1184 4443 1298 4501 semper
1311 4426 1407 4502 clamy-

303 4483 360 4556 lus]
378 4488 425 4544 Sic
439 4488 474 4544 L.
496 4501 596 4563 quarto
609 4513 713 4564 seraper
726 4496 836 4567 dactylo
850 4497 1009 4556 Pul-sebius.
