3124 5120
39 400 42 495 l
155 429 250 480 car.
265 404 305 479 6.
493 404 559 476 De
579 403 830 478 Oloriomln'ro
849 413 972 478 metro.
1205 417 1274 496 ¹¹7

25 614 33 661 ι
156 580 439 653 Pentametrum
474 591 611 665 autem,
640 604 713 676 quo
746 579 952 676 frequenter
986 577 1156 653 Cratinus
1190 605 1303 660 ususr

155 711 227 784 est,
245 693 516 780 catalecticum,
533 694 597 780 sic,

201 810 315 898 Lydia
330 809 382 872 dic
393 808 528 896 perdere
541 831 601 872 cnr
614 809 698 872 lum
712 811 836 896 cupias,
845 810 924 898 quid
938 813 1047 876 retices
1061 811 1229 900 'ntulignn

154 922 432 996 Tetrametrum
451 946 549 1004 vero,

264 1035 395 1135 ΙᾼΙάία
413 1035 472 1108 dic
484 1035 640 1132 perdere
657 1035 835 1108 curiana
853 1037 989 1134 cupias,
1005 1037 1097 1136 quid
1111 1037 1205 1110 nis?

155 1155 387 1228 Trimetrum
407 1152 530 1237 etiam,
550 1151 646 1248 quod
666 1165 702 1223 et
718 1150 1022 1250 Aphrodisiacurn
1040 1152 1183 1238 dicitur,
1287 1173 1302 1220 s

264 1267 392 1366 Lydio
408 1268 467 1340 dic
482 1267 635 1364 perdere
652 1293 717 1342 rur
733 1266 829 1342 hunc
843 1267 947 1342 velis.

156 1383 464 1480 Dimetrumque‚

421 1497 547 1598 Lydia
564 1497 622 1572 dic
639 1524 781 1572 canoro.

160 1615 272 1690 Huic
298 1615 327 1688 si
354 1615 510 1714 primam
538 1614 683 1712 longam
708 1614 915 1702 mutaveris,
933 1613 968 1687 id
988 1627 1054 1704 est,
1071 1613 1100 1686 si
1119 1612 1276 1686 trochaeo

31 1804 36 1829 ι
161 1747 325 1804 retracto
342 1731 506 1804 iambum
533 1729 706 1828 posueris,
725 1745 880 1804 metrum
908 1729 1161 1830 antispastum,
1179 1728 1274 1826 quod

162 1861 221 1921 est
241 1848 330 1921 huic
346 1847 579 1938 contrarium,
596 1845 781 1944 figurabis,
798 1861 852 1934 ut,

419 1961 562 2036 Isibens
579 1961 708 2062 Lydia
726 1962 784 2036 dic
801 1989 876 2036 aar.

164 2079 384 2152 Invenimus
410 2079 625 2178 plerumque
642 2092 679 2150 et
701 2079 789 2152 alios
815 2077 1078 2150 choriambicos
1104 2089 1305 2162 tetrante-9

165 2212 245 2270 tros
263 2195 490 2268 catalecticos
508 2218 642 2283 versus,
661 2193 696 2266 in
715 2194 847 2292 quibus
864 2219 990 2266 omncs
1017 2193 1133 2292 longoe
1159 2191 1278 2264 initia-

165 2314 221 2385 les
240 2311 531 2385 choriamborum
558 2309 710 2410 tpedum
738 2311 885 2408 syllaboe
909 2309 947 2382 in
971 2308 1061 2381 duas
1081 2309 1206 2381 breves
1223 2305 1275 2380 di-

167 2428 256 2500 risae
284 2425 497 2524 ambiguum
525 2451 667 2499 versum
694 2425 875 2498 efficiunt:
903 2439 1008 2498 erunt
1029 2423 1126 2496 enim
1154 2423 1277 2518 conju·

167 2543 334 2642 gationes
352 2541 397 2614 de
414 2541 596 2615 tribracho
612 2555 650 2614 et
667 2541 788 2614 iambo
806 2541 990 2618 formatae:
1017 2553 1218 2635 tamquam,

221 2658 370 2754 uSuper
382 2658 464 2756 agit
475 2682 570 2730 aura
582 2653 824 2758 mareserens
835 2655 966 2754 procul
980 2663 1106 2730 acatos
1119 2653 1277 2727 biremis.

224 2773 311 2846 Hoc
328 2799 486 2870 quoque,
502 2799 548 2844 ne
565 2771 763 2870 praeterisse
780 2771 1004 2869 ignoratione
1021 2769 1152 2854 videar,
1171 2769 1322 2844 attin-10

170 2915 268 2989 gam.
320 2889 497 2987 Legimus
518 2887 612 2988 apud
640 2887 836 2960 Horatium
855 2887 892 2959 in
911 2913 951 2958 ea
969 2885 1051 2976 ode,
1068 2883 1172 2981 cujus
1190 2885 1277 2957 'ini-

170 3006 263 3079 tium
283 3019 351 3092 est,

424 3119 551 3218 hydis
568 3117 707 3217 disper
723 3144 844 3192 ornnes

423 3233 509 3308 Hoc
526 3234 748 3322 deos'vere‚

174 3361 290 3458 legem
320 3358 425 3430 metri
453 3357 613 3431 admisso
635 3355 796 3455 spondeo
813 3355 967 3428 minime
989 3355 1218 3446 custoditam,
1241 3355 1278 3430 id

172 3490 230 3550 est
246 3501 287 3549 os
305 3487 379 3549 ¹ve.
429 3472 528 3546 Nam
557 3472 718 3545 iambum
745 3471 830 3558 illic,
849 3471 911 3568 qui
937 3471 1135 3546 trochaeum
1162 3471 1280 3568 sequi·

174 3607 246 3679 tur,
271 3617 349 3663 esse
375 3601 602 3663 convenerat.
655 3587 762 3672 Quod
788 3587 816 3660 si
844 3587 961 3686 legem
986 3589 1091 3662 metri
1115 3589 1153 3662 in
1177 3587 1276 3662 omui
1294 3627 1320 3661 ιι

174 3732 278 3780 versu
297 3730 434 3777 serrare
450 3704 633 3792 voluisset,

427 3819 512 3894 Hoc
528 3819 619 3892 idea
635 3843 720 3892 vere

174 3937 365 4038 posuisset,
388 3950 430 4009 ut
455 3949 548 4010 esset
571 3934 802 4012 choriambus
825 3959 889 4032 pes
918 3935 1055 4008 habens
1079 3936 1276 4010 clausulam

175 4053 380 4128 antibacchi
401 4052 567 4126 ultimam
588 4049 809 4150 hujusmodi,

217 4293 228 4325 ¹
243 4278 380 4358 maligna]
399 4278 522 4358 maligne
536 4281 568 4338 P.
584 4275 708 4356 maligna
721 4275 860 4335 correctio
874 4290 919 4336 est
933 4277 1095 4336 Camerarii.
1205 4280 1217 4322 t
1230 4302 1278 4360 pe-

176 4361 259 4435 dum]
276 4359 377 4439 pedem
392 4362 425 4418 P.
477 4370 494 4402 ²
508 4359 599 4437 Super
613 4357 684 4435 agit]
698 4355 877 4416 Camerarius
891 4377 962 4418 corr.
978 4357 1144 4436 superabit.
1195 4371 1211 4404 V
1224 4360 1279 4420 ini.

177 4441 264 4517 tium]
280 4439 393 4498 initium
409 4441 498 4498 estP.
593 4439 694 4512 voro]
711 4456 774 4496 vere
788 4439 820 4495 P.
923 4441 1000 4515 ¹or]
1019 4458 1052 4498 re
1066 4441 1098 4500 P.
1180 4443 1278 4502 tdeos

176 4541 227 4582 oro
241 4521 398 4602 posuisset]
414 4519 544 4580 desiere
558 4517 697 4598 potuisset
712 4519 744 4576 Ρ.
