3082 5140
148 347 244 399 car.
263 340 293 400 1.
312 421 321 428 ἃ
508 327 574 403 De
591 329 729 404 Matris
748 327 912 404 Comicae
1186 341 1257 402 385

210 509 315 583 Idem
343 509 495 584 Sisenna
522 511 558 583 in
575 513 845 612 Amphitryone
862 515 933 587 sic:
961 523 983 558 “
1001 513 1073 588 His
1091 527 1261 610 quattuor
1275 539 1304 572 2²

151 633 179 666 “
199 626 391 725 generibus
414 627 583 724 quintum
609 628 757 715 accedit,
774 629 819 702 de
843 656 972 728 genere
990 653 1155 701 versuum
1175 626 1259 724 hqui

154 749 182 782 “
200 767 276 813 non
294 757 379 827 sunt
396 743 635 816 uniusmodi.”

211 856 317 930 Idem
344 857 495 930 Sisenna
513 859 549 930 in
565 858 727 957 Captivis
741 860 810 934 sic:
836 870 859 903 “
878 861 954 934 Hic
973 860 1114 932 'ornatu
1133 885 1149 930 s
1167 859 1261 932 litte·
1275 882 1305 930 ²3

157 997 239 1046 ram
258 972 361 1046 metri
381 999 488 1046 causa
504 971 672 1046 ¹‘amisit.”

214 1089 318 1162 Idem
346 1089 496 1162 Sisenna
523 1090 558 1162 in
578 1091 766 1164 Aulularia
794 1093 864 1165 sic:
890 1101 914 1136 “
932 1092 1026 1165 Haec
1051 1119 1157 1164 scena
1180 1117 1263 1163 ana-

160 1213 184 1246 “
204 1204 353 1302 paestico
380 1219 495 1278 metro
521 1221 586 1294 est,
609 1205 686 1278 ¹sed
714 1207 857 1280 concisa
884 1221 979 1295 sunt,
998 1221 1038 1280 ut
1061 1233 1133 1279 non
1159 1207 1264 1278 intel·

160 1327 185 1362 «ι
204 1319 326 1416 figas.»

214 1433 313 1507 Juba
337 1435 373 1508 in
396 1437 487 1509 libro
504 1453 632 1535 quarto
657 1438 709 1511 sic
731 1437 839 1510 dicit:
865 1437 1115 1509 “lamborum
1143 1436 1263 1534 itaque
1279 1473 1309 1518 24

162 1557 187 1594 “
204 1551 371 1650 exempla
387 1579 468 1650 quae
483 1554 676 1627 mmanime
693 1553 918 1650 frequentata
935 1565 1020 1626 sunt
1036 1550 1200 1624 subdidi:

267 1695 397 1791 ”Holrep
415 1698 584 1790 Λυκάμβα,
602 1704 682 1768 τοῖον
699 1695 821 1790 {opsloe
838 1692 931 1774 τὸὃες

266 1806 385 1890 Aeonis
401 1811 416 1880 ὅ
431 1813 613 1899 πεντήκοντα
630 1809 793 1906 θυγατέρων
809 1811 919 1906 πατήρ.

267 1927 390 2024 οΞανθῇ
405 1933 524 2026 παλαιῇ
538 1957 608 2022 ‘ml
597 1923 776 2024 πολλῇσιν
792 1923 883 2025 φιλῃ.

267 2033 381 2124 Olb',
368 2039 421 2112 vti
437 2073 496 2138 ’γαρ
514 2041 591 2134 ὑμῶν
607 2043 758 2138 παρετάθη
773 2073 824 2111 και
815 2037 1037 2138 Περικλεους.

265 2153 397 2246 Ἱμᾶτιον
414 2155 485 2254 ἔφὸρ
488 2189 512 2228 ει
530 2154 668 2252 μαλακὸν
685 2154 765 2296 ipius
781 2164 953 2228 Σικελικῶν.

266 2267 355 2342 'Pili
341 2273 613 2368 ετροσκεφᾶλαιον
630 2268 760 2362 meist
740 2304 809 2364 αμα
826 2303 873 2342 σω
864 2267 1055 2365 βούλομαι.

260 2383 368 2446 Videre
380 2405 444 2447 non
459 2387 527 2449 vult
541 2387 697 2450 realium
713 2386 879 2448 Panaetius

252 2485 380 2550 Misera
393 2487 518 2550 mariam
531 2507 602 2574 qaae
616 2487 761 2552 acumina
774 2487 865 2550 litore

260 2589 355 2652 Vallis
366 2609 427 2674 per
440 2591 522 2653 imas
535 2611 628 2653 amm
641 2589 748 2653 labens
762 2589 888 2652 caemlo.

253 2691 407 2778 Armiger
421 2693 471 2755 ‘in
485 2693 548 2756 Ida
559 2693 637 2780 pede
652 2685 845 2780 vugo'litora
853 2701 966 2778 petens

256 2793 396 2870 emata,
410 2816 474 2857 nors
487 2795 583 2859 aliter
596 2815 753 2882 asperam
767 2793 905 2881 sliquida
919 2793 1074 2856 mclaoiae.

256 2896 368 2993 ‘ltapl
385 2906 481 2989 σοφοῦ
498 2901 596 2991 νμάθε
614 2897 708 2968 κλύων
724 2896 783 2968 ὅσα
800 2927 847 2976 τις
864 2892 901 2966 ἂν
917 2896 1098 2986 καταμάθοι.

253 3011 482 3099 '‘Rupefaces‚
497 3034 572 3098 rape
580 3033 678 3098 puer,
693 3033 786 3098 sopor
799 3011 877 3088 ubit,
893 3030 969 3072 carre
983 3009 1086 3072 melos.

194 3169 196 3172 ·
219 3140 263 3211 In
280 3138 351 3212 alio
368 3140 447 3212 loco
464 3139 535 3213 sic:
562 3149 583 3183 “
602 3139 805 3214 lambieum
835 3153 990 3210 metrum
1017 3161 1087 3206 non
1113 3159 1158 3205 ex
1183 3133 1266 3206 solis
1280 3159 1311 3210 25

170 3254 339 3327 “iambis
362 3255 611 3340 conscribitur,
638 3253 699 3326 sed
726 3255 885 3351 quinque
909 3251 1060 3349 suscipit
1085 3247 1207 3349 pedes,
1230 3247 1266 3320 id

171 3379 194 3412 “
211 3382 264 3442 est
290 3369 465 3458 iambum,
491 3369 736 3454 tribrachum,
763 3381 998 3468 anapaestum,
1010 3365 1209 3465 dactylum,
1232 3377 1268 3436 et

171 3494 193 3528 ‘⁶
211 3485 422 3584 spondeum,
450 3485 519 3558 hoc
543 3499 598 3558 est
625 3485 786 3558 iambum
816 3498 853 3557 et
880 3481 1080 3584 spondeum
1109 3495 1146 3554 et
1173 3480 1267 3553 solu-

172 3612 195 3647 “
212 3601 326 3674 tiones
344 3627 480 3680 eorum.
494 3600 629 3673 scilicet
646 3627 690 3673 ex
710 3600 819 3673 iambi
838 3600 1015 3673 solutione
1033 3597 1267 3680 tribrachum,

211 3873 375 3966 ¹¹quinon]
390 3895 438 3952 qur
431 3875 526 3932 '.Ven
541 3875 606 3934 Ald.
689 3873 812 3932 tomam
828 3877 862 3948 S]
880 3885 996 3932 ornatus
1010 3873 1083 3928 Ven
1164 3865 1266 3922 kami-

172 3953 220 4029 sit]
237 3954 313 4014 misit
329 3955 394 4013 Ald.
527 3953 537 4000 ¹
550 3956 598 4014 sed
612 3953 739 4030 concisa]
758 3973 789 4029 s3
805 3959 885 4012 colse
900 3955 974 4012 Ven.
989 3951 1038 4008 sed
1052 3965 1188 4007 conversa
1201 3945 1310 4003 Ald.

173 4034 932 4110 111ιιιτικιιιιιεοιηνειιΑΙά.ὕΙΜτερ--βούλομιιι
946 4051 1004 4089 om.
1021 4029 1094 4086 Veu.
1170 4031 1253 4087 θΕαν

172 4118 357 4190 lli-flatum
380 4137 437 4174 om.
462 4117 526 4176 Ald.
669 4114 829 4173 PCoelium
855 4110 1008 4184 Panaetius]
1033 4108 1136 4167 ooelum
1158 4125 1267 4188 pansus

172 4211 242 4270 Ven.
257 4211 361 4272 coelum
379 4215 412 4271 P.
425 4211 489 4272 Ald.
570 4211 724 4285 ttumida]
741 4209 870 4268 timidam
888 4209 959 4266 Ven.
977 4205 1096 4264 Turum
1110 4203 1267 4264 additAld

173 4291 225 4362 ria
239 4293 304 4366 Ida]
321 4294 399 4352 unda
413 4295 487 4352 Ven.
502 4294 579 4352 huda
593 4293 656 4351 Ald.
757 4287 889 4365 ⁸liquida
903 4285 1042 4363 nalaciae]
1058 4285 1134 4364 liqna
1149 4285 1267 4345 malicia

175 4373 242 4431 Ven.
257 4374 321 4433 Atd.
423 4378 521 4451 ‘napta
534 4387 589 4434 etc.
605 4393 663 4431 om.
679 4373 753 4429 Ven.
854 4381 870 4410 ⁷
882 4373 948 4443 μάθε
963 4367 1052 4442 κλύω]
1069 4371 1193 4441 perdta&
1208 4367 1268 4441 tysis

174 4452 236 4512 ΑΜ.
319 4465 341 4496 W
354 4455 436 4532 Rape
450 4455 533 4530 fucis]
551 4456 625 4514 faces
637 4471 707 4532 cape
721 4451 793 4510 Ven.
809 4462 838 4508 et
853 4469 917 4508 mox
932 4467 1000 4508 rane
1014 4448 1104 4507 melis.

683 4562 752 4622 31)
