3082 5140
278 321 350 386 rrs
741 307 931 382 Ρήωι·

331 491 412 566 Hos
434 491 598 588 requitur
613 489 769 564 dimeter
790 491 1021 564 cstsleetieus
1039 489 1192 563 finimdr
1211 490 1386 562 emmonis

279 633 398 696 cause,
414 633 524 705 quem
542 607 587 680 sd
604 605 805 680 Archillids
822 605 970 678 lubuit:

368 729 463 794 vare.
496 727 580 793 llos·
592 749 654 816 ego
667 728 729 792 tue
743 737 898 792 remur.

237 894 267 944 η
331 854 506 928 Similiter
531 853 680 928 Plautus
704 855 740 926 in
758 853 981 926 Truculento
997 851 1125 925 eodem
1156 865 1277 926 metro
1308 880 1391 926 usus

281 985 335 1042 est
353 969 388 1042 in
406 995 571 1042 sermone
588 969 727 1044 ancittae
744 967 935 1069 Astaphii:

368 1101 519 1188 Adfirm
531 1101 718 1180 muare,
728 1111 822 1190 utque
836 1109 997 1166 orreruotae
1011 1099 1108 1176 eda,

369 1201 1213 1291 Nequisadmrorgmvioeabcarqumdmuu

369 1305 1171 1392 Nequirrnurrurottrrlrritrten'lesintroudnor,

371 1405 535 1470 Gravidae
535 1407 638 1492 firrar
652 1415 813 1494 exportet:
837 1408 912 1470 noni
926 1427 987 1494 ego
1000 1407 1161 1470 domiuum
1177 1427 1293 1470 nores.

240 1573 271 1622 ss
333 1549 519 1648 Turpilius
549 1549 585 1620 in
616 1547 750 1622 Lindia
776 1561 896 1622 naute
926 1573 1116 1648 monum
1147 1547 1291 1622 inducit
1322 1548 1395 1622 hoc

286 1677 402 1738 metro
418 1663 649 1760 loquentem:
1075 1647 1083 1669 ’

327 1779 376 1844 Di
390 1777 606 1842 munientem
616 1777 766 1864 perdant.
800 1777 868 1840 ffrc
881 1777 1006 1864 quidem
1020 1798 1077 1840 nor
1086 1777 1205 1864 perdit

332 1881 460 1945 Festum
474 1899 540 1944 erre
552 1879 634 1942 diem
649 1879 701 1942 liic
713 1889 863 1967 quartum
874 1879 965 1944 lrodr'e
975 1882 1104 1944 uerae
1126 1880 1181 1942 Itu
1191 1889 1395 1944 mamm

242 2029 273 2078 ²9
336 2007 464 2080 Cicero
481 2031 626 2102 quoque
649 2005 686 2078 iu
711 2005 765 2080 lv
782 2005 1072 2079 Tusculanarum
1089 2004 1280 2104 Farripidis
1303 2005 1396 2078 iam-

287 2123 352 2196 bos
378 2119 606 2210 transferens,
631 2123 668 2193 in
699 2121 786 2194 locis
815 2122 961 2222 poribus
986 2137 1061 2194 tum
1087 2121 1251 2220 dactylus
1279 2147 1392 2218 quam

287 2235 466 2338 spondeos
484 2263 579 2336 saepe
597 2238 712 2336 ponit,
729 2253 790 2312 ut:

373 2352 1112 2438 Nequetumtem'bilr'rullusondoorutiout,

373 2455 534 2539 Necforr,
548 2475 605 2518 uec
618 2457 672 2518 iru
685 2456 822 2520 metrum
836 2457 995 2520 inuectum
1008 2455 1137 2532 mulum,

375 2557 467 2634 Quod
479 2579 544 2620 non
558 2565 678 2620 nonam
692 2557 832 2620 humanu
841 2557 1105 2646 patiendoserat.

242 2709 276 2758 ³0
344 2683 415 2759 His
450 2683 561 2782 igitur
590 2685 768 2782 exemplis
798 2684 970 2758 facillime
1003 2685 1192 2784 diligentes
1222 2687 1393 2758 omnium

287 2813 440 2900 possunt
456 2797 717 2874 comoediarum
735 2815 849 2873 metra
870 2801 1186 2900 comprehendere,
1204 2815 1241 2874 et
1259 2825 1396 2888 versus,

288 2913 432 3014 siquos
459 2913 639 3014 imperitia
665 2913 881 3014 scriptorum
907 2913 1121 3005 confuderit,
1138 2913 1183 2988 sd
1209 2915 1395 3015 integrum

288 3029 475 3104 restituere
506 3029 653 3103 musicae
681 3027 816 3104 locum.
875 3029 1127 3103 Necessarium
1163 3046 1284 3110 sutem
1316 3057 1396 3104 esse

288 3142 448 3218 diximus
476 3143 592 3217 multo
628 3143 806 3241 exquisita
833 3143 954 3217 labore
980 3143 1198 3241 inventoque
1225 3145 1396 3242 exempla

289 3257 509 3334 diversorum
541 3257 984 3356 nominatissimorumque
1014 3257 1164 3332 Graeciae
1194 3271 1395 3347 auctorum,

290 3397 442 3470 quorum
462 3371 626 3470 quedam
654 3373 762 3446 etism
789 3372 1009 3447 Heliodorus
1035 3373 1186 3474 protulit
1210 3373 1394 3458 metricus,

290 3501 326 3560 et
343 3485 600 3586 Hephaestion,
614 3487 801 3584 subjicere,
815 3503 855 3561 ut
871 3489 1103 3564 ostendamus
1122 3514 1196 3562 non
1215 3489 1395 3588 imperite,

290 3601 352 3676 sed
372 3599 609 3675 scientissime
627 3602 697 3676 hoc
711 3629 858 3702 quoque
876 3604 969 3679 etad
989 3606 1134 3678 illorum
1152 3604 1393 3678 imitationem

291 3735 452 3794 auctores
470 3715 595 3790 fecisse
613 3731 763 3792 nostros.

247 3863 275 3910 ³¹
352 3831 574 3910 Heliodorus
602 3833 772 3908 metricus
801 3834 863 3922 sit,
888 3834 1033 3920 Ἱπῶνηξ
1059 3835 1163 3909 som
1191 3835 1313 3934 παρέβη
1340 3843 1396 3908 rr'u

291 3951 454 4048 ὁρωμένων
471 3951 500 4025 ἐν
516 3959 580 4034 τοῖς
600 3951 739 4046 ἰάμβοις,
757 3949 827 4023 hoc
850 3965 916 4036 est,
934 3949 1136 4050 Hipponax
1161 3951 1278 4025 multa
1298 3977 1395 4048 pre-

293 4067 403 4154 teriil‚
421 4067 457 4140 id
482 4080 547 4153 est,
571 4065 811 4166 pretermisit,
834 4063 1020 4166 prefinito
1045 4069 1085 4142 in
1108 4067 1248 4144 iambis.
1301 4067 1396 4166 Hip-

293 4205 412 4277 ponsx
429 4207 526 4256 enim
545 4207 581 4256 in
600 4183 739 4282 primo:

441 4293 533 4394 'Epiri
550 4299 610 4394 γὰρ
628 4296 702 4371 οὕτω
720 4301 871 4388 Κυλλήνιε
894 4299 1033 4379 Μαιάδος
1048 4300 1160 4396 Ἑρμῆ.

294 4407 367 4482 Iste
385 4409 481 4482 euim
500 4437 621 4485 versus
640 4437 723 4486 cum
746 4415 792 4486 sit
810 4415 1048 4500 choliambus,
1062 4415 1098 4486 in
1117 4429 1244 4510 quarto
1263 4415 1342 4488 loco
1359 4427 1394 4486 et
