3082 5140
1 429 39 467 1..
144 406 237 458 cup.
251 399 286 476 9.
370 385 435 458 Dc
450 383 603 458 diversis
618 393 817 460 memorum
831 388 1039 486 generibus.
1181 399 1255 480 377

52 613 78 658 ·.·
155 567 445 644 Galliamhicum
469 581 612 642 constat
636 567 791 642 dimetro
810 570 965 644 iambico
985 571 1195 646 catalectico
1219 587 1255 648 et
1271 601 1302 654 ι9

148 697 337 785 anapaesto
351 685 407 758 vel
426 683 599 783 spondeo,
616 709 698 758 cum
716 683 872 758 ‘duobus
891 687 1033 776 iambis,
1047 701 1088 761 ut
1101 701 1156 760 est
1173 688 1255 778 boc,
1318 733 1320 740 ,

322 799 474 864 tTcualla
488 801 610 886 crispat
623 819 708 862 arua
722 801 870 866 tremulos
883 803 1075 888 siuussrati.
1139 801 1146 828 ⁸

46 998 62 1012 ,
146 907 430 983 Archilochium
448 923 590 982 constat
610 909 889 1008 penthemimeri
915 913 1094 1012 dactylica
1119 928 1155 988 et
1178 913 1255 988 ¹¹di-
1269 946 1302 982 ιο

148 1037 269 1098 metro
286 1025 444 1098 iambico
459 1023 684 1114 ¹acatalecto,
703 1038 742 1097 ut
758 1039 813 1098 est
831 1026 912 1114 hoc,

323 1139 451 1225 Sydera
464 1147 578 1202 macta
591 1141 710 1204 micant
724 1139 831 1204 dcccrc
845 1141 926 1206 lucis
939 1161 1046 1206 aureo.

19 1315 51 1362 ·.··
145 1246 430 1322 Archilochium
458 1261 599 1322 constat
626 1247 781 1322 dimetro
810 1249 967 1323 iambico
997 1252 1192 1326 acatalecto
1218 1268 1255 1328 et
1269 1291 1296 1324 ιι

145 1361 430 1461 penthemimeri
448 1362 638 1460 dactylica,
658 1375 698 1436 ut
715 1378 770 1438 est
788 1364 869 1454 boc,

13 1553 25 1563 ,
323 1479 400 1544 Iudi
415 1479 513 1566 law
526 1481 624 1546 dediti
639 1489 792 1568 tympana
794 1483 871 1567 jam
886 1485 1046 1568 quatiunt.

25 1578 30 1586 ¹
145 1588 369 1662 '‘Echaicum
382 1587 513 1662 dicitur
524 1589 692 1686 quotiens
706 1617 814 1664 sonus
832 1589 985 1666 'ultimae
1003 1593 1150 1692 syllabae
1167 1619 1255 1694 pen·
1269 1633 1298 1667 22

146 1705 288 1778 ultimae
304 1704 481 1802 congruit,
499 1719 540 1778 ut
557 1718 612 1778 est
631 1704 711 1792 boc,

321 1819 459 1884 Euercet
473 1829 589 1884 mentm
604 1820 805 1904 mfrauruas
814 1829 918 1908 grata
931 1819 1026 1885 malis
1038 1821 1090 1886 lis.

14 2015 18 2021 Ι
145 1929 373 2028 Recipramas
393 1930 558 2005 heroicus
584 1929 645 2004 nin
665 1930 874 2006 Sotadioum
893 1945 948 2006 est
964 1933 1130 2030 quotiens
1146 1960 1169 2044 a
1180 1935 1252 2008 fine
1267 1968 1296 2016 ῃ

146 2045 367 2119 ‘’scansionis
384 2045 595 2120 Sotadicum
615 2045 712 2132 facit,
729 2061 770 2120 ut
787 2061 841 2120 est
860 2047 940 2138 hoc,

321 2163 377 2226 Ire
390 2164 480 2250 capis
494 2166 524 2227 si
538 2183 597 2227 rus
610 2163 696 2226 mala
710 2163 790 2226 vitas
803 2163 927 2226 somnia
941 2185 1053 2250 quarm

323 2265 435 2336 Quoeso
448 2265 571 2329 sarnaio
587 2265 666 2328 otus
680 2264 765 2328 mala
778 2265 808 2328 si
823 2285 881 2327 rus
895 2265 987 2350 cupis
1001 2265 1061 2327 ire.

148 2387 373 2484 Reciprocus
385 2389 561 2463 iambicus
578 2369 864 2487 inl‘Elegiacum
881 2403 946 2478 est,
958 2389 1124 2486 quotiens
1141 2417 1162 2462 a
1180 2391 1252 2464 line
1266 2426 1298 2473 24

147 2503 370 2576 ascansionis
388 2502 588 2602 elegiacum
606 2503 703 2590 facit,
721 2515 781 2576 rut
799 2504 868 2576 boc
886 2503 1008 2590 modo,

321 2621 449 2682 Micam
462 2622 566 2684 uitare
580 2627 660 2684 lecta
673 2619 801 2682 sublimi
815 2640 928 2682 aurea.

322 2723 432 2784 Aurea
444 2721 571 2786 sublimi
586 2729 665 2784 tecta
680 2721 784 2783 uitare
797 2721 924 2784 micant.

148 2831 388 2928 'Rhopalicus
415 2858 535 2904 versus
564 2843 629 2920 est,
654 2856 738 2904 cum
766 2829 874 2902 verba
904 2835 1028 2930 ‘prout
1053 2843 1294 2927 sequuntur25

146 2973 214 3048 per
231 2947 385 3046 syllabas
404 2959 581 3033 crescunt,
599 2961 639 3018 ut
656 2959 711 3018 est
729 2945 811 3036 hoc,

278 3063 358 3126 Rem
373 3063 430 3126 tihi
445 3061 586 3147 vconficl
601 3061 778 3125 doctissime
792 3071 815 3104 w
824 3059 1067 3122 dulcisouaram.

201 3173 337 3262 Habes,
353 3173 476 3261 lector,
499 3171 535 3244 in
561 3169 777 3267 compendio
802 3167 961 3242 discendi
984 3167 1186 3238 manualem
1210 3167 1251 3239 li·

150 3288 300 3374 ballum,
330 3313 438 3386 quem
468 3285 581 3385 magis
606 3282 789 3386 probabis,
813 3283 841 3356 si
868 3283 934 3355 tibi
961 3309 1046 3355 usus
1073 3281 1249 3355 scribendi

147 3403 327 3502 ’‘pretium
348 3401 541 3475 voluntatis
559 3403 729 3476 exsolvat.

189 3629 316 3691 ‘duobus
329 3635 438 3709 iambis]
455 3637 560 3692 duobus
574 3633 697 3691 trochoeia
711 3643 761 3692 aut
774 3635 871 3692 iambis
885 3633 999 3691 Putsch.
1121 3643 1137 3690 8
1151 3636 1251 3692 tenella

148 3715 263 3788 caput]
281 3722 374 3772 tenera
389 3717 522 3788 retriapat
535 3714 650 3773 Patscb.
667 3717 701 3774 B.
753 3713 770 3758 ¹¹
783 3718 899 3772 dimetro
913 3735 971 3772 om.
987 3715 1102 3773 Putscb.
1163 3713 1172 3756 ¹
1186 3736 1250 3773 uca-

149 3797 249 3852 talccto
269 3813 327 3851 otn.
347 3795 462 3852 Putscb.
477 3795 512 3852 B.
527 3807 558 3852 et
571 3795 653 3852 infra.
775 3793 792 3838 ἱ
810 3796 959 3872 Echaicus]
978 3798 1121 3852 Etouicum
1135 3793 1249 3852 Potach.

149 3875 297 3932 Echoicum
311 3883 351 3931 est
366 3879 489 3950 quotiens
504 3875 540 3935 Β.
556 3877 707 3949 Equaicum
721 3877 821 3932 dicitm
835 3875 907 3933 Call.
1001 3873 1010 3916 ¹
1025 3877 1101 3930 ultra
1115 3874 1251 3946 syllabam

142 3957 326 4029 penultimam
342 3959 445 4013 corruit
458 3955 529 4014 Call.
628 3965 651 3996 ¹¹¹
657 3955 806 4030 fraternas
818 3957 912 4030 gratio
926 3955 1006 4028 rara]
1014 3953 1155 4029 fraternis
1165 3960 1251 4024 gratu

146 4035 227 4092 malis
240 4036 275 4093 B.
281 4034 429 4113 stateram
441 4043 524 4110 grata
536 4037 617 4094 vualis
632 4037 665 4092 lia
679 4035 751 4094 Call.
781 4035 929 4092 Mutatutn
944 4035 1017 4092 sorta
1031 4033 1069 4090 ob
1081 4031 1163 4100 Ovid.
1176 4031 1249 4090 Met.

147 4115 253 4193 1.145.
316 4129 332 4162 ὓ
347 4120 377 4174 ia
391 4117 564 4192 Sotadicum]
582 4117 611 4173 ia
626 4119 748 4173 sotadica
761 4115 876 4172 Putscb.
937 4123 953 4156 0
965 4113 1125 4188 sconsioais]
1140 4131 1251 4170 scamus

147 4197 262 4254 Putsch.
274 4199 308 4256 B.
329 4197 404 4256 Tum
416 4205 456 4258 est
467 4197 540 4256 Call.
556 4195 703 4274 prosacit.
766 4205 783 4249 t>
798 4193 972 4268 Elegiacum]
989 4193 1123 4266 Elegiaco
1134 4193 1248 4250 Putsch.

147 4277 335 4350 tscausiouis]
350 4297 461 4336 scamus
474 4279 508 4336 B.
523 4278 639 4336 Putsch.
681 4293 688 4313 ¹
736 4283 789 4331 rm
804 4275 856 4330 hoc
867 4273 960 4346 modo]
976 4281 1007 4330 ut
1021 4282 1060 4330 art
1075 4275 1124 4332 hoc
1134 4273 1249 4332 Putsch.

147 4364 159 4395 ¹
173 4355 355 4432 Rhopalicus]
372 4359 567 4432 Eutropolicus
580 4355 653 4414 Call.
695 4355 815 4429 tprcut]
828 4361 860 4408 ut
874 4353 987 4411 Putscb.
1029 4361 1042 4388 v
1054 4353 1168 4429 conjeci]
1185 4373 1249 4410 cou-

146 4440 213 4492 cessi
227 4437 342 4496 Putscb.
449 4448 472 4479 V
486 4436 702 4510 dulcisoaoram]
719 4436 920 4492 dulcisonorum
934 4433 1006 4492 Call.
1021 4435 1107 4490 dulcis
1121 4435 1249 4492 honorem

147 4515 262 4575 Putscb.
363 4520 508 4592 ¹pretium
522 4516 686 4589 voluntatis]
701 4516 829 4572 voluutas
842 4513 955 4572 Pntscb.

664 4633 727 4693 3c
