3100 5142
33 449 34 490 i
119 387 208 438 cnr.
221 375 256 439 3.
476 365 541 439 Dc
558 365 735 466 dactyllm
750 375 875 442 metro.
1147 361 1216 438 26⁵

118 575 200 624 non
225 551 317 624 bene
334 550 482 626 curiosis
507 551 592 626 licet
617 565 659 626 ut
680 551 817 652 primns
840 577 904 654 pes
926 561 1096 650 quattuor
1117 549 1220 624 sche-

121 679 226 740 mata
243 666 386 752 habeat,
404 667 577 768 incipiens
596 694 617 740 a
633 669 796 766 quolibet
811 667 1000 770 disyllabo,
1016 681 1053 742 et
1071 665 1144 740 duo
1160 691 1223 766 pe-

120 782 190 856 des
215 783 400 856 schemata
426 805 550 872 ccsv1,
576 797 617 858 ut
643 783 760 882 quivis
786 783 831 858 de
856 784 1048 885 trisyllabis
1072 781 1224 884 pedibus

122 903 213 987 sint,
230 901 292 998 qui
311 917 395 974 sunt
412 917 504 974 octo.
556 901 723 976 Graecum
743 903 954 1004 exemplum
973 902 1042 976 hoc
1059 915 1125 992 est,

419 1013 564 1114 Ἀριστον
580 1019 636 1113 μὶν
653 1015 737 1117 idop,
754 1023 769 1092 ὅ
784 1019 827 1092 δέ.

129 1133 303 1208 Latinum
323 1133 404 1216 hoc,

389 1250 417 1313 0
430 1252 548 1338 regino
562 1273 677 1315 novam
690 1252 754 1314 cui.

134 1363 189 1436 De
205 1361 311 1436 tertia
333 1361 451 1462 specie
476 1363 637 1436 trimetra
659 1361 837 1460 dactylica
862 1359 1014 1434 breviter
1036 1384 1230 1458 compona-

144 1504 222 1552 mus.

226 1695 292 1768 De
308 1692 564 1770 ¹Pherecretio
580 1697 915 1773 monoschematisto
929 1703 1141 1796 symptycto.
1245 1707 1275 1770 ⁶³

183 1829 464 1904 Pherecratium
494 1829 700 1905 trimetrum
725 1832 822 1931 quod
852 1832 1000 1931 quidam
1031 1829 1233 1924 σύμπτυκτον,

136 1946 194 2020 alii
207 1944 487 2044 manapaesticum
499 1943 1026 2035 dicunt,monoschematistnm
1038 1959 1104 2020 est.
1132 1945 1234 2018 Sem-

138 2089 203 2162 per
217 2061 317 2136 enim
335 2059 506 2162 spondeo,
524 2062 681 2164 dactylo,
698 2065 858 2167 spondeo
875 2063 1083 2166 percutitur.
1121 2059 1234 2157 Cujus

139 2179 348 2278 exemplum
366 2178 533 2252 Graecum
553 2195 620 2270 est,

335 2295 450 2392 χρυσὸς
466 2293 615 2392 ellipse
630 2305 698 2396 πῦρ.

142 2409 326 2498 Latinum,

312 2525 415 2590 Cessit
428 2526 558 2590 condere
567 2537 707 2614 gentem.

145 2635 216 2710 llis
235 2636 424 2735 copulatis,
443 2638 623 2737 Glyconio
640 2639 843 2740 preposito,
860 2655 896 2713 et
914 2635 1139 2712 Pherecratio
1156 2635 1239 2708 sub-

139 2753 278 2849 juncto,
294 2753 362 2826 erit
380 2755 467 2828 illud
496 2771 649 2830 metrum
670 2758 918 2830 hexametrum
939 2751 1241 2828 monoschemati·

148 2887 238 2944 stum
271 2871 476 2972 Priapeum,
502 2873 547 2946 de
574 2901 647 2972 quo
669 2873 777 2974 paulo
805 2888 886 2946 ante
915 2875 1120 2962 monstravi,
1144 2870 1240 2970 quod

148 3003 286 3062 constat
319 2989 436 3088 prima
466 3004 566 3088 parte
600 3016 645 3064 ex
676 2989 867 3090 Glyconi0,
901 2987 1073 3088 spondeo,
1102 2988 1243 3061 duobus

149 3104 334 3204 ”dactylis
376 3105 412 3176 in
455 3105 650 3180 novissima
696 3133 790 3196 vero,
829 3104 922 3178 sicut
964 3103 1244 3190 Pherecratium,

148 3220 317 3321 spondeo,
334 3219 490 3320 dactylo,
508 3222 680 3321 spondeo,

234 3371 263 3434 0
275 3370 393 3458 regina
407 3389 522 3434 nonem
537 3373 589 3436 cei
602 3374 694 3436 cessit
707 3371 837 3438 condere
847 3379 984 3460 gentem.

233 3473 414 3537 Externum
429 3473 512 3552 tulit,
528 3483 585 3539 out
598 3497 693 3540 cruor
706 3475 757 3538 hie
772 3475 809 3537 de
823 3475 953 3561 ⁰atipite
966 3481 1086 3538 manat.

236 3577 300 3640 Cui
314 3597 377 3638 non
391 3575 494 3640 detes
509 3577 617 3664 Hylas
626 3597 711 3664 puer
726 3588 755 3641 et
770 3577 909 3642 Latonia
924 3576 1032 3640 Delos.

471 3861 536 3935 De
552 3861 733 3936 trochaico
750 3862 927 3936 trimetro.
1263 3863 1295 3930 64

202 4000 462 4076 PTrochaicum
492 4005 696 4078 trimetrum
720 4017 891 4101 quattuor
913 4001 1098 4076 schemata
1123 3997 1251 4070 habet:

193 4307 204 4354 ¹
217 4309 609 4391 Phereemdo-eymptycto]
618 4309 882 4387 faedo-dantiae
896 4311 931 4369 1..
1009 4319 1033 4352 ¹¹²
1047 4308 1252 4385 conpaticnm]

155 4395 363 4470 ardeperticm
378 4393 529 4452 Senteoim
543 4393 578 4451 ad
591 4393 658 4452 Ter.
673 4395 766 4453 Maur.
782 4413 809 4473 p.
825 4409 894 4469 373.
999 4401 1015 4434 ¹¹
1028 4389 1158 4469 dactylis]
1173 4407 1253 4466 spon-

156 4476 212 4532 deis
225 4475 262 4534 1..
365 4477 487 4552 ⁰stiplte
500 4483 596 4534 monet
609 4494 667 4534 om.
682 4477 715 4534 L.
820 4474 904 4532 rme
920 4473 1086 4532 hochoicom
1103 4474 1254 4530 tornatum

160 4556 258 4615 tabem
271 4559 410 4616 schemate
425 4575 465 4614 ιιι
480 4555 515 4614 1.

663 4675 749 4726 Mm
