2970 5134
24 407 123 450 3AP.
148 405 231 448 vu.
423 384 476 448 De
489 393 588 448 metro
602 387 807 470 anapaestico.
1110 387 1175 454 ote

24 554 225 618 rationem
242 549 401 636 recipiant.
439 549 545 635 Atque
559 547 674 613 idcirco
687 549 728 614 ab
741 551 801 615 hoc
815 564 925 624 metro,
941 563 973 614 et
989 547 1174 636 tribrachys,
1189 567 1204 615 a

24 671 69 718 et
99 652 285 740 dactylus,
300 665 332 715 et
350 667 538 736 cosmatus,
555 671 617 714 non
641 650 698 715 nisi
720 673 816 738 quam
837 649 1026 738 parcissime,
1049 665 1081 715 et
1103 673 1175 714 oon-

27 756 149 820 sultis
167 754 269 842 prius
283 751 423 826 auribus,
438 750 624 816 admittendi
639 768 723 817 sunt.

90 856 210 934 Quod
238 855 331 919 etiam
358 854 390 917 in
413 852 547 917 iambico
570 868 669 917 metro
692 853 835 918 bservare
861 853 1046 918 videbimus.
1091 855 1204 924 Nam9

37 957 192 1024 tametsi
211 957 360 1021 omnibus
370 947 533 1042 inparibus
546 954 615 1040 ejus
632 955 721 1018 metri
737 955 811 1019 locis
827 955 1019 1042 tribrachyn,
1034 969 1089 1018 sut
1104 977 1176 1018 ana·

39 1075 225 1147 paestum,
247 1073 303 1123 aut
330 1055 487 1142 dactylum
512 1055 693 1120 conlocandi
722 1055 870 1121 it'acnltao
893 1071 951 1136 est,
977 1079 1048 1121 rara
1072 1071 1176 1120 tamen

43 1183 178 1225 eorum
204 1161 244 1224 fit
266 1158 427 1236 admixtio,
442 1179 545 1244 neque
567 1157 631 1222 ulla
644 1157 694 1222 vel
712 1158 744 1222 in
759 1158 892 1224 iambico
905 1159 953 1224 vel
973 1161 1005 1222 in
1021 1158 1177 1224 trochaico
1240 1191 1245 1200 .

46 1279 170 1326 metro
186 1261 298 1326 iambo
310 1275 366 1325 eut
388 1259 536 1338 trochaeo,
552 1282 647 1346 quum
670 1283 743 1326 cum
765 1261 899 1350 apoudio
919 1274 976 1326 aut
997 1262 1099 1348 aptior
1120 1275 1176 1325 aut

50 1363 273 1451 frequentior
288 1377 389 1449 potest
404 1385 470 1426 esse
484 1361 674 1448 conjunctio.

330 1540 412 1603 Car.
431 1539 511 1602 v11.
536 1539 588 1602 De
602 1547 699 1602 metro
713 1539 916 1624 anapaestico.

109 1667 179 1730 ktn
206 1663 394 1752 anapaestico
415 1681 520 1727 autem
545 1677 644 1726 metro
663 1661 785 1726 nullum
809 1661 921 1748 pedem
937 1661 981 1724 ita
994 1679 1204 1748 congruere,¹

62 1785 105 1834 ut
131 1765 320 1856 spondium,
348 1764 499 1830 videmus.
543 1763 643 1828 ¹Nem
670 1763 814 1850 quamvis
838 1762 930 1828 etiam
957 1761 1118 1852 dactylum
1144 1764 1205 1828 ina

65 1871 131 1934 hoc
148 1883 253 1933 metro
267 1892 287 1933 a
300 1866 488 1954 quibusdam
506 1866 626 1932 Graecis
645 1865 781 1952 positum
801 1864 1005 1942 inveniamus,
1021 1889 1059 1929 eo
1074 1880 1177 1932 tamen

68 1965 221 2030 adhibito
249 1963 462 2050 confragosius
491 1963 642 2050 quiddam
673 1978 796 2028 resonat
824 1979 857 2028 et
884 1962 1005 2028 durius.
1064 1965 1178 2052 ltaque
1191 1997 1205 2044 3

70 2067 200 2132 tametsi
227 2065 372 2154 dactylus
396 2081 492 2152 atque
512 2080 690 2152 anapaestus
713 2080 786 2129 sunt
812 2063 1005 2152 temporibus
1026 2087 1127 2152 pares,
1145 2068 1178 2132 id

74 2186 182 2234 tamen
206 2167 328 2232 aurium
353 2191 470 2244 sensus,
489 2167 540 2231 cui
559 2181 605 2230 est
628 2165 763 2230 maxime
785 2165 970 2256 parendum,
987 2167 1176 2255 melllugitat,

75 2285 126 2348 ut,
141 2293 237 2357 quem
253 2269 293 2333 ad
310 2269 439 2334 modum
454 2268 617 2333 intromitti
634 2267 665 2331 in
682 2283 815 2351 metrum
831 2267 1033 2354 dactylicum,
1048 2291 1088 2332 ne
1110 2271 1179 2357 ejus
1286 2347 1291 2358 Ι

77 2373 265 2436 suavitatem
287 2383 480 2458 corrumpat,
495 2388 673 2458 anapaestus
694 2393 756 2434 non
771 2385 886 2458 potest,
899 2370 942 2434 ita
956 2385 1091 2435 metrum
1106 2395 1179 2438 ana·

82 2593 150 2650 dum
174 2591 336 2648 ridebatur:
363 2593 485 2664 quamuis
506 2609 539 2648 ea
557 2607 607 2663 pe·
649 2591 813 2656 indecenter,
828 2601 858 2646 et
871 2600 1004 2648 sexcenta
1017 2587 1119 2648 similia
1133 2609 1176 2650 re·

82 2675 148 2730 dum
156 2675 227 2728 ratio
237 2673 360 2744 recipiat.
376 2669 461 2728 Paris.
474 2690 515 2746 pr.
525 2687 608 2744 quom
648 2663 803 2747 periuntur.
827 2669 945 2728 HEUS.

84 2773 118 2810 eo
129 2755 226 2826 pedam
241 2754 356 2819 ratione,
371 2749 442 2808 alter
451 2768 533 2824 quom
547 2767 608 2806 eoas
688 2746 698 2790 ¹
713 2749 842 2824 facultas
865 2759 904 2808 eat
915 2750 1006 2828 praru]
1030 2748 1175 2810 Librarius

84 2835 181 2908 pedam
194 2835 335 2888 rationem.
357 2830 475 2888 HEUS.
647 2828 753 2887 codicis
766 2829 891 2907 Guelplr,
907 2831 967 2888 haec
980 2841 1009 2888 et
1029 2831 1175 2907 sequentia

126 2910 271 2970 hermete
287 2909 527 2983 susurrantem
550 2907 606 2986 pri·
648 2907 688 2967 ita
722 2908 936 2986 inquinaverat:
971 2909 1100 2984 facultas
1133 2920 1175 2970 rat

89 2993 152 3050 dem
175 2989 420 3069 praestantissimus
442 2988 608 3048 Ruhnkeni-
648 2998 713 3048 roto
732 2997 822 3048 tomen
843 3009 935 3047 eorum
947 2991 989 3066 fit
1009 2993 1175 3050 admittioue

93 3093 133 3138 us,
146 3069 223 3146 cajus
247 3069 399 3129 eruditioni
422 3081 453 3128 et
475 3067 607 3128 humani·
648 3072 782 3144 maalle.
825 3071 975 3128 Corrcctor
994 3089 1174 3147 supervoca-

93 3154 141 3210 tati
156 3151 266 3210 Mallius
288 3149 410 3208 martimo
425 3149 511 3208 debet
524 3168 608 3208 oroa-
650 3149 748 3208 bulum
763 3151 822 3207 ulla
837 3149 959 3208 litteram
974 3169 994 3207 a
1007 3149 1128 3227 scripsit,
1143 3165 1175 3209 ut

95 3245 192 3300 niente,
205 3229 337 3288 indicavit
351 3229 429 3296 milri,
443 3229 495 3287 sibi
510 3247 607 3286 emen·
648 3241 723 3288 esset
735 3229 824 3296 neno,
839 3243 924 3306 atque
937 3229 977 3288 ite
994 3229 1175 3299 sententiam,

95 3312 212 3368 dandam
236 3310 323 3368 rideri
350 3312 453 3366 umori
479 3311 607 3366 videmus.
649 3329 733 3386 quam
743 3307 843 3382 juvare
864 3308 961 3373 soluit.
982 3308 1072 3387 magis
1087 3310 1174 3368 etism

100 3392 176 3448 llcno
206 3395 395 3468 conjecturam
438 3407 609 3466 magnopere
650 3388 831 3468 perturbavit.
863 3390 991 3466 Uterque
1004 3387 1092 3448 Paris.
1105 3389 1176 3449 liber

98 3471 274 3538 commendat,
286 3469 360 3546 quod
373 3470 403 3526 in
418 3468 507 3526 altero
521 3469 608 3526 Paris.
650 3467 821 3527 medicinam
837 3467 904 3527 lecit
924 3469 990 3527 huic
1011 3469 1075 3528 loco
1093 3471 1176 3548 plane

99 3553 218 3616 onerer,
232 3549 261 3608 in
275 3549 365 3608 altero
377 3551 498 3606 videm
519 3567 610 3625 nuper
649 3549 780 3618 saudan,
805 3568 890 3628 quarn
918 3547 987 3607 olim
1014 3555 1177 3629 conjectura

101 3630 233 3688 inventum
256 3641 309 3688 est.
355 3628 431 3690 Quia
454 3641 550 3686 tamen
574 3629 609 3686 de
649 3647 820 3708 paraveram.
842 3629 961 3688 HEUS.

103 3711 175 3768 verbo
188 3709 276 3768 activo
285 3727 396 3766 souare
411 3707 480 3766 nihil
498 3719 610 3765 mutant
689 3705 708 3750 ¹¹
732 3709 764 3766 la
788 3712 966 3786 carpatiae]
994 3708 1176 3787 Praepositio-

104 3791 211 3856 codices,
224 3800 349 3866 superest
368 3787 437 3845 mihi
459 3806 516 3846 non
531 3785 610 3846 nulls
650 3807 716 3846 nem
753 3789 799 3847 irie
830 3789 943 3848 defendi
977 3808 1060 3866 posse
1085 3788 1175 3848 rideo.

105 3869 233 3936 dubitatio,
254 3889 290 3926 an
313 3867 481 3926 Theodorus
501 3865 610 3925 dederit
650 3866 784 3944 Suspicor
808 3881 914 3936 tamen,
939 3880 1066 3926 nostrum
1092 3866 1177 3927 'verbo

106 3950 337 4008 umoredebemau.
381 3947 538 4024 scripserat
551 3947 609 4004 for·
647 3967 800 4022 congruere
819 3947 905 4006 dandi
925 3967 1022 4006 casum
1038 3946 1176 4021 junxisse,

108 4041 170 4087 urse
199 4027 320 4102 librarius
349 4027 448 4104 aliquis
478 4025 609 4087 sollemni
650 4047 684 4086 ex
711 4027 918 4106 interpolatoris
944 4039 1041 4086 eutem
1063 4029 1177 4106 lecytho

109 4127 175 4167 more
198 4106 299 4184 antiqui
321 4105 457 4184 temporis
479 4109 608 4176 dedimus,
651 4105 726 4164 istud
740 4111 769 4163 in
783 4106 900 4164 adlitum
914 4125 984 4165 esse.
1007 4106 1126 4166 HEUS.

110 4189 173 4246 unde
184 4200 272 4266 postea
281 4189 439 4252 ridebimur,
453 4185 521 4245 hinc
533 4189 609 4244 aide-
690 4183 798 4256 lNom
825 4189 949 4262 quomis
971 4189 1055 4245 dmm
1079 4190 1176 4261 docty-
1227 4257 1230 4262 Ι

110 4271 318 4326 naretcidemue
332 4266 438 4326 factum
452 4278 505 4325 est.
526 4269 610 4326 Certe
651 4267 720 4340 tau]
775 4266 861 4326 Paris.
903 4285 958 4326 rec.
1000 4269 1176 4343 dactylicam.

111 4350 136 4406 iu
165 4346 281 4425 Pompeii
315 4359 345 4405 et
379 4345 472 4404 Mallii
513 4346 610 4405 codice
653 4347 770 4405 HEUS.

113 4427 212 4506 Guelph.
230 4428 423 4494 combibuntur,
437 4425 542 4502 sarcire,
565 4429 609 4484 ia·
692 4437 716 4468 ¹¹¹
738 4425 888 4506 efflagitet]
911 4425 1037 4505 Guelplr.
1052 4435 1079 4484 ct
1090 4426 1179 4505 flagi-

114 4510 217 4576 drcerter,
234 4527 285 4586 pro
297 4506 609 4582 madantensocere,
653 4515 704 4566 tat.
727 4506 846 4567 HEUS.
