2980 5142
39 425 123 474 ΑΡ.
144 413 231 474 35.
299 419 306 432 ¹
416 398 623 472 Demetris
639 397 881 473 Horatianis.
1025 497 1027 506 Α
1108 411 1180 488 509

33 589 203 656 luntur
226 582 296 669 sic,
312 579 457 682 hippius
474 580 612 669 tertius,
632 579 726 677 [sive
739 581 849 654 etiam
863 578 1072 682 diiambus]
1091 580 1182 654 ioui·
1295 599 1300 608 “

34 727 106 775 :us
130 699 210 772 ἇπὸ
234 699 381 794 μείζονος,
399 697 577 797 dactylus,

258 815 349 878 Vides
363 822 401 878 nt
414 811 491 900 allio
504 821 565 878 stet
578 809 659 897 nivel
674 811 853 875 candidum.

37 923 401 1024 Τπερκαταληκτικός
418 924 481 1011 sic,
498 923 664 1024 epitritus
682 921 809 995 tertius
827 920 894 1010 bis,
912 921 1078 1020 semipes,

252 1041 365 1128 Sylvoe
378 1041 565 1126 labolranies
575 1039 730 1126 gelulqne.

38 1153 239 1234 Quartus
263 1151 327 1240 sic,
345 1149 522 1249 dactylus,
540 1147 783 1234 choriambus,
802 1145 984 1236 bacchius,

255 1265 417 1348 F'lnminal
433 1263 638 1345 constiterintl
653 1270 754 1326 acuto.

48 1377 154 1449 Hoc
196 1389 360 1448 metrum
396 1375 441 1448 ab
476 1373 631 1447 Horatio
665 1370 920 1470 compositum,
951 1371 1020 1444 alio
1054 1399 1183 1470 genere

52 1489 279 1576 scanditur,
303 1487 399 1586 quod
425 1501 566 1561 constat
594 1487 661 1559 ben
688 1487 804 1559 tribus
821 1486 988 1560 Alcaieis.
1033 1487 1182 1562 -Primus
1231 1494 1234 1500 '

56 1620 101 1678 et
121 1604 315 1678 secundus
333 1631 454 1677 versus
480 1629 525 1676 ex
551 1603 838 1703 penthemimere
864 1614 1004 1675 constat
1026 1601 1183 1676 iambico

62 1737 105 1794 et
132 1721 287 1794 duobus
314 1719 488 1818 dactylis:
512 1719 637 1792 tertius
660 1743 713 1820 ex
731 1718 881 1816 epitritis
905 1719 1019 1792 tertiis
1043 1719 1183 1792 duobus

66 1851 108 1910 et
127 1837 296 1936 syllaba:
323 1849 471 1933 quartus
492 1861 538 1908 ex
556 1834 709 1907 dimetro
726 1834 868 1920 ‘heron
887 1847 923 1906 et
939 1834 1094 1908 dimetro
1111 1848 1184 1907 tro-

70 1951 218 2024 cheico.

127 2065 292 2139 Decima
309 2063 390 2153 ode,
407 2059 565 2154 itinn,
582 2065 806 2164 Sapphicum
828 2077 984 2137 metrum
1008 2063 1185 2137 hendeea-
1199 2093 1230 2128 10

77 2181 265 2279 syllabum
297 2181 417 2266 hebet,
444 2193 480 2252 et
506 2207 570 2279 per
597 2193 789 2277 quaternos
819 2195 960 2252 eversus
992 2179 1184 2252 scanditur.

79 2295 134 2369 Et
158 2295 271 2368 habet
294 2307 365 2368 tres
390 2295 536 2385 similes,
553 2321 600 2368 ex
616 2296 748 2394 quibus
766 2320 860 2368 unus
878 2307 1021 2366 constat
1038 2320 1083 2366 ex
1110 2295 1186 2394 epi-

84 2410 172 2483 trito
189 2409 360 2497 secundo,
376 2410 597 2497 choriambo,
615 2423 652 2482 et
669 2409 832 2498 bacchio,
849 2408 911 2496 sic,

261 2525 408 2590 Mercuri
409 2525 567 2612 filando
581 2527 688 2612 neposl
699 2525 849 2589 Asnntts.

91 2635 136 2708 In
154 2634 250 2708 hunc
275 2633 424 2708 modum
450 2649 534 2708 sunt
558 2647 748 2732 sequentes
771 2633 844 2706 duo
872 2659 1002 2706 versus.
1054 2631 1185 2708 fVersu

93 2763 219 2847 quarto
244 2749 369 2850 recipit
387 2737 557 2848 strophen
577 2749 746 2824 heroicen
764 2751 893 2824 telicen
912 2749 1104 2836 dimetron,
1122 2750 1185 2838 sic,

26 2889 27 2894 ’
94 2865 266 2965 dactylus,
283 2864 494 2964 spondeus,

260 2989 355 3053 More
365 2989 532 3075 pollestris.

149 3105 347 3181 Undecima
365 3106 433 3180 ode
446 3107 666 3181 Phalaecium
686 3121 841 3185 metrum
863 3108 983 3198 habet,
996 3120 1032 3180 et
1044 3119 1186 3180 constat
1201 3137 1227 3171 ιι

104 3223 261 3307 versibus,
279 3222 342 3319 qui
360 3223 605 3296 &scanduntur
627 3224 689 3311 sic,
708 3225 899 3324 spondeus,
917 3224 1093 3324 dactylus,
1111 3223 1186 3296 ¹¹se-

107 3337 222 3436 mipes,
237 3335 411 3440 dactylus,
428 3338 596 3438 semipes,
613 3337 686 3412 duo
703 3339 849 3438 dactyli,

146 3614 201 3677 ber
213 3619 318 3676 duobus
332 3618 453 3687 sleeicis,
469 3617 576 3696 primus
591 3632 620 3677 et
638 3619 779 3678 secundus
798 3639 894 3678 versus
912 3639 945 3679 se
965 3623 1188 3699 penthemimere

113 3697 255 3756 iambicset
271 3699 381 3757 duobus
395 3699 526 3778 dactylis]
550 3718 583 3758 en
603 3701 689 3757 tribus
709 3703 820 3758 aleonis
837 3705 944 3776 primns
964 3711 991 3758 et
1011 3706 1143 3761 secundus
1161 3711 1188 3759 et

114 3781 225 3836 esconius
236 3781 330 3836 serbus
343 3797 376 3836 en
392 3788 602 3854 pentemerneres
625 3789 733 3838 constat
750 3783 865 3840 iambico
887 3791 915 3838 et
937 3783 1040 3839 dnobus
1061 3785 1187 3855 dactylis.

118 3861 198 3916 tertius
215 3877 244 3916 er
259 3862 377 3934 epitritis
397 3863 484 3918 tertiis
504 3863 608 3918 dnobus
621 3861 655 3917 A.
679 3879 712 3918 er
730 3863 963 3918 tribus—constat
978 3865 1091 3919 iambico
1113 3861 1187 3928 Veu.

38 4003 41 4010 ⁴
117 3939 288 4016 οειιιειοὶοο]
307 3941 388 3996 heroo
402 3941 437 3999 A.
533 3938 672 4015 Atinate]
691 3945 836 3999 tetracolos
849 3943 883 3998 A.
900 3941 989 4000 Ven'
1065 3952 1188 3999 eversus

119 4020 242 4096 procurrit.
281 4019 386 4077 Tribus
414 4019 553 4100 prioribus
584 4020 729 4078 scanditur
758 4021 882 4080 trocheo
909 4021 1037 4098 spondeo
1064 4022 1188 4079 trocheo

120 4099 197 4158 lumbo
209 4111 234 4156 et
246 4099 362 4157 bacchio
376 4100 540 4174 sic].versns
557 4103 698 4158 scanditur
718 4110 746 4158 et
765 4103 846 4158 liniret
863 4109 918 4158 tres
936 4103 1036 4158 similes
1049 4121 1082 4158 en
1096 4103 1190 4176 quibus

121 4198 178 4236 nnus
194 4187 287 4236 constat
303 4199 337 4236 en
354 4183 458 4238 dnobus
472 4181 634 4238 choriambis
647 4189 674 4238 et
688 4183 798 4239 bacchio
811 4184 849 4238 sic
863 4183 896 4239 A.
908 4185 1188 4256 procurrit-priori-

123 4260 161 4316 bus
172 4271 196 4317 et
208 4260 446 4319 crocino-tanto
460 4279 518 4318 om.
534 4261 607 4318 Veu.
720 4259 854 4322 ‘Quarto
869 4261 968 4340 recipit
982 4263 1128 4340 strophen,
1143 4260 1189 4318 vel

124 4340 189 4397 uicen
200 4340 298 4398 celicon
313 4340 480 4415 elimeteou]
496 4359 573 4398 sessu
587 4349 686 4416 quarto
700 4344 800 4416 recepit
813 4344 941 4418 strophen
956 4341 1080 4399 heroicon
1091 4343 1190 4398 telicen

124 4422 231 4478 dimetron
243 4423 275 4480 A.
359 4431 376 4477 Β
389 4420 430 4480 sie
444 4421 629 4494 scanduntur]
644 4424 813 4479 scanduntur
825 4425 864 4478 sic
874 4425 909 4480 A.
920 4423 993 4480 Ven.
1016 4425 1107 4500 Supra
1118 4424 1191 4498 pho-

126 4501 214 4559 lettinn
227 4501 294 4560 Veu.
390 4499 407 4544 ¹²
421 4503 564 4582 spondeus
578 4501 705 4579 dactylus
719 4501 840 4581 semipes
854 4501 982 4582 dactylus
996 4501 1118 4580 semipes
1133 4503 1190 4561 duo
