3012 5084
151 439 239 496 cn.
254 416 314 492 16.
342 417 407 494 De
424 415 580 517 saepae
596 413 894 516 erAvaisrropte
911 427 948 492 es
964 418 1104 517 Εμοοιο.
1210 431 1257 510 77

151 605 245 678 feras
262 603 416 700 'digitis
435 602 487 678 sic
509 615 546 675 et
569 601 734 700 stropbea
758 602 849 687 cols,
866 627 950 675 cum
978 602 1051 676 sint
1070 599 1260 678 dissimilia

152 721 190 792 in
210 719 377 819 proxima
389 717 507 818 epodo
523 713 700 813 subjectae
715 713 860 790 triados.
900 717 1120 792 Observabis
1136 730 1288 792 autema

152 849 196 908 ut
213 834 440 934 temporibus
458 853 530 906 non
548 831 696 932 syllabis
722 829 834 930 podes
849 829 1057 921 dividuant
1074 833 1260 906 solvantur

153 949 238 1024 duae
265 949 381 1048 longae
405 949 442 1021 in
463 959 666 1044 ‘quattuon
683 961 721 1019 et
737 945 918 1046 disyllabo
942 946 1036 1046 pede
1061 971 1126 1046 pro
1151 963 1259 1022 tetra·

155 1061 297 1160 syllabo
319 1061 444 1152 utaris,
467 1059 617 1159 parique
639 1059 718 1132 vice
742 1073 913 1155 quattuor
937 1061 1156 1160 syllabarum
1181 1063 1260 1136 bre-

154 1179 255 1252 vium
275 1193 441 1277 tempora
458 1178 498 1250 in
515 1177 588 1250 duo
605 1176 876 1262 contrahantur,
894 1175 991 1272 quod
1016 1202 1082 1276 per
1106 1179 1261 1252 necessi-

155 1305 268 1367 utem
297 1293 372 1366 lieri
400 1293 496 1383 licet,
520 1307 563 1366 ut
590 1307 653 1366 aut
677 1292 801 1366 divisoe
824 1315 977 1364 numero
1006 1289 1259 1392 respondeant,

156 1421 218 1482 aut
235 1407 439 1505 conjunctos
455 1421 661 1507 temporum
680 1406 825 1505 lspatiis
841 1419 1043 1492 occurrant,
1059 1406 1162 1504 quod
1173 1421 1211 1480 et
1223 1407 1259 1480 in

155 1525 303 1597 eceteris
318 1524 442 1596 metris
452 1525 608 1623 generali
620 1533 801 1623 praecepto
814 1521 1047 1594 servabimus.
1073 1521 1289 1612 Interhaee9

156 1655 241 1713 aunt
258 1637 426 1738 quaedam
452 1639 613 1712 cannino
631 1663 712 1737 quae
738 1636 1005 1735 Monoatropha
1022 1638 1260 1737 appellantur,

156 1753 276 1852 dquod
294 1752 384 1826 duaa
402 1752 571 1852 periodos
586 1767 623 1826 et
640 1779 699 1827 eas
720 1777 822 1852 pares
847 1751 1016 1842 babeant,
1033 1779 1150 1851 neque
1175 1777 1263 1854 epo-

155 1869 216 1956 do,
233 1869 373 1954 utalia,
390 1869 663 1942 concludantur.
710 1869 883 1941 Praeterea
901 1867 1076 1966 reperitur
1094 1891 1261 1942 nonnun-
1277 1903 1307 1939 ιο

156 2009 271 2084 quam
299 1984 506 2081 hujusmodi
530 1983 748 2084 compositio
773 2009 942 2056 versuum
970 1983 1006 2055 in
1031 1984 1262 2074 carminibus,

155 2129 230 2175 non
258 2115 300 2174 ut
324 2103 442 2200 prima
458 2102 675 2202 compositio
696 2095 862 2176 secundae
885 2099 1149 2199 compositioni,
1167 2099 1262 2173 sicot

156 2218 195 2290 in
223 2225 347 2319 στροφῇ
371 2231 410 2289 et
440 2219 677 2318 antistropho,
703 2214 949 2315 ‘respondeat
976 2215 1038 2288 sed
1074 2230 1114 2289 ut
1145 2216 1262 2315 prima

156 2332 286 2420 tertiae,
310 2332 467 2406 secunda
491 2347 625 2432 quartae
651 2330 780 2404 similis
807 2331 992 2416 habeatur,
1009 2355 1091 2427 quae
1115 2355 1263 2430 compo-

156 2445 242 2519 sitio
258 2448 342 2519 sard
356 2447 515 2544 aspiras-*qs
532 2450 727 2545 ἀνομοιομερῆ
748 2445 898 2520 dicitur:
925 2459 979 2518 eat
997 2447 1093 2518 enim
1118 2447 1262 2544 προκοπὴ

156 2585 305 2634 carmen
324 2562 523 2636 subsistens
540 2589 584 2635 ex
604 2561 750 2661 strophe
764 2575 800 2634 et
817 2559 830 2606 ¹
837 2561 1063 2660 antistropho
1080 2575 1117 2633 et
1133 2561 1262 2660 epodo,

157 2677 216 2750 vel
235 2676 304 2765 bis,
316 2677 372 2748 vel
391 2691 456 2768 ter,
468 2677 525 2750 vel
542 2675 696 2776 ¹'saepius
714 2701 858 2750 carmen
877 2676 1126 2750 iconcludatur
1141 2679 1164 2724 ⁴
1175 2709 1262 2772 μοοο·

155 2791 313 2888 aspirato
330 2791 547 2864 nominatur.
585 2791 624 2864 Si
640 2817 724 2865 vero
740 2791 929 2865 dissimilia
955 2792 1048 2864 inter
1067 2817 1105 2864 se
1123 2789 1158 2864 in
1176 2817 1262 2892 epo-
1279 2833 1305 2869 ιι

156 2905 215 2978 dia
240 2905 319 2978 cola
340 2904 551 3006 jungantur,
574 2904 829 3006 *scampinam
849 2919 1090 3006 nuncupatur,
1116 2907 1261 3004 quando

157 3047 233 3094 non
250 3019 432 3094 ¹sollemni
452 3023 733 3111 continuatione,
751 3023 813 3096 sed
830 3047 896 3122 per
912 3021 1118 3096 distantiam
1143 3037 1180 3096 et
1202 3049 1262 3097 va-

156 3135 324 3208 rietatem
354 3136 390 3208 in
419 3137 543 3236 epodis
570 3135 707 3238 periodi
734 3137 992 3232 compleantur.
1047 3137 1091 3212 ld
1109 3157 1174 3228 est,
1190 3151 1261 3212 tres

155 3263 292 3349 partes,
308 3262 399 3324 ”saa
416 3251 581 3349 equibus
597 3254 767 3352 pericope
784 3251 957 3338 subsistit,
970 3277 1051 3350 quse
1067 3253 1263 3354 ἀνομοιομερῆ

198 3477 214 3510 ¹
228 3464 335 3543 digitis,
350 3465 367 3502 *
382 3463 437 3540 sic]
454 3463 558 3546 digitis·
573 3466 616 3526 aio
626 3482 656 3527 at
669 3469 701 3528 P.
807 3479 824 3514 ⁸
836 3469 1163 3548 quatuor-dissyllabo]
1180 3484 1262 3550 quat·

158 3545 403 3636 tuor-disyllabo
415 3547 446 3604 P.
531 3543 794 3628 bspaciis—quod]
810 3549 1013 3630 spatiis-quse
1028 3552 1058 3608 P.
1152 3559 1262 3612 “ceste-

157 3626 211 3702 fis]
229 3639 332 3684 cerens
346 3625 378 3683 P.
460 3621 579 3704 dquod]
596 3647 659 3705 quse
673 3631 705 3688 P.
798 3631 1029 3708 ⁶respondeant]
1046 3629 1216 3709 respondeat
1230 3635 1262 3693 P.

156 3704 384 3783 ¹Antistrophe]
402 3705 589 3785 Antistropbo
604 3709 635 3767 P.
725 3707 871 3788 asapius]
888 3710 981 3789 sepius
998 3713 1029 3769 P.
1120 3708 1129 3752 ¹
1143 3714 1262 3773 conclu·

156 3787 218 3852 dat,
235 3785 253 3822 *
266 3785 455 3862 pamsplmss]
471 3787 664 3846 concludatur.
691 3797 876 3867 Massaepsrrmr
890 3792 921 3848 P.
937 3793 1075 3850 ad.Cam.
1157 3793 1264 3852 kunav-

158 3865 296 3942 ιοοΐκοιον]
311 3869 499 3942 amendam
513 3867 545 3926 Ρ.
627 3866 774 3945 lsolenni]
790 3869 920 3930 sollemni
934 3873 965 3931 P.
1048 3885 1072 3916 Ν
1086 3869 1146 3954 eas]
1165 3895 1197 3933 ea
1209 3877 1243 3934 P.

161 4033 318 4176 ..nst
332 4037 564 4177 artur
586 4039 694 4188 aar
734 4043 926 4182 arar
941 4045 1265 4186 anulatis*

318 4159 328 4187 ,
897 4167 905 4192 ‚
1045 4147 1075 4184 rn
1144 4149 1162 4185 n
1201 4149 1266 4188 nou

159 4197 299 4274 stropben
321 4209 351 4254 et
370 4195 565 4276 antistrophen
581 4213 611 4258 et
623 4221 694 4278 epo·
734 4143 986 4263 odispmanilestirm
997 4219 1048 4264 est.
1059 4207 1266 4268 CAMERAR.

160 4277 230 4345 don,
260 4295 380 4353 quarum
408 4296 584 4355 unaquaeque
610 4279 693 4340 dissi·
779 4301 824 4341 ro.
848 4284 890 4342 vel
910 4285 966 4360 bis]
989 4287 1079 4346 Forte
1102 4287 1266 4368 legendum,

159 4356 244 4416 milia
279 4367 370 4414 metra
402 4355 617 4436 complectatur,
648 4379 693 4420 re·
733 4364 813 4421 sicel
826 4365 874 4422 bis.
893 4365 1026 4425 COMM.

159 4436 306 4515 spondere
319 4447 416 4496 tamen
430 4437 566 4516 proximae
586 4440 694 4517 periodi
785 4443 823 4502 ib.
853 4445 1053 4523 concludatur]
1092 4445 1187 4509 loom
1220 4461 1265 4507 est

159 4517 302 4595 stropheu
315 4516 511 4596 antistropben
525 4531 557 4578 et
569 4521 693 4598 epodon,
736 4523 862 4583 mutilus.
883 4527 1033 4586 caman.
