3124 5120
283 411 353 487 146
665 407 788 484 Marii
807 404 994 484 Victorini
1228 429 1303 480 ure.
1321 429 1379 480 ιιι.

279 597 384 684 lium,
396 593 758 694 multiplicationibus
770 592 883 666 octies
901 589 1131 690 ‘quingentas
1143 611 1204 664 κη
1217 589 1381 664 differen-

280 711 349 784 tias
376 709 465 799 fleri,
491 735 584 806 quae,
607 709 642 781 in
668 733 848 781 summam
878 706 1023 802 majoris
1050 705 1191 778 numeri
1219 705 1382 793 redactae,

281 823 439 898 efficient
455 824 747 913 differentiarum,
765 823 897 921 quibus
915 824 1119 918 ἀσυνάρτητα,
1138 821 1173 893 id
1191 834 1246 893 est
1261 823 1384 894 incon-

281 965 387 1028 nexa,
399 940 628 1038 colliguntur,
638 951 809 1037 quattuor
826 936 940 1010 millia
956 957 1049 1008 ch1
1067 958 1209 1034 genera,
1222 961 1302 1033 quae
1320 961 1386 1034 per

283 1069 478 1128 metrorum
499 1054 675 1128 clausulas
693 1067 820 1128 mutua
839 1051 1031 1128 earundem
1057 1051 1292 1124 alternatione
1310 1049 1385 1124 effi-

284 1169 437 1244 ciuntur.

324 1370 431 1452 Car.
455 1367 530 1450 IV.
584 1369 690 1468 Quot
707 1395 758 1450 ero
777 1369 971 1477 dactylico
988 1368 1106 1450 lreroo
1123 1381 1345 1449 metrorum

358 1522 513 1604 genero
531 1495 773 1590 deriventur,
791 1507 830 1576 et
848 1496 896 1577 de
914 1522 1033 1577 versu
1045 1507 1313 1605 pentunwtro.

336 1651 657 1726 Considerantibus
684 1651 786 1725 nobis
814 1665 902 1751 quot
923 1677 969 1726 ex
991 1651 1170 1752 dactylico
1191 1653 1301 1725 heroo
1323 1675 1388 1749 per

288 1767 446 1865 singulos
485 1781 759 1865 prototyporum
802 1781 978 1840 Scanonas
1017 1781 1212 1840 metrorum
1253 1765 1388 1866 species

162 1890 164 1898 ’
288 1882 305 1929 ¹³
312 1895 554 1981 procreentur,
581 1881 772 1954 manifesta
797 1882 934 1954 ratione
959 1882 1096 1982 reperio
1125 1883 1278 1982 primam
1311 1881 1387 1977 ejus

289 1995 398 2071 veluti
423 1995 582 2067 sobolem
608 2021 628 2066 a
645 2009 871 2093 pentametro
888 2023 991 2070 versu
1010 1997 1173 2095 coepisse,
1190 1995 1287 2068 unde
1304 2022 1389 2068 con-

290 2109 454 2208 sequenti
489 2107 625 2180 ratione
653 2109 794 2182 initium
832 2111 987 2212 suscepti
1024 2111 1155 2211 ¹0peris
1184 2113 1229 2184 ab
1259 2108 1388 2184 eodem

289 2225 531 2314 *ordinemum
549 2223 646 2322 quod
674 2239 831 2300 metrum
848 2227 1288 2324 τεσσαρεσκαιδεκασῦλλαβον
1304 2233 1391 2297 Σαπ-

289 2338 378 2434 φικὸν
394 2355 431 2412 et
447 2338 586 2414 Αἰολικὸν
602 2337 745 2428 dicitur,
762 2341 858 2437 quod
878 2341 1054 2415 invenisse
1076 2341 1189 2414 fertur
1204 2341 1389 2415 Callinous

231 2511 250 2562 0
289 2457 484 2557 Ephesius,
498 2453 557 2529 alii
571 2483 654 2529 vero
668 2455 928 2530 Archilochum
942 2457 1018 2554 ejus
1033 2477 1214 2532 auctorem
1235 2455 1391 2530 tradide-

292 2587 390 2661 runt,
415 2569 562 2670 quidam
589 2569 857 2670 Colophonium
880 2571 1076 2668 quendam,
1103 2599 1210 2671 snper
1236 2596 1391 2669 qnorum

267 2689 466 2788 aopinione
487 2685 582 2786 apud
608 2687 862 2783 grammaticos
890 2713 1021 2784 magna
1047 2687 1220 2761 dissensio
1238 2703 1303 2761 est.
1355 2687 1392 2759 Is

295 2815 416 2875 autem
445 2825 568 2873 versus
595 2827 614 2870 a
644 2797 833 2870 duodecim
866 2799 1013 2897 syllabis
1042 2800 1079 2871 in
1106 2799 1392 2897 quattuordecim
1512 2887 1522 2904 ⁹

297 2915 435 3005 crescit,
458 2941 541 2987 nam
570 2915 792 3014 compositus
818 2929 872 2986 est
899 2915 944 2987 de
972 2915 1191 3002 hexametro,
1211 2916 1259 2988 ita
1283 2929 1324 2988 ut
1349 2913 1394 2986 de

296 3031 403 3106 tertio
422 3028 512 3128 pede
537 3043 674 3128 partem
694 3029 863 3102 orationis
881 3031 1086 3130 complente
1112 3032 1265 3130 semipes
1292 3031 1396 3104 tolla-

296 3159 366 3230 tur,
384 3169 494 3241 quem
512 3142 712 3240 spondeum
731 3171 808 3216 esse
825 3143 954 3218 debere
971 3145 1007 3218 in
1026 3145 1177 3220 dubium
1197 3173 1269 3219 non
1288 3146 1397 3218 venit.

299 3261 466 3356 Itemque
484 3285 529 3330 ex
549 3259 677 3330 ultimo
694 3259 785 3357 pede
802 3257 969 3357 ¹adaeque
992 3275 1173 3360 postrema
1191 3261 1329 3361 syllaba
1344 3287 1398 3333 re-

300 3374 473 3461 trahatur,
492 3385 531 3443 ut
548 3388 613 3459 est,

301 3487 529 3582 Murspuier
540 3485 613 3557 lnce
622 3487 776 3581 pateris,
788 3513 864 3586 que
878 3515 942 3562 nos
951 3515 1091 3589 quoque
1098 3517 1205 3588 posse
1214 3515 1404 3590 negamus,

272 3617 287 3665 ³
302 3601 425 3697 Hujus
443 3613 469 3646 ¹¹¹
475 3599 790 3698 penthemimeres,

501 3729 612 3805 Mors
624 3741 736 3828 puter
754 3732 827 3805 hcc
838 3735 993 3830 poteris.

303 3831 465 3918 Dehinc,

508 3929 598 4007 Qun
614 3953 679 4002 nos
694 3955 834 4028 qnoque
844 3955 950 4028 posse
966 3957 1154 4031 negamus.

306 4061 430 4134 Minor
448 4061 569 4156 itaque
589 4060 799 4134 hexametro
816 4062 869 4133 vel
890 4063 1003 4136 tribus
1021 4066 1075 4136 vel
1094 4065 1234 4138 duabus
1258 4065 1404 4164 syllabis

346 4248 539 4329 squirrgenta]
555 4251 724 4330 quingentas
739 4254 771 4310 P.
863 4258 1030 4331 tcanones]
1047 4275 1170 4314 anonas
1185 4260 1216 4316 P.
1306 4255 1405 4335 l¹prn·

307 4333 449 4424 creantur]
466 4344 647 4423 procreentur
661 4334 691 4390 P.
782 4329 791 4374 ¹
805 4333 910 4454 operis]
926 4336 1020 4413 operis
1034 4337 1070 4394 de
1084 4355 1165 4396 versu
1179 4349 1357 4416 pentametro
1372 4339 1405 4397 P.

306 4407 324 4454 k
337 4409 516 4486 ordmemus]
532 4411 693 4468 ordmemnr
707 4413 739 4468 P.
844 4414 971 4491 adoeque]
989 4429 1073 4493 atque
1086 4417 1117 4474 P.
1209 4428 1233 4460 ¹¹¹
1247 4418 1407 4496 penthemi-

309 4489 407 4565 meris]
422 4489 660 4568 penthemimeres
674 4491 708 4550 P.
