3012 5084
303 341 347 404 12
685 321 806 397 Marii
827 319 1008 396 Victorini
1278 343 1357 391 arn.
1391 339 1417 388 1
1431 371 1447 387 .

300 525 337 586 et
353 509 558 610 productae:
585 531 707 580 overo
724 519 761 579 et
781 531 846 604 pro
863 505 959 578 brevi
978 517 1015 578 et
1031 529 1096 604 pro
1113 503 1221 602 longa
1238 516 1274 576 et
1291 527 1363 601 pro
1396 527 1448 571 u

301 627 417 727 posita
444 636 518 707 est;
544 619 734 718 eidemque
762 619 889 692 litterae
915 620 952 692 in
984 617 1235 692 ¹1dativocaau
1262 617 1447 712 adjecta

259 755 357 826 uest
383 740 407 812 i.
461 737 502 810 Υ
513 763 659 835 quoque
683 749 720 808 et
743 761 809 808 suo
826 761 914 808 sono
935 735 1049 833 posita
1067 747 1132 820 est,
1151 747 1188 806 et
1211 733 1443 829 subjuncta

303 857 430 928 litterae
448 854 483 942 ir,
501 852 559 926 ¹ut
576 851 671 952 apud
691 877 755 923 nos
772 875 937 948 quoque:
965 851 1052 923 item
1071 849 1210 947 adjecta
1229 849 1358 922 litteris
1395 873 1442 920 α

304 985 341 1044 et
354 997 374 1043 e
385 969 471 1042 facit
482 967 675 1066 syllabam:
694 966 842 1064 ¹¹¹posita
853 979 908 1038 est
920 979 957 1038 et
969 991 1035 1064 pro
1047 964 1145 1038 brevi
1158 977 1195 1037 et
1207 989 1273 1063 pro
1284 964 1438 1062 longa,

262 1113 291 1162 τε
305 1113 388 1161 cum
408 1086 534 1159 Graece
561 1111 624 1183 per
640 1117 656 1156 υ
674 1083 875 1156 scribimus.
930 1081 972 1155 V
981 1080 1147 1153 similiter
1163 1091 1200 1152 et
1222 1105 1287 1178 pro
1303 1079 1434 1150 brevi

305 1215 343 1276 et
359 1227 424 1300 pro
441 1203 559 1297 longa,
577 1199 766 1297 nquotiens
784 1197 1064 1272 consonantibus
1090 1196 1251 1293 subjecta
1268 1207 1323 1266 est
1340 1219 1435 1292 pro

307 1329 394 1392 o⁰et
410 1349 437 1389 v.
478 1315 595 1389 Graeei
621 1315 865 1412 sequebantur
890 1339 1018 1386 sonum
1040 1309 1293 1386 tantummodo
1310 1308 1435 1381 litte-

307 1457 425 1506 rarum
450 1440 551 1526 θφχ
575 1429 785 1530 priusquam
811 1457 832 1502 a
857 1426 1045 1502 Simonide
1070 1427 1325 1508 invenirentur,
1344 1447 1433 1494 ex-

308 1547 514 1647 primebant
532 1545 641 1641 juxta
658 1578 678 1617 τ
694 1558 731 1617 et
748 1543 857 1640 juxta
873 1575 897 1616 a
922 1556 981 1616 ret
996 1543 1104 1639 juxta
1120 1576 1140 1614 κ
1157 1538 1429 1640 adspirationis

266 1686 297 1737 2⁶
311 1676 432 1736 notam
453 1669 483 1732 H
503 1659 682 1760 ponendo.
735 1665 788 1736 ‘OE
805 1673 925 1733 autem
943 1660 1040 1732 varie
1063 1685 1161 1731 nunc
1185 1681 1250 1756 per
1264 1689 1284 1729 κ
1300 1669 1338 1728 et
1354 1671 1428 1743 ῐεν,

310 1803 408 1852 nunc
434 1802 497 1874 per
519 1789 595 1872 yet
621 1811 646 1857 ς.
698 1776 793 1849 Item
816 1786 842 1862 ψ
863 1801 960 1850 nuno
985 1803 1049 1876 per
1071 1783 1125 1864 βς,
1149 1801 1246 1848 nunc
1268 1803 1333 1876 per
1357 1809 1425 1858 πς.

312 1893 455 1976 Quibus
482 1892 591 1964 nostri
619 1903 656 1981 ’ζ
670 1905 854 1990 acceptam
872 1893 911 1965 in
930 1894 1003 1964 line
1020 1917 1165 1964 suarum
1190 1905 1423 1990 posuerunt:

311 2008 458 2106 reliquis
485 2021 605 2080 autem
633 2008 682 2081 ita
705 2008 877 2098 scribunt,
896 2021 973 2080 uta
992 2007 1127 2080 Graecis
1154 2020 1238 2080 sunt
1260 2005 1424 2080 traditae.

269 2143 298 2194 ²7
313 2123 357 2196 1⁷
367 2149 450 2196 vero
467 2123 595 2196 eodem
621 2122 745 2195 ordine
771 2122 944 2222 scriptum
972 2123 1159 2211 babemus,
1177 2147 1251 2218 quo
1271 2121 1333 2210 illi,
1358 2147 1425 2193 re-

314 2239 387 2312 cisa
404 2241 546 2310 ttamen
566 2238 703 2335 virgula
721 2239 849 2334 juxta:
877 2239 928 2312 sic
944 2237 1066 2335 uquod
1091 2237 1187 2338 apud
1206 2239 1285 2310 illos
1304 2237 1426 2333 junc-

314 2369 393 2428 tum
417 2389 434 2425 v
456 2353 582 2426 litterae
605 2386 619 2426 o
641 2353 727 2426 facit
750 2353 938 2451 syllabam,
961 2354 1070 2426 nostri
1092 2356 1201 2426 etiarn
1225 2353 1422 2450 'quotiens

314 2469 475 2567 ejusdem
503 2467 579 2541 soni
607 2467 714 2566 longa
731 2470 868 2567 syllaba
886 2467 1074 2544 scribenda
1091 2485 1184 2542 esset
1200 2483 1237 2542 et
1259 2469 1327 2569 ipsi
1353 2468 1422 2540 ad-

266 2583 279 2612 '
309 2585 514 2684 jungebant
531 2609 551 2655 n
572 2583 710 2656 litterae.
763 2584 853 2658 Inde
871 2587 1043 2685 scriptum
1071 2587 1189 2684 legitis
1209 2585 1420 2670 Louoetios,

273 2723 303 2770 aa
317 2702 495 2792 annatim,
511 2714 549 2773 et
567 2699 719 2789 laomen,
738 2714 773 2773 et
790 2716 918 2775 cetera.
954 2701 1025 2775 Sed
1043 2728 1111 2774 nec
1131 2727 1161 2801 g
1178 2700 1324 2798 quidem
1346 2727 1420 2773 nec

317 2845 340 2916 q
353 2818 505 2891 Latinus
524 2843 641 2890 sermo
656 2817 877 2891 introduxit:
896 2843 940 2890 ex
959 2818 1091 2914 quibus
1104 2845 1127 2916 q
1140 2831 1177 2890 et
1193 2817 1303 2889 fuisse
1321 2815 1420 2915 apud

318 2933 479 3022 Graecos,
497 2946 533 3004 et
550 2959 660 3029 quare
677 2932 854 3006 desiderat
878 2932 982 3031 fungi
1007 2933 1086 3005 rice
1112 2933 1240 3006 litterae
1266 2957 1418 3030 cognos-

318 3073 397 3120 cere
432 3048 592 3145 potestis,
622 3049 650 3119 si
685 3049 899 3147 pontificum
935 3049 1044 3121 libros
1079 3047 1286 3147 'legeritist
1323 3073 1419 3120 nunc

276 3191 306 3244 ²9
320 3161 417 3233 enim
437 3161 532 3258 apud
551 3163 693 3234 Graecos
713 3162 821 3257 juxta
837 3175 883 3236 *π
900 3176 953 3236 est
973 3163 1111 3262 posita;
1135 3169 1167 3254 9
1183 3177 1303 3237 autem
1324 3163 1419 3260 apud

1141 3310 1174 3349 ec

361 3363 377 3407 ¹¹
401 3364 495 3423 dativo
517 3385 583 3423 casu
603 3365 713 3439 adjecta
734 3379 778 3426 est
799 3371 823 3444 i]
852 3369 973 3430 dicativo
996 3391 1063 3430 casu
1085 3370 1218 3446 adjuncta
1239 3385 1283 3430 est
1303 3395 1363 3430 rara
1384 3370 1418 3426 P.

320 3444 330 3490 ¹
345 3457 376 3504 ut
390 3448 448 3521 est]
468 3461 498 3504 ut
511 3447 543 3504 P.
647 3458 670 3488 ¹²¹
686 3450 778 3524 posita
791 3451 847 3525 est]
866 3449 1017 3528 positocest
1031 3453 1062 3510 P.
1165 3463 1181 3494 ὓ
1195 3453 1306 3530 quoties
1320 3469 1419 3509 conso-

323 3527 471 3601 nantibus]
489 3525 621 3604 qnntiens
634 3545 795 3587 consonant
809 3531 839 3589 P.
948 3541 963 3573 ⁰
977 3543 1007 3590 et
1020 3533 1047 3608 υ]
1062 3545 1092 3591 et
1104 3554 1124 3610 y
1139 3533 1171 3590 P.
1276 3543 1292 3588 P
1306 3543 1335 3589 et
1348 3532 1374 3604 κ]
1389 3543 1420 3588 et

317 3607 476 3684 juxtaxP.
558 3609 659 3683 (ΙΞΗ
682 3609 713 3667 P.
804 3611 1006 3685 rade-cp,
1021 3613 1105 3672 etsie
1120 3633 1194 3670 mor.
1277 3610 1417 3688 sfizP.

323 3688 394 3746 Mox
408 3689 656 3762 reliqnnaPutscb.
719 3689 870 3763 ttanturn]
887 3705 982 3751 tamen
996 3695 1027 3752 P.
1092 3693 1278 3770 uquod-n-n]
1294 3713 1375 3769 (μα-ο
1386 3692 1418 3748 Ρ.

323 3789 342 3826 u
356 3781 423 3826 ante
436 3771 508 3844 quod
522 3769 628 3828 addidit
644 3770 758 3829 Putsch.
849 3781 864 3812 V
879 3773 1001 3850 quoties]
1018 3773 1148 3853 quotiens
1163 3774 1194 3831 P.
1287 3783 1309 3814 '¹
1323 3772 1419 3850 legeri-

324 3849 373 3926 tis]
390 3849 519 3928 legeretis
533 3851 564 3908 P.
648 3854 746 3926 'ts-s]
762 3854 849 3925 η-(ἰ
889 3854 919 3911 P.

366 3982 404 4040 29
431 3961 476 4019 Al.
495 3961 580 4034 juata
600 3987 618 4019 π
640 3971 679 4019 est
703 3965 805 4038 posito.
831 3964 856 4019 G
895 3964 976 4022 detur
990 3967 1116 4036 innuere,
1136 3968 1241 4043 Gpnat
1254 3991 1266 4022 a
1279 3967 1309 4024 in
1325 3983 1419 4022 nume·

325 4051 416 4101 autem
430 4045 505 4118 opud
523 4045 629 4100 Graecm
646 4045 749 4100 obtinet
763 4051 856 4100 antam
897 4065 991 4102 rorum
1016 4049 1092 4104 notia
1113 4047 1181 4123 poni
1199 4059 1229 4104 et
1247 4065 1295 4104 sex
1316 4043 1419 4122 signifi·

326 4126 433 4180 numeri
452 4141 506 4180 sen.
528 4135 558 4180 at
579 4143 606 4201 p.
618 4140 667 4197 30.
684 4123 741 4196 (ed.
758 4126 854 4182 Sanct.
895 4145 969 4191 care,
984 4131 1065 4205 cujus
1087 4127 1174 4204 figura
1189 4128 1249 4184 haeo
1263 4138 1308 4184 est
1326 4129 1359 4190 γ’.
1395 4127 1420 4190 Q

327 4204 402 4278 soil.)
419 4203 458 4261 ait
476 4204 626 4261 Gnamero
643 4207 745 4262 seruire
763 4213 790 4262 et
805 4223 854 4263 no·
897 4225 974 4274 vero,
997 4220 1063 4285 post
1085 4233 1114 4274 a,
1140 4207 1295 4286 nonaginta
1319 4219 1417 4274 notare,

327 4287 443 4358 noginto
470 4285 632 4360 significare.
668 4284 747 4343 Prior
778 4285 857 4343 locus
897 4285 1148 4361 cujuslormatalia
1163 4296 1194 4368 ζε
1218 4286 1418 4346 hancinGlns·

328 4364 454 4430 mutilus,
479 4364 618 4442 posterior
640 4384 716 4435 vero,
742 4367 766 4423 si
788 4367 856 4424 satia
898 4367 935 4425 sia
947 4368 1026 4434 Cofe,
1041 4367 1157 4427 alteram
1171 4370 1265 4428 erinon
1280 4367 1367 4426 vocari
1380 4385 1417 4424 re·

327 4463 424 4513 cerno,
441 4443 543 4503 falsus..
573 4445 605 4503 Id
620 4458 714 4505 autern
729 4445 800 4504 mihi
816 4446 855 4504 vi·
899 4447 985 4526 perio.
1014 4449 1146 4509 COMM.
1188 4451 1283 4508 Docet
1310 4467 1367 4508 esse
1394 4449 1417 4512 Q
