3124 5120
148 447 235 496 car.
254 437 295 498 3.
495 421 554 496 De
572 423 799 520 Anopaestico
816 434 941 497 metro.
1194 437 1259 498 105

148 621 255 697 cunt,
282 605 550 706 exprimuntur,
573 619 610 678 et
636 631 699 705 pcr
724 605 1008 704 interjectionem
1035 606 1260 706 quorundam

149 723 377 796 'affectuum
411 720 495 794 solae
529 721 732 808 efferuntur,
763 736 803 794 ut
838 721 956 810 Eheu,
985 722 1110 820 Papo,
1141 721 1262 796 Baba.

149 837 238 910 Erit
255 863 346 933 ergo
365 848 635 910 monometnrm
663 836 917 936 anapaesticurn
946 839 1207 922 catalecticum,
1226 835 1261 910 id
1275 851 1303 900 ³¹

152 967 223 1038 est,
241 975 415 1050 suprema
432 951 540 1048 longa
557 949 760 1040 deficiente,
778 953 867 1024 tale:

415 1065 577 1162 Propero
589 1066 692 1162 pede.

154 1183 254 1254 Sane
290 1197 477 1253 memento
504 1193 619 1252 metra
648 1180 855 1275 hujusmodi
884 1184 1042 1255 variein
1074 1187 1146 1256 fine
1180 1210 1308 1259 con-³2

154 1296 271 1384 clodi,
298 1296 393 1367 sicut
417 1309 454 1368 et
479 1309 618 1368 cetera:
645 1321 728 1366 nam
757 1311 819 1368 aut
843 1298 1050 1384 acatalecto,
1079 1313 1140 1370 aut
1170 1313 1263 1371 cata·

157 1412 303 1496 lectica,
340 1423 402 1483 aut
440 1410 760 1509 brachycatalecto,
795 1427 855 1484 aut
900 1412 1186 1510 hypercatalecta
1220 1415 1265 1485 ab

158 1527 372 1601 auctoribus
389 1541 615 1626 promuntur,
633 1541 672 1598 ut
690 1553 796 1625 supra
813 1525 1049 1599 ostendimus.
1094 1527 1144 1600 Et
1161 1554 1266 1627 super

161 1643 234 1716 hoc
253 1641 440 1714 hactenus.

211 1760 405 1840 Quantum
434 1769 554 1828 autem
583 1757 626 1830 ad
655 1771 812 1830 metrum
838 1757 1019 1831 comicum
1051 1769 1200 1857 spectat,
1227 1770 1267 1830 ut
1279 1781 1310 1828 ss

162 1873 355 1972 paululum
373 1897 577 1970 evagemur,
595 1872 670 1945 scio
687 1873 861 1970 plurimos
880 1872 1068 1946 adfirmare
1084 1872 1268 1946 'ferentia-

161 2015 230 2060 nas
248 1985 328 2058 bvel
347 1986 507 2058 maxime
524 1985 662 2059 fabulas
680 2001 835 2060 metrum
854 2015 895 2062 ec
907 1987 1133 2087 disciplinam
1148 1989 1268 2061 ‘Gra-

163 2125 290 2173 carum
318 2099 578 2174 comodiarom
608 2129 679 2174 non
706 2101 915 2193 custodisse,
934 2103 969 2174 id
988 2116 1054 2188 est,
1071 2129 1159 2200 quas
1186 2103 1269 2176 Me-

164 2213 316 2303 nander,
334 2215 535 2301 Philemon,
552 2215 728 2316 Diphilus
754 2229 791 2289 et
805 2217 912 2290 ceteri
937 2217 1138 2290 ediderunt.
1191 2217 1268 2290 No-
1281 2239 1312 2286 ss

164 2329 230 2402 stri
249 2330 345 2402 enim
373 2330 410 2402 in
439 2329 667 2403 modulandis
694 2333 817 2406 metris
843 2359 904 2405 seu
932 2333 1113 2431 rhythmis
1139 2333 1268 2406 veteris

165 2443 358 2518 comoediae
377 2444 565 2543 scriptores
592 2445 692 2544 sequi
720 2448 936 2534 maluerunt,
955 2447 989 2520 id
1014 2462 1080 2532 est,
1097 2447 1268 2546 Eupolin‚

165 2559 394 2640 ‘'Cratinum,
411 2559 702 2658 Aristophanem.
755 2563 925 2660 Prologos
946 2561 1067 2658 itaque
1085 2573 1121 2632 et
1137 2563 1270 2660 prims·
1282 2579 1313 2628 ss

167 2702 249 2748 rum
264 2701 451 2748 scenarum
466 2691 565 2750 actus
583 2678 754 2750 trimetris
767 2675 1130 2775 comprehenderunt,
1139 2673 1270 2750 deinde

167 2790 412 2888 longissimos,
438 2789 473 2863 id
505 2805 571 2882 est,
597 2807 821 2866 tetrametros
847 2789 1095 2880 subdiderunt,
1121 2793 1181 2890 qui
1207 2819 1270 2892 ap-

167 2906 350 3006 pellantur
364 2904 538 3002 quadrati.
591 2909 718 2980 Postea
737 2907 771 2980 in
796 2905 1098 3003 consequentibus
1116 2907 1271 2979 variave·
1283 2925 1315 2986 ³⁶

168 3033 276 3094 runt:
303 3017 429 3092 ‘modo
454 3021 552 3094 enim
579 3025 771 3112 trimetros,
794 3021 904 3095 modo
928 3021 1049 3094 addito
1075 3023 1272 3120 quadrante

168 3137 226 3209 vel
244 3135 393 3208 semisse
412 3153 617 3234 posuerunt,
632 3139 669 3211 id
688 3153 752 3224 est,
771 3137 954 3238 semipede
972 3137 1123 3234 adjecto,
1140 3137 1194 3208 vel
1219 3137 1272 3208 in-

169 3269 274 3350 tegro
299 3249 393 3350 pede
419 3252 552 3342 iamb0,
576 3253 629 3325 vel
656 3251 879 3352 sesquipede.
933 3251 1024 3324 Haec
1046 3277 1110 3351 per
1135 3251 1272 3324 medios
1284 3266 1316 3318 ³⁷

171 3380 275 3441 actus
305 3365 410 3438 varie.
463 3365 600 3440 Rursus
636 3367 673 3440 in
702 3369 801 3440 exitu
832 3365 1034 3440 fabularum
1069 3365 1272 3464 quadratos,

170 3484 297 3583 quales
315 3482 473 3556 diximus
491 3483 526 3556 in
546 3483 837 3570 secundamus,
855 3484 1028 3556 locarunt.
1065 3481 1135 3556 Sed
1152 3483 1271 3556 eidem

171 3597 337 3698 quadrati
358 3597 508 3695 legitimi
527 3625 611 3671 cum
631 3597 787 3672 sedecim
812 3597 958 3696 syllabis
977 3597 1086 3694 juxta
1104 3596 1166 3694 jus
1193 3623 1274 3698 pro-

172 3714 294 3814 prium
310 3727 471 3784 constare
488 3710 654 3802 debeant,
672 3713 884 3812 plerumque
898 3714 1129 3787 inveniuntur
1145 3712 1273 3812 viginti

175 3841 239 3900 aut
267 3827 422 3924 amplius
453 3827 692 3924 syllabarum:
723 3827 808 3902 hinc
841 3827 1090 3902 haestimantur
1119 3841 1274 3901 metrum

176 3969 250 4014 nou
268 3941 439 4028 tenuisse,
457 3966 524 4014 nec
541 3968 604 4014 sua
622 3940 701 4040 lege
718 3942 973 4041 composuisse.
1006 3942 1112 4024 Quod
1131 3969 1214 4014 vero
1230 3941 1274 4013 ad
1288 3948 1320 4008 ³8

218 4103 235 4136 ⁸
248 4091 414 4164 affectuum]
432 4090 579 4148 effectuum
595 4093 625 4149 P.
641 4091 686 4150 ed.
702 4095 783 4151 Cam.
879 4093 892 4130 b
907 4092 1042 4167 maxime]
1060 4093 1101 4151 vel
1113 4090 1275 4151 maximeP.

177 4173 224 4250 qui
238 4171 332 4250 paullo
347 4183 422 4238 ame,
436 4189 594 4248 evagemus.
671 4173 874 4246 cGraecorum]
891 4177 1054 4232 Graecorum
1070 4174 1100 4230 P.
1177 4168 1277 4230 *Cra-

177 4253 270 4310 tinum
285 4251 510 4328 Aristophanem.
532 4252 682 4330 Prologus]
700 4255 843 4310 Craticum
858 4252 1078 4330 Aristophenon.
1095 4251 1230 4330 Prologus
1245 4254 1276 4310 P.

178 4331 450 4406 ¹n10d0]mon01³.
528 4331 641 4407 sitem]
658 4333 861 4390 idemP.eum
877 4333 973 4390 Rufin.
1055 4331 1275 4404 haestimanrur]

178 4412 337 4471 estimatur
350 4412 383 4470 P.
404 4408 599 4470 existimantur
614 4413 710 4470 Rullo.

221 4559 271 4616 33.
286 4537 446 4619 Qtrantum]
465 4541 548 4616 Seqq.
563 4543 633 4598 citat
647 4543 707 4600 Ru·
791 4541 828 4599 ib.
845 4543 981 4615 metrum]
999 4560 1109 4600 rer-sum
1124 4542 1222 4599 Rufio.

180 4624 255 4680 finus
268 4623 304 4680 de
318 4621 403 4680 Metr.
418 4621 501 4680 Com.
517 4641 544 4698 p.
558 4637 645 4696 2707.
791 4619 829 4679 ib.
845 4623 892 4695 ac]
910 4622 944 4678 ad
960 4622 1056 4679 Rufio.

731 4721 753 4770 P
