3100 5142
184 409 266 462 car.
282 405 316 478 2,
329 401 363 461 3.
488 387 607 460 Atilii
623 387 884 462 Fortunationi
900 387 988 462 Ars.
1211 402 1284 462 313

372 647 474 732 Car.
499 649 559 730 II.
609 652 674 734 Dc
693 651 939 734 Archebuleo
957 666 1096 735 metro.

231 809 499 886 ‘Archebuleus
525 809 666 910 accepit
690 837 824 894 nomen
843 837 977 901 versus,
994 836 1068 886 non
1094 811 1190 910 quod
1216 813 1285 886 Ar-

181 926 360 1001 chebulus
390 953 475 1000 eum
507 925 693 1014 invenerit,
720 955 805 1002 nam
836 927 1074 1020 Stesichorus,
1103 929 1285 1027 antiquior

182 1043 245 1116 illo
261 1057 380 1142 poeta,
397 1056 435 1117 et
451 1042 587 1142 ibycus
600 1055 638 1116 et
654 1043 828 1118 Pindarus
845 1058 883 1119 et
900 1045 1105 1120 Simonides
1122 1045 1177 1120 usi
1199 1060 1284 1120 sunt

182 1185 237 1244 eo,
272 1157 336 1231 sed
368 1157 502 1257 passim
527 1171 569 1232 et
602 1159 830 1258 promiscum
872 1159 1122 1236 sarchebutus
1161 1173 1282 1236 autem

182 1274 269 1371 quia
286 1299 429 1346 carmen
448 1299 494 1346 ex
521 1271 591 1346 hoc
617 1299 691 1347 uno
714 1301 844 1374 genere
861 1277 1076 1376 composuit,
1094 1277 1284 1352 Archebu-

182 1391 279 1462 leum
298 1390 527 1464 nominatum
545 1403 611 1464 est
642 1390 757 1490 Origo
772 1391 850 1488 ejus
868 1391 1034 1466 heroicus
1052 1392 1311 1467 hexametrus²

181 1521 258 1590 est;
285 1507 509 1605 exemplum,
1226 1500 1231 1526 ³

273 1623 349 1686 Tibi
362 1623 508 1687 amciter
521 1643 611 1688 omm
619 1645 729 1711 pem,
744 1625 801 1692 ttbt
814 1625 925 1690 erucii
938 1623 1068 1687 blata.

180 1759 291 1830 quem
309 1733 419 1808 facies
445 1733 597 1808 heroum
616 1735 867 1810 hexametrum
885 1733 1033 1831 adjectis
1050 1732 1189 1807 duabus
1212 1734 1284 1833 syl-

182 1849 285 1935 labis,
302 1849 377 1924 sict

267 1965 357 2028 Nam
371 1965 429 2030 titt
443 1966 590 2030 metior
602 1985 692 2030 orma
700 1985 819 2052 petam
843 1965 901 2029 tibi
915 1967 1027 2032 creedt
1039 1973 1070 2030 et
1082 1965 1189 2030 herba.

181 2083 250 2158 Est
267 2097 388 2158 autem
409 2083 470 2158 hic
486 2109 610 2159 versus
632 2083 889 2184 anapestious3
916 2085 1001 2182 quia
1024 2085 1163 2184 primus
1182 2084 1281 2158 heroi

183 2199 384 2274 hexametri
418 2197 584 2297 dactylus
627 2199 803 2298 syllabam
841 2199 989 2286 amittit,
1022 2200 1168 2298 reliquae
1202 2199 1282 2274 duta

182 2315 307 2389 breves
318 2315 481 2412 jungunt
496 2341 535 2388 se
553 2315 670 2413 longae
688 2315 903 2412 insequenti,
916 2327 953 2388 et
969 2313 1137 2414 deinceps
1155 2329 1282 2390 cetere

181 2430 220 2504 in
251 2429 402 2504 candem
432 2431 626 2506 formulam
656 2432 817 2506 veniunt.
869 2429 952 2504 Nec
982 2428 1142 2506 itantum
1172 2431 1310 2506 heroos

182 2545 395 2620 hexametro
417 2544 479 2620 '‘se
498 2546 622 2645 jungit
647 2546 708 2620 hic
724 2573 860 2636 versus,
881 2546 943 2620 aed
970 2546 1079 2620 etiam
1105 2561 1188 2646 post
1210 2561 1281 2622 tres

181 2671 381 2760 anapaestos
399 2661 538 2738 accedit
554 2661 599 2734 ad
616 2662 831 2736 trimetrum.
882 2661 981 2736 Nam
1000 2661 1115 2760 possis
1128 2688 1211 2734 eum
1231 2663 1282 2735 ric

181 2805 441 2880 componere..

358 2895 434 2959 Tttt
445 2897 556 2960 creant
569 2894 666 2960 herba
679 2893 815 2960 solitam
829 2902 926 2961 testor
934 2913 1051 2980 genae.
1137 2931 1142 2948 ·

182 3003 258 3078 Hic
283 3029 405 3078 versus
428 3003 649 3103 dactylicum
675 3001 806 3082 lmolle
831 3029 974 3076 summa
996 3029 1079 3075 cum
1097 3002 1282 3102 voluptate

182 3119 322 3194 aurium
349 3120 517 3205 lmcludit;
543 3121 677 3219 dequo
699 3143 782 3192 cum
810 3143 865 3190 res
892 3117 1083 3215 ¹'coegerit
1109 3118 1211 3216 plura
1228 3117 1282 3190 di-

180 3248 318 3309 centur.
356 3233 425 3308 Est
442 3247 562 3308 autem
581 3247 839 3334 pentametrua,
856 3259 902 3306 ex
928 3233 1117 3333 anapoestis
1141 3246 1283 3306 constat

181 3349 254 3423 fere
279 3349 445 3450 pedibus,
471 3349 600 3449 recipit
622 3348 812 3449 spondeos,
835 3349 1017 3422 ⁰cluditur
1042 3348 1279 3422 antibacchio.

181 3465 242 3539 De
256 3467 383 3540 ultima
397 3467 535 3566 syllaba
548 3465 665 3540 brevis
683 3493 727 3538 an
746 3466 855 3565 longa
869 3465 916 3538 sit
926 3463 1003 3562 jam
1019 3489 1280 3564 supervacuum

180 3595 235 3655 est
250 3581 475 3655 radmonere.

402 3780 504 3862 Car.
530 3778 613 3861 ΙΙΙ.
664 3781 729 3862 Dc
748 3779 1057 3890 Hipponensis

228 3929 341 4004 Nunc
366 3927 411 4002 ad
437 3927 716 4030 ‘¹Hipponactea
732 3929 931 4002 veniamus.
975 3927 1087 4023 Cujus
1105 3925 1150 3998 de
1173 3937 1280 3998 tetra·
1326 3943 1328 3948 '

219 4191 443 4268 ‘Archebuleud
460 4194 640 4252 Arctatateus
653 4193 691 4252 V.
707 4193 755 4270 qui
769 4211 835 4250 mox
849 4191 927 4251 addit
940 4201 976 4251 et.
1049 4192 1277 4268 terremtatem]

180 4275 351 4334 Archebulus
372 4275 410 4332 V.
532 4266 666 4348 therba]
691 4281 718 4330 et
743 4271 824 4330 herbo
850 4273 885 4330 V.
1013 4268 1163 4348 itanturn]
1188 4273 1215 4330 Γ
1243 4273 1278 4331 V.

179 4351 242 4413 kse
257 4398 264 4412 .
281 4373 288 4387 ·
304 4399 312 4414 .
328 4376 335 4390 ·
351 4351 411 4430 hle]
426 4353 559 4430 rejungit
574 4355 617 4412 hic
631 4355 667 4412 V.
762 4347 880 4424 lmolle]
896 4351 976 4408 melle
989 4351 1026 4410 V.
1122 4364 1147 4396 ¹²¹
1161 4355 1278 4428 claudit]

179 4437 301 4494 cluditm
314 4437 354 4496 V.
468 4446 484 4478 Β
498 4437 629 4510 coegerit]
647 4435 748 4509 cogerit
762 4433 799 4491 V.
912 4440 927 4474 ⁰
941 4433 1092 4508 clauditur]
1108 4437 1229 4492 cluditur
1243 4435 1278 4496 V.

180 4517 370 4592 ammom]
388 4535 496 4575 monere
511 4517 548 4574 V.
630 4525 646 4570 ‘t
661 4513 875 4590 Hipponactica]
893 4515 1083 4588 Hipponacteo
1097 4515 1134 4573 V.
