2980 5142
134 441 216 492 cir.
234 431 270 506 9.
450 412 514 485 De
527 413 705 510 poenam
718 413 926 512 generibus.
1162 427 1234 488 445

134 599 249 699 elegia
266 601 591 671 extrema‘mortuo
609 597 852 686 occinebatur,
870 597 976 671 sicuti
1003 599 1122 684 nenio,
1139 596 1238 670 ideo-

135 741 206 814 que
236 710 434 787 abeodem
467 709 582 810 elegia
608 711 749 786 videtur
775 725 953 786 vtractum
981 710 1239 810 cognominari,

136 829 233 930 quod
254 826 405 902 mortuis
422 826 479 900 vel
500 827 680 901 morituris
698 827 913 902 adscribitur
930 827 1180 900 novissimum.
1202 853 1207 864 ·

188 945 392 1020 lambicum
424 955 478 1016 est
508 969 653 1016 carmen
677 941 907 1032 maledicum,
934 942 1148 1042 plerumque
1178 940 1267 1014 tri-2

139 1075 255 1136 metro
272 1085 373 1132 versu
392 1072 430 1130 et
447 1057 564 1158 epodo
582 1071 753 1157 sequente
770 1059 1035 1159 compositum:
1063 1070 1114 1147 ut,

309 1173 404 1238 Malo
418 1174 521 1238 soluto
535 1176 631 1238 nocis
644 1175 711 1238 anit
724 1175 811 1253 alite,
877 1261 881 1266 Ι

375 1277 497 1340 Formo
511 1277 641 1340 olentem
655 1277 853 1340 rumosam.

140 1389 374 1488 Appellatum
394 1400 449 1460 est
466 1401 585 1460 autem
613 1387 694 1485 παρὰ
710 1383 745 1460 sl
762 1387 928 1482 ἰαμβίζειν,
945 1386 1043 1502 quod
1060 1399 1115 1460 est
1131 1385 1242 1485 mule

141 1506 269 1578 dicere.
313 1501 428 1598 Cujus
445 1503 613 1576 carminis
630 1501 803 1601 praeeipui
821 1503 1011 1602 scriptores
1030 1501 1124 1602 apud
1144 1501 1244 1574 Grae·

141 1645 203 1694 cos
229 1617 470 1692 Archilochus
496 1632 533 1692 et
561 1618 772 1718 Hipponax,
799 1617 894 1717 opud
919 1618 1106 1692 Romanos
1132 1617 1245 1691 Luci-

142 1735 212 1810 lius
230 1748 266 1806 et
283 1733 448 1806 Catullus
467 1748 503 1806 et
521 1734 697 1808 Horatius
715 1747 752 1806 et
768 1733 977 1808 Bibaculus.

192 1847 333 1947 ¹Epodi
363 1847 533 1922 dicuntur
556 1875 677 1922 versus
702 1849 886 1948 unolibet
910 1863 1025 1923 metro
1047 1849 1182 1950 scripti,
1209 1861 1273 1927 ets

144 1965 347 2063 sequentcis
381 1963 558 2039 clausulas
603 1965 775 2038 habentes
820 1965 1089 2064 particularum,
1121 1963 1244 2061 quales

144 2096 230 2156 sunt
256 2081 380 2181 zepodi
411 2081 564 2168 Horatii,
591 2083 626 2154 in
653 2082 786 2180 quibus
812 2083 962 2182 aing'ulis
987 2082 1147 2155 versibus
1174 2080 1246 2152 sin·

145 2199 240 2298 gulae
259 2197 427 2271 clausulae
445 2197 674 2294 adjiciuntur,
691 2212 743 2287 ut,
1118 2267 1131 2288 x

189 2349 192 2354 ·
317 2313 800 2401 Nocerot,eteoelo³fir1gcbot
813 2313 892 2378 horsa
905 2333 1015 2378 sererro

146 2423 288 2511 deinde,

319 2539 411 2604 Inter
424 2540 550 2603 minora
564 2539 682 2604 sidero.

147 2663 184 2722 et

187 2707 196 2738 '
319 2750 508 2837 lavajes
522 2751 661 2816 bocar
675 2751 761 2815 uua
775 2751 920 2814 evenus
936 2759 1012 2814 aaa

148 2873 308 2962 cdeinde,

322 2992 402 3056 Suis
416 3001 446 3056 et
460 2994 533 3080 ipso
547 2993 651 3057 Romo
666 2994 790 3058 uiribus
804 2994 884 3056 mit.

150 3113 187 3173 et
204 3101 409 3199 quicunque
427 3115 512 3175 sunt
529 3103 673 3176 similes.
725 3102 827 3176 Dicti
852 3113 971 3175 autem
991 3101 1097 3201 epodi
1116 3103 1251 3176 smerla-

149 3224 244 3312 χικῶς
272 3241 292 3287 a
322 3217 483 3316 partibus
512 3245 692 3306 versuum,
720 3243 801 3314 quae
836 3215 1007 3314 legitimis
1037 3229 1074 3289 et
1103 3215 1250 3315 integris

149 3332 312 3405 versibus
330 3332 497 3431 ἐπᾴδονται,
515 3333 550 3407 id
569 3348 623 3407 est
641 3333 867 3408 occinuntur.

201 3447 329 3546 Satyra
356 3445 508 3522 “dicitur
530 3475 675 3522 carmen
703 3448 799 3548 opud
826 3448 1012 3522 Romanos
1038 3460 1157 3522 ‘nunc
1174 3447 1280 3547 qui-s

150 3561 233 3636 dem
263 3563 494 3655 maledicum,
519 3579 555 3638 ct
576 3565 620 3638 ad
643 3565 821 3665 carpenda
849 3565 1040 3639 hominum
1069 3565 1156 3640 vitia
1184 3562 1254 3638 ‘ar-

193 3831 208 3860 v
223 3823 568 3898 tractum-adscribitur]
591 3827 876 3882 cannen-accinitur
896 3827 1013 3882 Santen.
1027 3823 1143 3882 Terent.
1159 3823 1253 3880 Maur.

154 3921 182 3977 p.
199 3918 267 3974 3¹0·
362 3911 385 3942 W
399 3903 526 3962 Mecium
542 3904 714 3982 appellatum
730 3905 786 3979 est]
804 3907 953 3963 Meooium.
968 3907 1137 3979 appellatum
1151 3911 1191 3960 eat
1204 3921 1254 3959 arr·

154 3989 208 4037 tem
222 3981 295 4038 ΑΒ.
378 3991 394 4023 ¹
408 3983 515 4060 Epodi]
534 3987 645 4060 Epodoe
657 3987 732 4044 Α.Β.
758 3988 865 4061 Epodos
879 3987 951 4043 Ven.
963 3997 992 4042 et
1005 3983 1045 4042 sic
1060 3982 1141 4040 infra.
1174 3983 1254 4040 Idem

154 4080 212 4118 orn.
229 4069 255 4116 et
271 4072 336 4138 post
350 4063 493 4122 Horatius.
616 4077 631 4121 1
651 4065 777 4142 quolibet
792 4067 890 4140 modo]
907 4065 1027 4140 quolibet
1047 4071 1134 4121 metro
1147 4064 1254 4121 A.B.C.

154 4141 228 4197 Ven.
354 4152 369 4184 ¹
383 4143 483 4220 spodi]
501 4149 602 4220 epodos
616 4147 684 4204 ΑΒ.
806 4157 822 4189 ⁸
836 4145 949 4203 lucebat
959 4144 1027 4202 luna
1040 4163 1149 4202 sereno.
1163 4145 1252 4219 inter]

145 4222 279 4296 “fulgebat
294 4223 360 4280 luno
375 4243 477 4282 sereno.
492 4229 589 4284 deinde
605 4231 677 4284 inter
690 4227 799 4284 A.B.c.
820 4227 875 4283 Pro
890 4229 1068 4283 inter-ctus
1083 4225 1155 4283 Ven.
1172 4225 1257 4284 habet

155 4304 261 4360 deinde.
370 4300 477 4362 boella
492 4309 604 4383 teritur]
623 4309 722 4364 teritur
736 4309 812 4364 bellis
824 4307 932 4364 A.B.c.
1047 4305 1146 4381 esuis]
1161 4308 1258 4364 deinde

155 4385 212 4440 auis
224 4384 333 4443 A.B.C.
416 4382 432 4428 ‘¹
445 4399 490 4444 est
499 4389 626 4462 carmen]
643 4389 744 4444 dicitur
756 4405 866 4445 cannen
879 4387 953 4446 ΑΒ.
1042 4397 1055 4429 s
1070 4407 1127 4444 non
1142 4386 1257 4464 quidem

157 4463 378 4540 spud'Groeoos]
395 4469 471 4542 opud
488 4469 595 4525 &ocor
615 4487 675 4526 om.
688 4469 760 4526 ΑΒ.
782 4469 819 4526 Β.
841 4465 910 4527 item
931 4486 1004 4526 nunc
1017 4470 1124 4544 quidem
1142 4487 1207 4526 curn
1223 4469 1257 4526 C.

157 4555 188 4602 et
202 4543 273 4602 Ven.
387 4543 540 4622 tarcum]
557 4567 647 4624 argee
660 4549 695 4608 C.
710 4549 783 4608 Ven.
