3012 5084
140 361 227 414 cae.
245 355 283 429 9.
518 339 585 414 De
601 339 693 415 Arsi
708 353 744 416 et
765 345 883 418 Thasi.
1207 361 1245 420 at

139 524 402 594 'consonantes
429 523 566 596 litteras
593 526 692 599 velut
717 527 934 624 quibusdam
956 529 1143 602 elementis
1170 557 1253 602 coa-

139 636 215 708 litre
241 662 491 734 connexaeque
519 637 732 729 formantur,
759 643 937 740 certisque
964 645 1163 718 secundum
1191 661 1254 718 aut

140 766 308 824 naturam
341 765 406 825 aut
434 754 650 851 positionem
684 757 823 854 legibus
860 760 985 858 positae
1014 761 1136 860 pedes,
1165 788 1249 834 cum

139 868 236 940 inter
262 895 300 940 se
329 870 574 966 geminantur,
601 899 666 970 per
690 874 795 946 Arsin
823 889 861 946 et
885 873 1020 948 Thesin
1050 875 1252 974 gradientes

139 995 369 1082 'procreant,
381 985 515 1080 quibus
533 1002 729 1060 metrorum
749 989 868 1060 omnis
886 990 977 1062 ratio
995 989 1087 1062 inter
1104 1017 1141 1063 se
1158 1016 1252 1088 prae·

141 1100 245 1171 finita
265 1099 466 1196 subsistas)
480 1127 703 1199 consequens
716 1129 794 1175 reor
806 1105 904 1202 prius
916 1104 961 1176 de
973 1105 1054 1178 Arsi
1074 1131 1116 1178 uc
1127 1105 1251 1194 Theai,

140 1213 177 1285 id
203 1229 273 1302 est,
297 1213 344 1286 de
370 1215 506 1287 alterna
528 1216 745 1315 syllabarum
773 1219 975 1290 sublatione
998 1245 1039 1292 ac
1063 1221 1251 1318 positione,

143 1331 276 1426 quibus
302 1329 414 1428 pedes
440 1331 476 1403 in
503 1332 629 1404 metris
655 1332 820 1404 nituntur
840 1345 949 1429 atque
971 1333 1180 1418 formantur,
1198 1335 1251 1408 di·
1302 1392 1305 1398 ,

141 1471 244 1518 cere:
271 1471 314 1517 ac
333 1445 504 1545 deinceps
522 1445 656 1546 pedum
675 1446 852 1520 rationem
871 1447 996 1543 paucis
1014 1473 1202 1546 exponere.

190 1559 295 1632 Arsis
309 1560 420 1658 igitur
431 1561 612 1634 acThesis
628 1586 718 1657 quas
730 1561 848 1634 Graeci
862 1560 1001 1649 dicunt,
1016 1561 1052 1634 id
1066 1577 1120 1634 est
1132 1565 1249 1638 subla·
1264 1593 1276 1628 ²

140 1675 194 1747 tio
211 1688 250 1747 et
268 1675 414 1773 positio,
431 1675 637 1774 significant
653 1673 755 1774 pedis
774 1689 927 1748 motum.
953 1675 1021 1748 Est
1038 1677 1134 1750 enim
1150 1679 1249 1752 Arsis

140 1790 301 1862 sublatio
332 1789 435 1888 pedis
469 1791 546 1864 sine
577 1816 688 1874 sono;
714 1789 842 1862 'lhesis
871 1789 1005 1888 positio
1034 1791 1136 1889 pedis
1164 1819 1246 1866 cum

142 1931 244 1977 sono.
271 1905 382 1993 ltem,
393 1906 523 1978 wArsis
536 1919 591 1978 est
603 1906 710 1979 elatio
721 1907 906 2004 temporis,
918 1907 1007 1990 soni,
1018 1909 1135 1982 vocis:
1153 1909 1277 1986 The-s

142 2017 202 2102 sis,
220 2018 403 2117 depositio
420 2034 456 2093 et
473 2019 638 2116 quasdam
663 2022 861 2094 contractio
878 2021 1109 2119 syllabarum.
1149 2023 1248 2097 Nam

143 2133 180 2204 in
203 2133 418 2233 pyrrhichio
440 2135 579 2207 tollitur
604 2135 714 2208 altera
731 2135 860 2222 brevis,
882 2135 992 2210 altera
1017 2137 1185 2236 ponitur:
1213 2141 1248 2213 in

142 2248 309 2346 spondeo
325 2274 469 2346 quoque
483 2249 640 2322 vicissim
660 2251 766 2348 longa
783 2251 921 2323 tollitur
940 2277 981 2324 ac
1006 2253 1153 2348 ponitur
1178 2255 1249 2352 syl-

142 2363 237 2436 laba.
289 2365 466 2438 'l'rochaeo
482 2379 601 2438 autem
622 2377 659 2438 et
682 2366 804 2438 iambo
822 2365 998 2438 contraria
1016 2365 1109 2438 inter
1129 2395 1167 2440 se
1192 2395 1278 2444 ra-4

142 2479 194 2552 tio
206 2493 284 2552 est:
313 2481 456 2554 alterius
470 2481 566 2554 enim
586 2483 684 2581 prius
704 2483 810 2578 longa
823 2479 972 2570 tollitur,
985 2479 1118 2555 dehinc
1132 2485 1247 2558 brevis

142 2595 313 2693 ponitur:
339 2595 485 2668 alterius
512 2597 709 2670 secundum
741 2621 843 2668 suam
871 2595 987 2694 legem
1018 2595 1112 2670 sicut
1142 2624 1249 2696 supra

141 2708 229 2782 dieti
251 2709 389 2783 ordinis
415 2710 639 2784 immutatur.
691 2711 735 2784 ln
756 2711 903 2808 dactylo
920 2737 1004 2784 vero
1021 2711 1160 2784 tollitur
1176 2737 1275 2792 unas

144 2823 264 2922 longa,
300 2839 485 2923 ponuntur
510 2825 590 2899 duae
620 2828 763 2898 breves:
803 2825 842 2897 in
873 2837 1079 2922 ’‘anapaesto
1113 2841 1248 2917 contra,

143 2939 237 3012 sicut
267 2940 305 3011 in
332 2940 490 3013 trochaeo
512 2955 549 3013 et
577 2941 699 3014 iambo
728 2939 964 3013 ostendimus.
1014 2942 1183 3014 rEtenim
1211 2943 1276 3014 ino

144 3054 372 3154 simplicibus
397 3053 550 3153 pedibus
567 3056 666 3128 Arsia
693 3081 735 3128 ac
750 3055 895 3142 Thesis,
913 3070 976 3129 aut
1001 3057 1169 3155 simplici,
1186 3071 1248 3130 aut

143 3168 293 3269 duplici,
322 3182 386 3242 aut
419 3169 572 3267 sescupli
602 3170 740 3242 ratione
767 3183 921 3242 taxatur.
970 3169 1021 3244 Et
1047 3171 1084 3242 in
1116 3171 1247 3270 simplo

143 3283 293 3382 quidem
308 3298 414 3357 erunt
428 3285 687 3382 ²pyrrhichius,
705 3283 899 3384 spondeus,
914 3285 1091 3384 dactylus,
1107 3313 1247 3386 anapoe·

142 3413 236 3472 stus:
268 3399 401 3472 horum
419 3400 515 3471 enim
541 3426 604 3497 par
624 3413 679 3472 est
696 3399 887 3472 sublationi
907 3401 1051 3498 positio,
1067 3429 1150 3475 curn
1167 3417 1274 3476 tan-7

142 3511 295 3584 tundem
314 3536 425 3582 morae
442 3510 479 3582 in
498 3509 650 3584 duarum
674 3513 836 3584 brevium
863 3513 1052 3612 positione,
1068 3529 1244 3612 quantum

142 3625 179 3698 in
195 3627 307 3700 unius
326 3627 442 3724 longae
461 3627 662 3699 sublatione
682 3627 867 3700 habeatur.
920 3629 965 3700 ln
982 3629 1095 3729 duplo
1112 3645 1246 3721 autern,

141 3741 297 3832 iambus,
340 3743 552 3830 *trochaeus
586 3741 822 3827 btribrachus,
864 3743 1063 3815 molossus:
1115 3745 1274 3818 horums

141 3859 238 3932 enim
259 3859 397 3958 duplex
418 3858 584 3946 sublatio,
603 3857 757 3957 simplex
776 3857 907 3956 positio
924 3872 989 3948 est,
1015 3861 1091 3932 cvel
1110 3875 1245 3934 contra.

179 4125 414 4198 loonmnantes]
429 4123 613 4182 consonantis
626 4123 659 4181 P.
806 4135 821 4166 ἵ
836 4123 999 4201 procreant]
1017 4138 1199 4202 procreantur
1214 4127 1243 4184 Ρ.

141 4216 161 4248 V
174 4206 253 4264 Arsis
267 4208 327 4281 est]
345 4204 422 4265 Arsia
433 4206 463 4263 P.
584 4215 600 4246 ¹
614 4205 778 4286 Anapaesto]
797 4207 940 4283 hnapesto
955 4205 986 4264 P.
1109 4208 1177 4264 rm
1191 4208 1242 4282 ita]

140 4285 257 4346 Etenim
272 4287 305 4344 P.
417 4283 616 4366 2Pyrrichius]
634 4286 798 4366 Pyrricheus
812 4287 842 4343 P.
959 4285 1154 4361 ⁸'l'rochseusJ
1170 4289 1243 4346 'I'ro-

140 4368 225 4426 cheus
244 4367 280 4424 P.
413 4364 814 4446 bTribrachus1Tribrachys
829 4367 861 4424 P.
1002 4377 1059 4425 cet
1072 4369 1185 4442 contis]
1202 4369 1244 4426 vel

141 4462 239 4506 eontra
253 4448 285 4504 P.

661 4557 730 4616 112
