3124 5120
300 411 347 491 78
687 395 807 472 Marii
825 397 1004 474 Vrctorim
1278 421 1354 472 ara.
1374 421 1401 472 1.

301 585 430 658 merito
454 582 627 668 diximus,
652 581 712 655 ¹²id
738 596 804 672 est,
821 580 1049 654 dissimilium
1077 581 1233 681 partium
1256 583 1403 682 copula-

300 701 399 774 tione
436 697 572 797 periodi
607 697 803 787 conclusio,
837 697 865 770 si
905 696 1052 795 quidem
1093 696 1242 771 inducta
1284 699 1402 798 pn'ma

300 814 447 912 strophe
481 825 519 886 et
556 812 820 912 ⁰antistropho,
852 838 972 886 rursus
1006 812 1114 886 aliam
1158 813 1330 913 strophen
1366 829 1404 888 et

299 928 577 1028 rantistrophon
611 926 900 1027 praecedentibus
930 925 1144 1000 dissimilem
1175 929 1334 1014 afferant,
1366 943 1404 1002 et

300 1069 420 1118 rursus
447 1043 611 1116 startiam
632 1041 722 1116 nihil
745 1042 885 1118 duabus
908 1043 1152 1142 praeeuntibus
1178 1043 1347 1134 similem,
1365 1059 1403 1119 et

299 1171 462 1255 quartam
492 1183 596 1254 seque
622 1183 642 1230 a
669 1157 796 1230 ceteris
822 1159 1099 1256 discrepantem.
1141 1157 1211 1232 Cui
1239 1160 1401 1233 varietati

300 1273 418 1346 solent
434 1271 523 1346 illud
542 1271 803 1372 adjungerent
820 1288 1001 1372 postrema
1018 1273 1154 1372 epodos
1171 1275 1313 1348 cunctis
1330 1275 1403 1349 dis-

300 1388 428 1462 similis
454 1386 648 1484 aliquando
667 1386 856 1487 jungatur,
873 1387 988 1486 rquod
1011 1413 1082 1460 non
1101 1402 1244 1464 tantum
1263 1391 1402 1489 tragici,

301 1502 363 1576 sed
382 1517 419 1576 et
435 1503 537 1603 lyrici
564 1515 745 1576 'auctores
763 1502 800 1575 in
818 1503 944 1602 epodis
968 1529 1063 1602 saepe
1081 1503 1252 1578 feceruut.

258 1647 287 1682 n
353 1617 438 1692 Hoc
456 1617 536 1690 loco
562 1643 633 1688 non
662 1618 920 1716 supersederim
940 1618 1059 1692 dicere
1076 1645 1153 1692 esse
1174 1619 1294 1692 brevia
1311 1621 1402 1710 cola,

301 1737 398 1831 tquae
427 1746 510 1832 post
539 1732 712 1830 strophen
744 1746 782 1806 et
809 1733 1060 1833 antistrophon
1086 1734 1263 1833 supercini
1289 1737 1401 1808 moris

300 1862 365 1938 est,
379 1873 461 1945 quae
471 1847 548 1943 jam
570 1873 641 1920 non
666 1845 788 1946 *becloi
814 1846 875 1920 sed
900 1848 1032 1942 ἐφόμνια
1048 1847 1225 1936 dicentur,
1242 1865 1284 1922 ut
1297 1852 1402 1939 esta'l

300 1967 403 2036 παιάν.
440 1962 534 2036 Haec
546 1961 641 2034 enim
657 1961 712 2034 vel
726 1963 918 2060 wHymnis
935 1963 989 2036 vel
1005 1963 1264 2062 Dithyrambis
1278 1991 1403 2064 super-

301 2077 372 2151 cini
390 2077 500 2150 moris
517 2092 581 2168 est,
594 2103 675 2174 quse
693 2076 762 2151 ¹de
778 2076 951 2178 Epodicis
964 2078 1196 2168 carminibus,
1211 2080 1240 2152 si
1255 2079 1401 2176 quando

303 2207 560 2292 proeponuntur
575 2189 732 2292 spadana,
750 2194 778 2266 si
807 2207 927 2266 autem
955 2208 1038 2292 post
1060 2194 1308 2293 antistrophon
1327 2195 1402 2267 ool-

259 2335 288 2384 ¹³
302 2309 475 2397 locentur,
490 2309 637 2402 μεθῦμυια
654 2309 970 2408 nuncupabuntur.
1008 2307 1094 2382 Hoc
1111 2335 1224 2408 genus
1239 2309 1275 2381 in
1291 2309 1401 2382 sacris

302 2422 490 2496 cantilenas
516 2420 636 2496 ferunt
653 2420 799 2519 quidam
827 2422 1024 2496 instituisse
1041 2423 1238 2510 Theseum,
1256 2424 1318 2521 qui
1339 2452 1401 2497 oc-

301 2536 376 2610 ciso
394 2537 605 2610 Minotauro
622 2560 704 2610 cum
732 2537 829 2636 apud
847 2537 983 2610 Delum
1001 2539 1154 2612 solveret
1169 2554 1265 2626 vota,
1283 2540 1402 2614 imita-

300 2669 358 2726 tus
377 2653 550 2728 intortum
570 2666 607 2726 et
624 2654 824 2727 flexuosum
853 2655 920 2726 iter
941 2654 1150 2752 labyrinthi,
1168 2681 1251 2728 cum
1281 2655 1400 2754 pueris

300 2768 571 2866 virginibusque
588 2793 670 2842 cum
690 2769 771 2866 quis
789 2783 948 2842 evaserat
960 2783 1087 2842 cantus
1103 2769 1265 2859 redebet,
1282 2770 1401 2868 primo

301 2883 338 2956 in
350 2883 653 2971 circuitu,dehinc
663 2883 699 2958 in
712 2911 866 2974 recursu,
873 2883 908 2958 id
920 2898 985 2971 est,
992 2894 1111 2986 στροφῇ
1117 2899 1153 2957 et
1164 2886 1400 2985 antistropho.

261 2999 374 3080 ..Atii
401 2999 547 3073 tradunt
570 3000 689 3074 'hunc
714 3025 894 3072 sacrorum
921 3013 1150 3086 concentum,
1173 2998 1298 3072 mundi
1316 3025 1402 3072 can-

302 3127 380 3186 tum
408 3141 626 3211 cursumque
655 3117 701 3188 ab
729 3114 938 3186 hominibus
967 3112 1110 3185 imitari.
1162 3113 1333 3211 Namque
1364 3114 1400 3186 in

302 3226 372 3300 hoc
388 3230 549 3326 quinque
575 3229 688 3302 stellse
705 3255 794 3324 quas
820 3229 985 3302 erraticas
1003 3242 1144 3316 vocant,
1161 3226 1222 3301 sed
1240 3243 1277 3301 et
1294 3229 1345 3302 sol
1364 3241 1403 3302 et

301 3340 399 3429 luna,
421 3355 462 3414 ut
484 3340 661 3415 doctiores
687 3342 833 3416 tradunt
858 3342 1402 3441 philosophorum,jucundissi-

259 3489 287 3539 ιε
301 3479 380 3525 mos
397 3455 530 3526 ⁸edunt
547 3481 664 3543 sonos,
682 3483 747 3557 per
763 3459 866 3530 orbes
884 3484 967 3530 suos
986 3457 1153 3530 nitentes.
1180 3459 1298 3558 lgitur
1314 3485 1400 3531 con-

301 3581 445 3644 centum
478 3569 605 3642 mundi
633 3597 851 3668 cursumque
885 3571 1030 3645 imitans
1060 3573 1191 3647 chorus
1225 3575 1401 3648 canebat:

342 3827 358 3859 ¹¹
372 3827 402 3874 et
415 3817 471 3892 est]
490 3814 518 3874 id
532 3829 576 3874 est
590 3817 623 3876 P.
715 3831 730 3864 0
745 3817 944 3895 Antiatroplre]
961 3819 1148 3894 Autistropho
1163 3819 1195 3876 P.
1269 3819 1302 3874 Ῥ
1317 3818 1400 3876 dnti-

301 3897 675 4052 :ntsmttsu
690 3899 722 3957 ¹²·
779 3897 1401 4054 ,1¹'·..:.a⁰.tsa¹.3·

301 4065 323 4096 v
338 4057 475 4133 uymna]
493 4057 585 4135 ynam
600 4059 632 4116 Ρ.
656 4021 663 4036 ’
728 3997 915 4136 :spinosi
924 4058 960 4116 aa
972 4022 1108 4136 riparios
1123 4059 1154 4115 r.
1249 3998 1401 4134 rpaeasaaq'

301 4138 403 4194 edebat
418 4137 448 4196 P.
530 4147 545 4179 ²
560 4137 649 4212 hunc]
667 4139 721 4198 hoc
735 4140 768 4196 P.
852 4138 990 4212 ⁸rudunt]
1006 4139 1097 4196 edunt
1110 4137 1143 4196 P.

345 4357 390 4398 ra.
412 4341 620 4420 Dithyrsmbis]
646 4343 709 4400 Hos
723 4354 752 4400 et
767 4342 829 4399 He·
871 4339 970 4408 suisse,
993 4339 1165 4409 nominasse,
1180 4339 1311 4400 docuisse
1325 4341 1401 4419 apud

302 4421 418 4480 mdotus
445 4421 492 4478 lib.
523 4424 544 4480 l.
579 4421 677 4480 scribit
707 4421 830 4498 primum
872 4419 1046 4480 Corinthios.
1069 4420 1218 4480 cauus

301 4499 436 4560 Arionem
461 4503 686 4581 Methymnaeam
712 4521 828 4579 compo-
