3100 5142
292 331 367 394 att
643 317 757 392 Attttr'
774 319 1033 398 Formautioai
1268 355 1358 405 raa.
1370 356 1413 404 11.

467 499 626 564 Martium
639 513 761 568 cunum
774 507 869 572 tuboe.

295 613 530 688 ⁸'Irimetrom
550 609 937 712 (brachylcatalectom

472 727 525 792 Tu
537 726 704 814 pmfhndu
717 735 892 820 quaeregio
906 735 1029 800 Dicam

295 839 516 914 Trimetrum
534 839 797 931 catalecticum,

468 957 526 1022 Sol
537 977 679 1045 rupem
692 961 749 1046 pul
763 962 852 1048 regio
861 983 983 1048 pum
997 963 1084 1026 deur.

296 1067 562 1142 Tetrametrum
582 1067 845 1160 catalecticum,

473 1183 1208 1274 Tukquulevcrepn'moslbilattorcadonur.

299 1295 375 1370 Hic
400 1293 485 1392 quia
514 1307 684 1392 quattuor
713 1297 836 1370 metria
865 1311 1018 1386 constat,
1046 1311 1083 1372 et
1111 1299 1313 1398 quadratus
1346 1329 1409 1374 vo-

298 1425 410 1488 catur.

539 1613 640 1696 Car.
661 1615 762 1696 XII.
795 1617 860 1698 Dc
878 1614 1154 1697 choriambico.

360 1763 657 1842 Choriambicum
695 1781 849 1840 metrum
882 1779 1025 1839 constat
1056 1751 1280 1837 ‘initialibiis
1315 1766 1405 1839 locis

300 1881 379 1980 ipao
401 1879 537 1969 chorio,
562 1883 599 1956 id
624 1895 679 1956 eat
703 1883 873 1968 trochaeo,
893 1897 931 1955 et
953 1881 1155 1966 tribracho;
1185 1881 1222 1953 in
1247 1907 1404 1979 sequen-

299 1997 396 2072 tibus
414 1996 547 2071 iambo.
598 1997 807 2072 Dimetrum
828 1998 1171 2098 hypercatalectum,

474 2113 503 2176 0
517 2115 590 2200 qula
604 2114 663 2178 'nd
674 2135 805 2178 omnem.

301 2222 511 2297 Dimetrum
530 2223 779 2310 acatalectum,

472 2339 645 2426 Sanguine
656 2341 731 2427 puio
739 2361 913 2428 purpureo.

274 2511 278 2520 .
301 2449 521 2526 'l'rimetrum
540 2449 768 2538 catalectum,

474 2565 552 2629 Heu
565 2565 755 2630 mumanae
768 2565 906 2630 oohocm‘a
918 2567 1072 2630 'mortim

301 2679 567 2752 Tetrametrum
586 2675 849 2767 catalecticum,

475 2793 603 2880 Quoquo
615 2793 737 2857 vocam
750 2793 875 2857 volucer
888 2801 917 2858 te
932 2793 1130 2858 choriambon
1142 2793 1197 2855 tto.

301 2905 568 2980 Tetrametrum
586 2901 836 2989 acatalectum,

388 3021 526 3086 wwUror
539 3019 658 3086 mnorit
671 3019 798 3084 rtimulo
810 3039 865 3084 oor
877 3019 980 3106 quatit
993 3025 1086 3082 urtam
1093 3017 1243 3105 panidos.

538 3205 641 3290 Car.
661 3203 786 3288 XIII.
818 3205 884 3286 De
902 3204 1174 3315 ontiopmtim.

353 3365 645 3464 ‘Autispasticon
669 3365 766 3440 enim
792 3377 947 3438 metrum
975 3363 1125 3464 Sappho
1150 3363 1301 3450 invenit,
1318 3390 1401 3437 oon-

305 3493 377 3552 stat
401 3479 523 3552 iambo
547 3483 779 3574 macchoco,
804 3480 1013 3556 conceditur
1036 3493 1185 3554 ttamen
1209 3477 1249 3550 in
1274 3480 1401 3576 συζηίᾳ

306 3594 422 3693 prima
447 3591 565 3692 primo
586 3595 665 3666 loco
690 3623 756 3697 pro
783 3597 905 3670 iambo
927 3595 1053 3694 quovis
1080 3594 1149 3668 alio
1175 3591 1267 3692 pede
1293 3592 1402 3692 disyl-

306 3710 388 3784 labo
405 3710 472 3802 uti,
489 3709 697 3810 pyrrhichio
715 3727 777 3786 aut
794 3711 955 3812 spondeo
972 3725 1034 3786 aut
1053 3709 1223 3784 trochaeo.
1273 3707 1401 3782 Dime-

306 3840 402 3901 trum
422 3825 764 3928 hypercatalectum,

483 3941 592 4006 Volant
602 3951 766 4027 praepetm.

349 4149 361 4182 ⁸
377 4145 518 4202 trimetron
532 4148 684 4204 catalecton
699 4154 729 4204 tu
740 4145 946 4224 prosamque
965 4150 1036 4222 regia
1051 4147 1146 4204 nula
1160 4145 1313 4200 trimetrum
1328 4152 1400 4201 cotn-

308 4221 431 4279 teretrum
446 4223 482 4282 V.
563 4226 748 4303 turpantur]
765 4229 916 4286 initlolIbur
931 4229 968 4288 V.
1037 4235 1050 4263 '
1065 4229 1145 4284 Adon
1160 4223 1230 4297 lero]
1247 4225 1351 4282 Adono'
1367 4227 1399 4284 V.

308 4297 380 4378 1⁴03·
395 4305 431 4359 ad
443 4324 547 4364 omnem
561 4326 595 4366 ex
609 4309 652 4366 M.
667 4307 816 4367 Victorino
829 4309 869 4367 11.
885 4309 915 4366 6.
1007 4318 1029 4350 ¹
1042 4310 1142 4364 martie
1155 4311 1344 4364 tetrametrum
1358 4325 1400 4362 co·

309 4382 463 4442 tolenticum
477 4406 583 4464 quoque
595 4392 701 4447 vocarit
714 4391 750 4446 V.
831 4399 876 4431 Π
890 4387 1048 4463 vi-ortua]
1065 4386 1140 4446 Dedi
1154 4397 1262 4444 moret
1276 4396 1399 4444 artarer

307 4463 353 4524 M.
368 4463 519 4527 Victorino
532 4469 573 4526 11.
587 4467 615 4524 6.
728 4479 744 4512 ¹
758 4467 1205 4547 Antiopasticc-Antispasticon
1220 4469 1311 4543 enirn]
1329 4469 1400 4526 Arm·
1419 4511 1437 4542 „

304 4551 633 4623 portico-Anopesticon
647 4548 682 4602 V.
766 4557 778 4592 t
793 4547 822 4604 in
837 4549 940 4622 prima]
959 4559 1049 4604 tanim
1064 4553 1092 4604 in
1106 4553 1211 4622 συζυγία
1222 4553 1313 4622 primo
1331 4549 1364 4603 V.
