<?xml version="1.0" encoding="UTF-8"?>
<!DOCTYPE html PUBLIC "-//W3C//DTD XHTML 1.0 Transitional//EN"
    "http://www.w3.org/TR/xhtml1/DTD/xhtml1-transitional.dtd">
<html xmlns="http://www.w3.org/1999/xhtml" xml:lang="en" lang="en">
 <head>
  <title>
</title>
<meta http-equiv="Content-Type" content="text/html;charset=utf-8" />
  <meta name='ocr-system' content='tesseract 3.04.00' />
  <meta name='ocr-capabilities' content='ocr_page ocr_carea ocr_par ocr_line ocrx_word'/>
</head>
<body>
  <div class='ocr_page' id='page_1' title='image "./scriptoreslatin00gaisgoog_0054.png"; bbox 0 0 3012 5084; ppageno 0'>
   <div class='ocr_carea' id='block_1_1' title="bbox 295 410 1442 487">
    <p class='ocr_par' dir='ltr' id='par_1_1' title="bbox 295 410 1442 487">
     <span class='ocr_line' id='line_1_1' title="bbox 295 410 1442 487; baseline -0.004 -1"><span class='ocrx_word' id='word_1_1' title='bbox 295 423 345 486; x_wconf 81' lang='grc'><strong>34</strong></span> <span class='ocrx_word' id='word_1_2' title='bbox 684 410 804 487; x_wconf 81' lang='lat' dir='ltr'><strong>Marii</strong></span> <span class='ocrx_word' id='word_1_3' title='bbox 823 410 1001 487; x_wconf 73' lang='lat' dir='ltr'><strong>Victmim‘</strong></span> <span class='ocrx_word' id='word_1_4' title='bbox 1273 433 1378 484; x_wconf 72' lang='lat' dir='ltr'><strong>arn.</strong></span> <span class='ocrx_word' id='word_1_5' title='bbox 1408 433 1442 481; x_wconf 91' lang='lat' dir='ltr'><strong>x.</strong></span> 
     </span>
    </p>
   </div>
   <div class='ocr_carea' id='block_1_2' title="bbox 297 595 1355 697">
    <p class='ocr_par' dir='ltr' id='par_1_2' title="bbox 297 595 1355 697">
     <span class='ocr_line' id='line_1_2' title="bbox 297 595 1355 697; baseline 0 -29"><span class='ocrx_word' id='word_1_6' title='bbox 297 612 443 692; x_wconf 85' lang='lat' dir='ltr'><strong>atquae</strong></span> <span class='ocrx_word' id='word_1_7' title='bbox 460 595 638 669; x_wconf 85' lang='lat' dir='ltr'><strong>contrario</strong></span> <span class='ocrx_word' id='word_1_8' title='bbox 655 611 774 670; x_wconf 87' lang='lat' dir='ltr'><strong>autem</strong></span> <span class='ocrx_word' id='word_1_9' title='bbox 796 599 833 669; x_wconf 88' lang='lat' dir='ltr'><strong>in</strong></span> <span class='ocrx_word' id='word_1_10' title='bbox 851 597 978 670; x_wconf 85' lang='lat' dir='ltr'><strong>eodem</strong></span> <span class='ocrx_word' id='word_1_11' title='bbox 998 597 1172 697; x_wconf 88' lang='lat' dir='ltr'><strong>producta</strong></span> <span class='ocrx_word' id='word_1_12' title='bbox 1190 609 1255 681; x_wconf 89' lang='lat' dir='ltr'><strong>est,</strong></span> <span class='ocrx_word' id='word_1_13' title='bbox 1272 595 1355 684; x_wconf 86' lang='lat' dir='ltr'><strong>sic,</strong></span> 
     </span>
    </p>
   </div>
   <div class='ocr_carea' id='block_1_3' title="bbox 297 712 794 899">
    <p class='ocr_par' dir='ltr' id='par_1_3' title="bbox 297 712 794 899">
     <span class='ocr_line' id='line_1_3' title="bbox 500 712 794 812; baseline 0.003 -28"><span class='ocrx_word' id='word_1_14' title='bbox 500 712 672 812; x_wconf 84' lang='lat' dir='ltr'><strong>ansque</strong></span> <span class='ocrx_word' id='word_1_15' title='bbox 688 713 794 786; x_wconf 81' lang='lat' dir='ltr'><strong>acies.</strong></span> 
     </span>
     <span class='ocr_line' id='line_1_4' title="bbox 297 811 448 899; baseline -0.007 -16"><span class='ocrx_word' id='word_1_16' title='bbox 297 825 335 883; x_wconf 88' lang='lat' dir='ltr'><strong>et</strong></span> <span class='ocrx_word' id='word_1_17' title='bbox 352 811 448 899; x_wconf 91' lang='lat' dir='ltr'><strong>alibi,</strong></span> 
     </span>
    </p>
   </div>
   <div class='ocr_carea' id='block_1_4' title="bbox 412 925 1250 1002">
    <p class='ocr_par' dir='ltr' id='par_1_4' title="bbox 412 925 1250 1002">
     <span class='ocr_line' id='line_1_5' title="bbox 412 925 1250 1002; baseline -0.002 -4"><span class='ocrx_word' id='word_1_18' title='bbox 412 925 512 1000; x_wconf 81' lang='lat' dir='ltr'><strong>Ante</strong></span> <span class='ocrx_word' id='word_1_19' title='bbox 530 927 597 999; x_wconf 85' lang='lat' dir='ltr'><strong>tibi</strong></span> <span class='ocrx_word' id='word_1_20' title='bbox 613 925 699 1001; x_wconf 77' lang='lat' dir='ltr'><strong>Eoo</strong></span> <span class='ocrx_word' id='word_1_21' title='bbox 717 926 955 1000; x_wconf 75' lang='lat' dir='ltr'><strong>0Attanttdes</strong></span> <span class='ocrx_word' id='word_1_22' title='bbox 972 927 1250 1002; x_wconf 58' lang='lat' dir='ltr'><strong>abscondatur.</strong></span> 
     </span>
    </p>
   </div>
   <div class='ocr_carea' id='block_1_5' title="bbox 256 1057 1436 1506">
    <p class='ocr_par' dir='ltr' id='par_1_5' title="bbox 256 1057 1436 1506">
     <span class='ocr_line' id='line_1_6' title="bbox 256 1057 1436 1158; baseline -0.002 -28"><span class='ocrx_word' id='word_1_23' title='bbox 256 1067 287 1118; x_wconf 79' lang='lat'><strong>²⁶</strong></span> <span class='ocrx_word' id='word_1_24' title='bbox 351 1057 394 1130; x_wconf 88' lang='lat' dir='ltr'><strong>In</strong></span> <span class='ocrx_word' id='word_1_25' title='bbox 414 1059 511 1130; x_wconf 86' lang='lat' dir='ltr'><strong>brevi</strong></span> <span class='ocrx_word' id='word_1_26' title='bbox 530 1059 669 1157; x_wconf 80' lang='lat' dir='ltr'><strong>syllaba</strong></span> <span class='ocrx_word' id='word_1_27' title='bbox 687 1073 831 1158; x_wconf 89' lang='lat' dir='ltr'><strong>tempus</strong></span> <span class='ocrx_word' id='word_1_28' title='bbox 849 1073 904 1131; x_wconf 88' lang='lat' dir='ltr'><strong>est</strong></span> <span class='ocrx_word' id='word_1_29' title='bbox 928 1087 1053 1150; x_wconf 89' lang='lat' dir='ltr'><strong>unum,</strong></span> <span class='ocrx_word' id='word_1_30' title='bbox 1071 1060 1155 1158; x_wconf 90' lang='lat' dir='ltr'><strong>quia</strong></span> <span class='ocrx_word' id='word_1_31' title='bbox 1172 1059 1264 1132; x_wconf 89' lang='lat' dir='ltr'><strong>nihil</strong></span> <span class='ocrx_word' id='word_1_32' title='bbox 1286 1081 1436 1130; x_wconf 87' lang='lat' dir='ltr'><strong>mora-</strong></span> 
     </span>
     <span class='ocr_line' id='line_1_7' title="bbox 301 1173 1430 1273; baseline -0.001 -29"><span class='ocrx_word' id='word_1_33' title='bbox 301 1199 380 1245; x_wconf 89' lang='lat' dir='ltr'><strong>rum</strong></span> <span class='ocrx_word' id='word_1_34' title='bbox 401 1173 474 1246; x_wconf 91' lang='lat' dir='ltr'><strong>illic</strong></span> <span class='ocrx_word' id='word_1_35' title='bbox 492 1200 560 1246; x_wconf 91' lang='lat' dir='ltr'><strong>vox</strong></span> <span class='ocrx_word' id='word_1_36' title='bbox 580 1175 686 1247; x_wconf 88' lang='lat' dir='ltr'><strong>facit:</strong></span> <span class='ocrx_word' id='word_1_37' title='bbox 713 1175 751 1246; x_wconf 92' lang='lat' dir='ltr'><strong>in</strong></span> <span class='ocrx_word' id='word_1_38' title='bbox 778 1175 884 1273; x_wconf 84' lang='lat' dir='ltr'><strong>longa</strong></span> <span class='ocrx_word' id='word_1_39' title='bbox 910 1189 1030 1248; x_wconf 88' lang='lat' dir='ltr'><strong>autem</strong></span> <span class='ocrx_word' id='word_1_40' title='bbox 1057 1175 1131 1248; x_wconf 93' lang='lat' dir='ltr'><strong>duo</strong></span> <span class='ocrx_word' id='word_1_41' title='bbox 1154 1191 1248 1259; x_wconf 90' lang='lat' dir='ltr'><strong>sunt,</strong></span> <span class='ocrx_word' id='word_1_42' title='bbox 1266 1174 1430 1270; x_wconf 89' lang='lat' dir='ltr'><strong>quibus</strong></span> 
     </span>
     <span class='ocr_line' id='line_1_8' title="bbox 301 1288 1431 1386; baseline 0 -26"><span class='ocrx_word' id='word_1_43' title='bbox 301 1301 443 1361; x_wconf 91' lang='lat' dir='ltr'><strong>tantum</strong></span> <span class='ocrx_word' id='word_1_44' title='bbox 455 1303 629 1386; x_wconf 89' lang='lat' dir='ltr'><strong>quantum</strong></span> <span class='ocrx_word' id='word_1_45' title='bbox 646 1291 684 1362; x_wconf 96' lang='lat' dir='ltr'><strong>in</strong></span> <span class='ocrx_word' id='word_1_46' title='bbox 696 1289 792 1362; x_wconf 85' lang='lat' dir='ltr'><strong>brevi</strong></span> <span class='ocrx_word' id='word_1_47' title='bbox 807 1288 952 1362; x_wconf 67' lang='lat' dir='ltr'><strong>feadem</strong></span> <span class='ocrx_word' id='word_1_48' title='bbox 968 1315 1037 1363; x_wconf 85' lang='lat' dir='ltr'><strong>vox</strong></span> <span class='ocrx_word' id='word_1_49' title='bbox 1047 1291 1239 1364; x_wconf 87' lang='lat' dir='ltr'><strong>detinetur.</strong></span> <span class='ocrx_word' id='word_1_50' title='bbox 1265 1291 1431 1362; x_wconf 89' lang='lat' dir='ltr'><strong>Breves</strong></span> 
     </span>
     <span class='ocr_line' id='line_1_9' title="bbox 257 1403 1430 1506; baseline 0.002 -32"><span class='ocrx_word' id='word_1_51' title='bbox 257 1426 287 1474; x_wconf 69' lang='grc' dir='ltr'>η</span> <span class='ocrx_word' id='word_1_52' title='bbox 302 1417 421 1476; x_wconf 88' lang='lat' dir='ltr'><strong>autem</strong></span> <span class='ocrx_word' id='word_1_53' title='bbox 442 1418 605 1502; x_wconf 88' lang='lat' dir='ltr'><strong>correpta</strong></span> <span class='ocrx_word' id='word_1_54' title='bbox 623 1405 754 1478; x_wconf 84' lang='lat' dir='ltr'><strong>vocalis</strong></span> <span class='ocrx_word' id='word_1_55' title='bbox 772 1403 895 1494; x_wconf 88' lang='lat' dir='ltr'><strong>efficit,</strong></span> <span class='ocrx_word' id='word_1_56' title='bbox 912 1405 1037 1504; x_wconf 84' lang='lat' dir='ltr'><strong>longas</strong></span> <span class='ocrx_word' id='word_1_57' title='bbox 1055 1403 1268 1506; x_wconf 60' lang='lat' dir='ltr'><strong>{producta</strong></span> <span class='ocrx_word' id='word_1_58' title='bbox 1322 1405 1430 1504; x_wconf 87' lang='lat' dir='ltr'><strong>Syl-</strong></span> 
     </span>
    </p>
   </div>
   <div class='ocr_carea' id='block_1_6' title="bbox 259 1519 1429 3234">
    <p class='ocr_par' dir='ltr' id='par_1_6' title="bbox 259 1519 1429 2193">
     <span class='ocr_line' id='line_1_10' title="bbox 302 1519 1429 1622; baseline 0.002 -32"><span class='ocrx_word' id='word_1_59' title='bbox 302 1520 392 1592; x_wconf 82' lang='lat' dir='ltr'><strong>labte</strong></span> <span class='ocrx_word' id='word_1_60' title='bbox 409 1533 472 1592; x_wconf 91' lang='lat' dir='ltr'><strong>aut</strong></span> <span class='ocrx_word' id='word_1_61' title='bbox 489 1535 615 1592; x_wconf 86' lang='lat' dir='ltr'><strong>natura</strong></span> <span class='ocrx_word' id='word_1_62' title='bbox 633 1521 749 1618; x_wconf 72' lang='lat' dir='ltr'><strong>longae</strong></span> <span class='ocrx_word' id='word_1_63' title='bbox 774 1535 871 1608; x_wconf 89' lang='lat' dir='ltr'><strong>sunt,</strong></span> <span class='ocrx_word' id='word_1_64' title='bbox 890 1536 951 1594; x_wconf 90' lang='lat' dir='ltr'><strong>aut</strong></span> <span class='ocrx_word' id='word_1_65' title='bbox 973 1522 1150 1622; x_wconf 84' lang='lat' dir='ltr'>positione</span> <span class='ocrx_word' id='word_1_66' title='bbox 1172 1525 1275 1594; x_wconf 88' lang='lat' dir='ltr'><strong>fiunt.</strong></span> <span class='ocrx_word' id='word_1_67' title='bbox 1329 1519 1429 1593; x_wconf 86' lang='lat' dir='ltr'><strong>Na-</strong></span> 
     </span>
     <span class='ocr_line' id='line_1_11' title="bbox 302 1634 1424 1736; baseline -0.002 -29"><span class='ocrx_word' id='word_1_68' title='bbox 302 1648 393 1723; x_wconf 85' lang='lat' dir='ltr'><strong>tura,</strong></span> <span class='ocrx_word' id='word_1_69' title='bbox 410 1660 493 1708; x_wconf 89' lang='lat' dir='ltr'><strong>cum</strong></span> <span class='ocrx_word' id='word_1_70' title='bbox 514 1634 646 1707; x_wconf 88' lang='lat' dir='ltr'><strong>vocalis</strong></span> <span class='ocrx_word' id='word_1_71' title='bbox 664 1635 893 1733; x_wconf 81' lang='lat' dir='ltr'>producitur:</span> <span class='ocrx_word' id='word_1_72' title='bbox 921 1639 1112 1736; x_wconf 84' lang='lat' dir='ltr'><strong>positione,</strong></span> <span class='ocrx_word' id='word_1_73' title='bbox 1130 1661 1212 1710; x_wconf 91' lang='lat' dir='ltr'><strong>cum</strong></span> <span class='ocrx_word' id='word_1_74' title='bbox 1239 1649 1424 1733; x_wconf 85' lang='lat' dir='ltr'><strong>correpta</strong></span> 
     </span>
     <span class='ocr_line' id='line_1_12' title="bbox 259 1749 1422 1845; baseline 0 -25"><span class='ocrx_word' id='word_1_75' title='bbox 259 1749 436 1822; x_wconf 84' lang='lat' dir='ltr'><strong>2svocalis</strong></span> <span class='ocrx_word' id='word_1_76' title='bbox 463 1765 652 1845; x_wconf 74' lang='lat' dir='ltr'>sequentes</span> <span class='ocrx_word' id='word_1_77' title='bbox 680 1751 788 1822; x_wconf 87' lang='lat' dir='ltr'><strong>babet</strong></span> <span class='ocrx_word' id='word_1_78' title='bbox 814 1749 903 1824; x_wconf 89' lang='lat' dir='ltr'><strong>duas</strong></span> <span class='ocrx_word' id='word_1_79' title='bbox 929 1765 1180 1825; x_wconf 77' lang='lat' dir='ltr'><strong>consonantes.</strong></span> <span class='ocrx_word' id='word_1_80' title='bbox 1243 1749 1313 1822; x_wconf 87' lang='lat' dir='ltr'><strong>Hae</strong></span> <span class='ocrx_word' id='word_1_81' title='bbox 1346 1763 1422 1822; x_wconf 88' lang='lat' dir='ltr'><strong>aut</strong></span> 
     </span>
     <span class='ocr_line' id='line_1_13' title="bbox 304 1863 1422 1964; baseline 0 -28"><span class='ocrx_word' id='word_1_82' title='bbox 304 1865 339 1936; x_wconf 92' lang='lat' dir='ltr'><strong>in</strong></span> <span class='ocrx_word' id='word_1_83' title='bbox 358 1863 484 1936; x_wconf 88' lang='lat' dir='ltr'><strong>cadem</strong></span> <span class='ocrx_word' id='word_1_84' title='bbox 503 1865 641 1963; x_wconf 78' lang='lat' dir='ltr'><strong>syllaba</strong></span> <span class='ocrx_word' id='word_1_85' title='bbox 659 1863 805 1938; x_wconf 75' lang='lat' dir='ltr'><strong>hsolent</strong></span> <span class='ocrx_word' id='word_1_86' title='bbox 818 1891 907 1955; x_wconf 86' lang='lat' dir='ltr'><strong>esse,</strong></span> <span class='ocrx_word' id='word_1_87' title='bbox 920 1881 962 1940; x_wconf 88' lang='lat' dir='ltr'><strong>ut</strong></span> <span class='ocrx_word' id='word_1_88' title='bbox 979 1892 1066 1941; x_wconf 79' lang='lat' dir='ltr'><strong>ars:</strong></span> <span class='ocrx_word' id='word_1_89' title='bbox 1094 1867 1205 1940; x_wconf 89' lang='lat' dir='ltr'><strong>autin</strong></span> <span class='ocrx_word' id='word_1_90' title='bbox 1225 1865 1422 1964; x_wconf 87' lang='lat' dir='ltr'><strong>proxima,</strong></span> 
     </span>
     <span class='ocr_line' id='line_1_14' title="bbox 305 1979 1417 2079; baseline 0.001 -29"><span class='ocrx_word' id='word_1_91' title='bbox 305 1993 346 2052; x_wconf 92' lang='lat' dir='ltr'><strong>ut</strong></span> <span class='ocrx_word' id='word_1_92' title='bbox 363 1979 505 2052; x_wconf 67' lang='lat' dir='ltr'><strong>umam.-</strong></span> <span class='ocrx_word' id='word_1_93' title='bbox 533 1980 648 2052; x_wconf 92' lang='lat' dir='ltr'><strong>autin</strong></span> <span class='ocrx_word' id='word_1_94' title='bbox 666 1980 756 2052; x_wconf 92' lang='lat' dir='ltr'><strong>duas</strong></span> <span class='ocrx_word' id='word_1_95' title='bbox 774 1981 930 2079; x_wconf 83' lang='lat' dir='ltr'><strong>syllabas</strong></span> <span class='ocrx_word' id='word_1_96' title='bbox 948 1981 1103 2072; x_wconf 80' lang='lat' dir='ltr'><strong>¹divisae,</strong></span> <span class='ocrx_word' id='word_1_97' title='bbox 1119 1995 1160 2055; x_wconf 92' lang='lat' dir='ltr'><strong>ut</strong></span> <span class='ocrx_word' id='word_1_98' title='bbox 1178 2005 1295 2054; x_wconf 77' lang='lat' dir='ltr'><strong>arras.</strong></span> <span class='ocrx_word' id='word_1_99' title='bbox 1332 1979 1417 2051; x_wconf 85' lang='lat' dir='ltr'><strong>Sed</strong></span> 
     </span>
     <span class='ocr_line' id='line_1_15' title="bbox 304 2091 1413 2193; baseline -0.001 -27"><span class='ocrx_word' id='word_1_100' title='bbox 304 2109 341 2166; x_wconf 88' lang='lat' dir='ltr'><strong>et</strong></span> <span class='ocrx_word' id='word_1_101' title='bbox 361 2091 497 2193; x_wconf 86' lang='lat' dir='ltr'><strong>duplex</strong></span> <span class='ocrx_word' id='word_1_102' title='bbox 524 2093 641 2166; x_wconf 76' lang='lat' dir='ltr'><strong>littera</strong></span> <span class='ocrx_word' id='word_1_103' title='bbox 657 2093 849 2168; x_wconf 70' lang='lat' dir='ltr'><strong>arduarum</strong></span> <span class='ocrx_word' id='word_1_104' title='bbox 877 2098 1153 2171; x_wconf 84' lang='lat' dir='ltr'><strong>consonantium</strong></span> <span class='ocrx_word' id='word_1_105' title='bbox 1177 2098 1258 2168; x_wconf 93' lang='lat' dir='ltr'><strong>loco</strong></span> <span class='ocrx_word' id='word_1_106' title='bbox 1282 2094 1413 2192; x_wconf 88' lang='lat' dir='ltr'><strong>fungi·</strong></span> 
     </span>
    </p>

    <p class='ocr_par' dir='ltr' id='par_1_7' title="bbox 261 2205 1418 2746">
     <span class='ocr_line' id='line_1_16' title="bbox 261 2205 1418 2310; baseline -0.002 -27"><span class='ocrx_word' id='word_1_107' title='bbox 261 2247 292 2298; x_wconf 81' lang='lat'><strong>29</strong></span> <span class='ocrx_word' id='word_1_108' title='bbox 305 2225 374 2282; x_wconf 92' lang='lat' dir='ltr'><strong>tur.</strong></span> <span class='ocrx_word' id='word_1_109' title='bbox 427 2205 520 2282; x_wconf 86' lang='lat' dir='ltr'><strong>Haec</strong></span> <span class='ocrx_word' id='word_1_110' title='bbox 538 2233 683 2306; x_wconf 91' lang='lat' dir='ltr'><strong>quoque</strong></span> <span class='ocrx_word' id='word_1_111' title='bbox 701 2210 816 2284; x_wconf 88' lang='lat' dir='ltr'><strong>autin</strong></span> <span class='ocrx_word' id='word_1_112' title='bbox 835 2210 961 2284; x_wconf 86' lang='lat' dir='ltr'><strong>eadem</strong></span> <span class='ocrx_word' id='word_1_113' title='bbox 980 2213 1118 2310; x_wconf 85' lang='lat' dir='ltr'><strong>syllaba</strong></span> <span class='ocrx_word' id='word_1_114' title='bbox 1144 2213 1235 2284; x_wconf 88' lang='lat' dir='ltr'><strong>solet</strong></span> <span class='ocrx_word' id='word_1_115' title='bbox 1256 2233 1348 2298; x_wconf 87' lang='lat' dir='ltr'><strong>esse,</strong></span> <span class='ocrx_word' id='word_1_116' title='bbox 1370 2223 1418 2282; x_wconf 92' lang='lat' dir='ltr'><strong>ut</strong></span> 
     </span>
     <span class='ocr_line' id='line_1_17' title="bbox 305 2323 1416 2422; baseline -0.002 -26"><span class='ocrx_word' id='word_1_117' title='bbox 305 2325 426 2398; x_wconf 74' lang='lat' dir='ltr'><strong>laros:</strong></span> <span class='ocrx_word' id='word_1_118' title='bbox 464 2337 526 2396; x_wconf 90' lang='lat' dir='ltr'><strong>aut</strong></span> <span class='ocrx_word' id='word_1_119' title='bbox 555 2323 590 2395; x_wconf 88' lang='lat' dir='ltr'><strong>io</strong></span> <span class='ocrx_word' id='word_1_120' title='bbox 619 2325 796 2422; x_wconf 83' lang='lat' dir='ltr'><strong>proxima,</strong></span> <span class='ocrx_word' id='word_1_121' title='bbox 823 2339 865 2398; x_wconf 92' lang='lat' dir='ltr'><strong>ut</strong></span> <span class='ocrx_word' id='word_1_122' title='bbox 890 2325 981 2400; x_wconf 74' lang='lat' dir='ltr'><strong>atis.</strong></span> <span class='ocrx_word' id='word_1_123' title='bbox 1044 2327 1217 2400; x_wconf 84' lang='lat' dir='ltr'><strong>Praestant</strong></span> <span class='ocrx_word' id='word_1_124' title='bbox 1242 2323 1340 2397; x_wconf 83' lang='lat' dir='ltr'><strong>idem</strong></span> <span class='ocrx_word' id='word_1_125' title='bbox 1373 2335 1416 2395; x_wconf 88' lang='lat' dir='ltr'><strong>et</strong></span> 
     </span>
     <span class='ocr_line' id='line_1_18' title="bbox 307 2441 1415 2540; baseline -0.003 -27"><span class='ocrx_word' id='word_1_126' title='bbox 307 2443 445 2514; x_wconf 86' lang='lat' dir='ltr'><strong>vocales</strong></span> <span class='ocrx_word' id='word_1_127' title='bbox 472 2441 599 2514; x_wconf 79' lang='lat' dir='ltr'><strong>litterae</strong></span> <span class='ocrx_word' id='word_1_128' title='bbox 624 2441 704 2514; x_wconf 92' lang='lat' dir='ltr'><strong>loco</strong></span> <span class='ocrx_word' id='word_1_129' title='bbox 730 2442 1004 2515; x_wconf 87' lang='lat' dir='ltr'><strong>consonantium</strong></span> <span class='ocrx_word' id='word_1_130' title='bbox 1036 2441 1161 2540; x_wconf 72' lang='lat' dir='ltr'><strong>positae</strong></span> <span class='ocrx_word' id='word_1_131' title='bbox 1183 2443 1198 2514; x_wconf 79' lang='lat' dir='ltr'><strong>i</strong></span> <span class='ocrx_word' id='word_1_132' title='bbox 1219 2453 1256 2514; x_wconf 86' lang='lat' dir='ltr'><strong>et</strong></span> <span class='ocrx_word' id='word_1_133' title='bbox 1276 2468 1325 2513; x_wconf 84' lang='lat' dir='ltr'><strong>u.-</strong></span> <span class='ocrx_word' id='word_1_134' title='bbox 1356 2453 1415 2525; x_wconf 93' lang='lat' dir='ltr'><strong>ut,</strong></span> 
     </span>
     <span class='ocr_line' id='line_1_19' title="bbox 306 2556 1413 2656; baseline -0.003 -26"><span class='ocrx_word' id='word_1_135' title='bbox 306 2583 443 2646; x_wconf 74' lang='lat' dir='ltr'><strong>serum,</strong></span> <span class='ocrx_word' id='word_1_136' title='bbox 460 2557 641 2656; x_wconf 77' lang='lat' dir='ltr'><strong>irp&#39;ustus:</strong></span> <span class='ocrx_word' id='word_1_137' title='bbox 669 2557 731 2630; x_wconf 89' lang='lat' dir='ltr'><strong>sed</strong></span> <span class='ocrx_word' id='word_1_138' title='bbox 755 2557 832 2632; x_wconf 81' lang='lat' dir='ltr'><strong>haec</strong></span> <span class='ocrx_word' id='word_1_139' title='bbox 851 2557 889 2630; x_wconf 95' lang='lat' dir='ltr'><strong>in</strong></span> <span class='ocrx_word' id='word_1_140' title='bbox 909 2558 1032 2632; x_wconf 88' lang='lat' dir='ltr'><strong>metris</strong></span> <span class='ocrx_word' id='word_1_141' title='bbox 1050 2557 1189 2632; x_wconf 87' lang='lat' dir='ltr'><strong>facilius</strong></span> <span class='ocrx_word' id='word_1_142' title='bbox 1206 2556 1413 2656; x_wconf 87' lang='lat' dir='ltr'><strong>depreben-</strong></span> 
     </span>
     <span class='ocr_line' id='line_1_20' title="bbox 308 2671 454 2746; baseline 0 -2"><span class='ocrx_word' id='word_1_143' title='bbox 308 2671 454 2746; x_wconf 89' lang='lat' dir='ltr'><strong>duntur.</strong></span> 
     </span>
    </p>

    <p class='ocr_par' dir='ltr' id='par_1_8' title="bbox 263 2789 1412 3111">
     <span class='ocr_line' id='line_1_21' title="bbox 263 2789 1412 2888; baseline -0.006 -24"><span class='ocrx_word' id='word_1_144' title='bbox 263 2830 295 2878; x_wconf 75' lang='lat'><strong>30</strong></span> <span class='ocrx_word' id='word_1_145' title='bbox 359 2789 517 2888; x_wconf 87' lang='lat' dir='ltr'><strong>Syllabae</strong></span> <span class='ocrx_word' id='word_1_146' title='bbox 537 2789 713 2887; x_wconf 83' lang='lat' dir='ltr'><strong>positione</strong></span> <span class='ocrx_word' id='word_1_147' title='bbox 727 2790 844 2888; x_wconf 81' lang='lat' dir='ltr'><strong>longae</strong></span> <span class='ocrx_word' id='word_1_148' title='bbox 857 2793 952 2866; x_wconf 92' lang='lat' dir='ltr'><strong>fiunt</strong></span> <span class='ocrx_word' id='word_1_149' title='bbox 966 2792 1022 2864; x_wconf 87' lang='lat' dir='ltr'><strong>bis</strong></span> <span class='ocrx_word' id='word_1_150' title='bbox 1037 2789 1172 2864; x_wconf 87' lang='lat' dir='ltr'><strong>modis:</strong></span> <span class='ocrx_word' id='word_1_151' title='bbox 1200 2789 1229 2862; x_wconf 91' lang='lat' dir='ltr'><strong>si</strong></span> <span class='ocrx_word' id='word_1_152' title='bbox 1245 2799 1412 2884; x_wconf 79' lang='lat' dir='ltr'><strong>correpta</strong></span> 
     </span>
     <span class='ocr_line' id='line_1_22' title="bbox 308 2901 1411 3002; baseline -0.006 -24"><span class='ocrx_word' id='word_1_153' title='bbox 308 2906 441 2979; x_wconf 87' lang='lat' dir='ltr'><strong>vocalis</strong></span> <span class='ocrx_word' id='word_1_154' title='bbox 459 2905 599 2980; x_wconf 89' lang='lat' dir='ltr'><strong>desinat</strong></span> <span class='ocrx_word' id='word_1_155' title='bbox 623 2905 659 2978; x_wconf 91' lang='lat' dir='ltr'><strong>in</strong></span> <span class='ocrx_word' id='word_1_156' title='bbox 678 2931 786 2979; x_wconf 88' lang='lat' dir='ltr'><strong>unam</strong></span> <span class='ocrx_word' id='word_1_157' title='bbox 805 2919 1076 2994; x_wconf 83' lang='lat' dir='ltr'><strong>consonantem,</strong></span> <span class='ocrx_word' id='word_1_158' title='bbox 1092 2917 1130 2978; x_wconf 87' lang='lat' dir='ltr'><strong>et</strong></span> <span class='ocrx_word' id='word_1_159' title='bbox 1146 2903 1346 3002; x_wconf 85' lang='lat' dir='ltr'><strong>excipiatur</strong></span> <span class='ocrx_word' id='word_1_160' title='bbox 1363 2901 1411 2974; x_wconf 86' lang='lat' dir='ltr'><strong>ab</strong></span> 
     </span>
     <span class='ocr_line' id='line_1_23' title="bbox 310 3021 727 3111; baseline 0 -17"><span class='ocrx_word' id='word_1_161' title='bbox 310 3022 420 3094; x_wconf 88' lang='lat' dir='ltr'><strong>altera</strong></span> <span class='ocrx_word' id='word_1_162' title='bbox 435 3021 658 3110; x_wconf 83' lang='lat' dir='ltr'><strong>consonanti,</strong></span> <span class='ocrx_word' id='word_1_163' title='bbox 675 3035 727 3111; x_wconf 91' lang='lat' dir='ltr'><strong>ut,</strong></span> 
     </span>
    </p>

    <p class='ocr_par' dir='ltr' id='par_1_9' title="bbox 510 3135 951 3234">
     <span class='ocr_line' id='line_1_24' title="bbox 510 3135 951 3234; baseline 0 -26"><span class='ocrx_word' id='word_1_164' title='bbox 510 3135 630 3208; x_wconf 83' lang='lat' dir='ltr'><strong>Arma</strong></span> <span class='ocrx_word' id='word_1_165' title='bbox 646 3136 836 3234; x_wconf 66' lang='lat' dir='ltr'><strong>vinumque</strong></span> <span class='ocrx_word' id='word_1_166' title='bbox 853 3160 951 3208; x_wconf 84' lang='lat' dir='ltr'><strong>cauo.</strong></span> 
     </span>
    </p>
   </div>
   <div class='ocr_carea' id='block_1_7' title="bbox 265 3265 1105 3478">
    <p class='ocr_par' dir='ltr' id='par_1_10' title="bbox 265 3265 1105 3478">
     <span class='ocr_line' id='line_1_25' title="bbox 265 3265 1105 3355; baseline 0.006 -22"><span class='ocrx_word' id='word_1_167' title='bbox 265 3285 295 3332; x_wconf 75' lang='lat'><strong>³¹</strong></span> <span class='ocrx_word' id='word_1_168' title='bbox 313 3265 405 3338; x_wconf 86' lang='lat' dir='ltr'><strong>Item</strong></span> <span class='ocrx_word' id='word_1_169' title='bbox 424 3267 451 3338; x_wconf 93' lang='lat' dir='ltr'><strong>si</strong></span> <span class='ocrx_word' id='word_1_170' title='bbox 470 3265 611 3340; x_wconf 89' lang='lat' dir='ltr'><strong>desinat</strong></span> <span class='ocrx_word' id='word_1_171' title='bbox 628 3266 665 3338; x_wconf 93' lang='lat' dir='ltr'><strong>in</strong></span> <span class='ocrx_word' id='word_1_172' title='bbox 683 3265 772 3340; x_wconf 90' lang='lat' dir='ltr'><strong>duas</strong></span> <span class='ocrx_word' id='word_1_173' title='bbox 789 3284 1037 3355; x_wconf 87' lang='lat' dir='ltr'><strong>consonantes,</strong></span> <span class='ocrx_word' id='word_1_174' title='bbox 1054 3279 1105 3352; x_wconf 93' lang='lat' dir='ltr'><strong>ut,</strong></span> 
     </span>
     <span class='ocr_line' id='line_1_26' title="bbox 513 3379 1072 3478; baseline 0.009 -27"><span class='ocrx_word' id='word_1_175' title='bbox 513 3381 587 3452; x_wconf 82' lang='lat' dir='ltr'><strong>Est</strong></span> <span class='ocrx_word' id='word_1_176' title='bbox 603 3381 642 3452; x_wconf 83' lang='lat' dir='ltr'><strong>ia</strong></span> <span class='ocrx_word' id='word_1_177' title='bbox 658 3405 801 3454; x_wconf 83' lang='lat' dir='ltr'><strong>secessu</strong></span> <span class='ocrx_word' id='word_1_178' title='bbox 819 3382 927 3478; x_wconf 82' lang='lat' dir='ltr'><strong>longo</strong></span> <span class='ocrx_word' id='word_1_179' title='bbox 945 3379 1072 3452; x_wconf 73' lang='lat' dir='ltr'><strong>llocus.</strong></span> 
     </span>
    </p>
   </div>
   <div class='ocr_carea' id='block_1_8' title="bbox 269 3509 1144 3946">
    <p class='ocr_par' dir='ltr' id='par_1_11' title="bbox 269 3509 1144 3700">
     <span class='ocr_line' id='line_1_27' title="bbox 269 3509 1144 3610; baseline 0.003 -30"><span class='ocrx_word' id='word_1_180' title='bbox 269 3547 298 3594; x_wconf 66' lang='grc' dir='ltr'>μ</span> <span class='ocrx_word' id='word_1_181' title='bbox 314 3511 352 3583; x_wconf 90' lang='lat' dir='ltr'><strong>Si</strong></span> <span class='ocrx_word' id='word_1_182' title='bbox 371 3510 571 3610; x_wconf 81' lang='lat' dir='ltr'><strong>excipiatur</strong></span> <span class='ocrx_word' id='word_1_183' title='bbox 587 3537 608 3583; x_wconf 90' lang='lat' dir='ltr'><strong>a</strong></span> <span class='ocrx_word' id='word_1_184' title='bbox 625 3509 765 3583; x_wconf 92' lang='lat' dir='ltr'><strong>duabus</strong></span> <span class='ocrx_word' id='word_1_185' title='bbox 783 3511 1074 3600; x_wconf 84' lang='lat' dir='ltr'><strong>consonantibus,</strong></span> <span class='ocrx_word' id='word_1_186' title='bbox 1092 3523 1144 3596; x_wconf 93' lang='lat' dir='ltr'><strong>ut,</strong></span> 
     </span>
     <span class='ocr_line' id='line_1_28' title="bbox 564 3624 955 3700; baseline 0 -4"><span class='ocrx_word' id='word_1_187' title='bbox 564 3624 792 3700; x_wconf 79' lang='lat' dir='ltr'><strong>Acrisioneis</strong></span> <span class='ocrx_word' id='word_1_188' title='bbox 809 3627 955 3699; x_wconf 83' lang='lat' dir='ltr'><strong>Danae.</strong></span> 
     </span>
    </p>

    <p class='ocr_par' dir='ltr' id='par_1_12' title="bbox 271 3753 1062 3946">
     <span class='ocr_line' id='line_1_29' title="bbox 271 3753 1062 3856; baseline -0.003 -26"><span class='ocrx_word' id='word_1_189' title='bbox 271 3776 300 3824; x_wconf 81' lang='lat'><strong>³³</strong></span> <span class='ocrx_word' id='word_1_190' title='bbox 316 3757 354 3830; x_wconf 87' lang='lat' dir='ltr'><strong>Si</strong></span> <span class='ocrx_word' id='word_1_191' title='bbox 371 3755 512 3830; x_wconf 87' lang='lat' dir='ltr'><strong>desinat</strong></span> <span class='ocrx_word' id='word_1_192' title='bbox 529 3756 565 3828; x_wconf 92' lang='lat' dir='ltr'><strong>in</strong></span> <span class='ocrx_word' id='word_1_193' title='bbox 583 3753 766 3856; x_wconf 88' lang='lat' dir='ltr'><strong>duplicem</strong></span> <span class='ocrx_word' id='word_1_194' title='bbox 785 3755 939 3830; x_wconf 85' lang='lat' dir='ltr'><strong>litteram</strong></span> <span class='ocrx_word' id='word_1_195' title='bbox 957 3783 993 3842; x_wconf 77' lang='lat' dir='ltr'><strong>a,</strong></span> <span class='ocrx_word' id='word_1_196' title='bbox 1012 3771 1062 3846; x_wconf 92' lang='lat' dir='ltr'><strong>ut,</strong></span> 
     </span>
     <span class='ocr_line' id='line_1_30' title="bbox 565 3870 761 3946; baseline 0 -2"><span class='ocrx_word' id='word_1_197' title='bbox 565 3870 652 3945; x_wconf 80' lang='lat' dir='ltr'><strong>Noa·</strong></span> <span class='ocrx_word' id='word_1_198' title='bbox 668 3883 761 3946; x_wconf 83' lang='lat' dir='ltr'><strong>erat.</strong></span> 
     </span>
    </p>
   </div>
   <div class='ocr_carea' id='block_1_9' title="bbox 271 4003 978 4194">
    <p class='ocr_par' dir='ltr' id='par_1_13' title="bbox 271 4003 978 4194">
     <span class='ocr_line' id='line_1_31' title="bbox 271 4003 978 4103; baseline -0.008 -19"><span class='ocrx_word' id='word_1_199' title='bbox 271 4037 303 4086; x_wconf 74' lang='lat' dir='ltr'><strong>ss</strong></span> <span class='ocrx_word' id='word_1_200' title='bbox 316 4005 354 4078; x_wconf 88' lang='lat' dir='ltr'><strong>Si</strong></span> <span class='ocrx_word' id='word_1_201' title='bbox 373 4003 574 4103; x_wconf 84' lang='lat' dir='ltr'><strong>excipiatur</strong></span> <span class='ocrx_word' id='word_1_202' title='bbox 590 4031 611 4076; x_wconf 92' lang='lat' dir='ltr'><strong>a</strong></span> <span class='ocrx_word' id='word_1_203' title='bbox 627 4003 763 4103; x_wconf 92' lang='lat' dir='ltr'><strong>duplici</strong></span> <span class='ocrx_word' id='word_1_204' title='bbox 782 4005 910 4094; x_wconf 91' lang='lat' dir='ltr'><strong>littera,</strong></span> <span class='ocrx_word' id='word_1_205' title='bbox 927 4018 978 4094; x_wconf 91' lang='lat' dir='ltr'><strong>ut,</strong></span> 
     </span>
     <span class='ocr_line' id='line_1_32' title="bbox 565 4119 907 4194; baseline 0 -2"><span class='ocrx_word' id='word_1_206' title='bbox 565 4119 650 4192; x_wconf 76' lang='lat' dir='ltr'><strong>Ace</strong></span> <span class='ocrx_word' id='word_1_207' title='bbox 664 4119 731 4192; x_wconf 83' lang='lat' dir='ltr'><strong>aab</strong></span> <span class='ocrx_word' id='word_1_208' title='bbox 747 4119 907 4194; x_wconf 81' lang='lat' dir='ltr'><strong>aetlrereo.</strong></span> 
     </span>
    </p>
   </div>
   <div class='ocr_carea' id='block_1_10' title="bbox 316 4359 1406 4603">
    <p class='ocr_par' dir='ltr' id='par_1_14' title="bbox 316 4359 1406 4603">
     <span class='ocr_line' id='line_1_33' title="bbox 358 4359 1404 4442; baseline 0.003 -23"><span class='ocrx_word' id='word_1_209' title='bbox 358 4361 557 4436; x_wconf 74' lang='lat' dir='ltr'><strong>eAtlantides]</strong></span> <span class='ocrx_word' id='word_1_210' title='bbox 573 4361 752 4420; x_wconf 78' lang='lat' dir='ltr'><strong>Antlantides</strong></span> <span class='ocrx_word' id='word_1_211' title='bbox 769 4363 798 4420; x_wconf 89' lang='lat' dir='ltr'><strong>P.</strong></span> <span class='ocrx_word' id='word_1_212' title='bbox 899 4359 969 4436; x_wconf 71' lang='lat' dir='ltr'><strong>¹eu]</strong></span> <span class='ocrx_word' id='word_1_213' title='bbox 985 4363 1084 4421; x_wconf 85' lang='lat' dir='ltr'><strong>eadem</strong></span> <span class='ocrx_word' id='word_1_214' title='bbox 1101 4364 1132 4420; x_wconf 83' lang='grc' dir='ltr'><strong>Ρ.</strong></span> <span class='ocrx_word' id='word_1_215' title='bbox 1229 4363 1404 4442; x_wconf 74' lang='lat' dir='ltr'><strong>sproducta]</strong></span> 
     </span>
     <span class='ocr_line' id='line_1_34' title="bbox 318 4439 1404 4520; baseline 0.002 -22"><span class='ocrx_word' id='word_1_216' title='bbox 318 4442 462 4518; x_wconf 78' lang='lat' dir='ltr'><strong>productas</strong></span> <span class='ocrx_word' id='word_1_217' title='bbox 476 4442 506 4499; x_wconf 90' lang='lat' dir='ltr'><strong>P.</strong></span> <span class='ocrx_word' id='word_1_218' title='bbox 568 4439 685 4516; x_wconf 79' lang='lat' dir='ltr'><strong>l¹solet]</strong></span> <span class='ocrx_word' id='word_1_219' title='bbox 701 4443 795 4499; x_wconf 85' lang='lat' dir='ltr'><strong>solent</strong></span> <span class='ocrx_word' id='word_1_220' title='bbox 808 4443 838 4498; x_wconf 88' lang='lat' dir='ltr'><strong>P.</strong></span> <span class='ocrx_word' id='word_1_221' title='bbox 869 4444 958 4520; x_wconf 86' lang='lat' dir='ltr'><strong>Supra</strong></span> <span class='ocrx_word' id='word_1_222' title='bbox 972 4443 1036 4501; x_wconf 89' lang='lat' dir='ltr'><strong>dedi</strong></span> <span class='ocrx_word' id='word_1_223' title='bbox 1053 4445 1095 4500; x_wconf 80' lang='lat' dir='ltr'><strong>lsoe</strong></span> <span class='ocrx_word' id='word_1_224' title='bbox 1109 4463 1160 4520; x_wconf 86' lang='lat' dir='ltr'><strong>pro</strong></span> <span class='ocrx_word' id='word_1_225' title='bbox 1174 4444 1238 4502; x_wconf 81' lang='lat' dir='ltr'><strong>lroec.</strong></span> <span class='ocrx_word' id='word_1_226' title='bbox 1287 4441 1404 4519; x_wconf 73' lang='lat' dir='ltr'><strong>¹divisa]</strong></span> 
     </span>
     <span class='ocr_line' id='line_1_35' title="bbox 316 4519 1406 4603; baseline 0.001 -25"><span class='ocrx_word' id='word_1_227' title='bbox 316 4522 411 4580; x_wconf 74' lang='lat' dir='ltr'><strong>divise</strong></span> <span class='ocrx_word' id='word_1_228' title='bbox 427 4523 456 4579; x_wconf 91' lang='lat' dir='ltr'><strong>P.</strong></span> <span class='ocrx_word' id='word_1_229' title='bbox 519 4519 618 4596; x_wconf 76' lang='lat' dir='ltr'><strong>lvox]</strong></span> <span class='ocrx_word' id='word_1_230' title='bbox 637 4543 691 4579; x_wconf 88' lang='lat' dir='ltr'><strong>nox</strong></span> <span class='ocrx_word' id='word_1_231' title='bbox 706 4524 738 4580; x_wconf 90' lang='lat' dir='ltr'><strong>P.</strong></span> <span class='ocrx_word' id='word_1_232' title='bbox 801 4519 902 4580; x_wconf 89' lang='lat' dir='ltr'><strong>¹loeus</strong></span> <span class='ocrx_word' id='word_1_233' title='bbox 916 4525 985 4597; x_wconf 77' lang='lat' dir='ltr'><strong>ete]</strong></span> <span class='ocrx_word' id='word_1_234' title='bbox 1001 4525 1080 4582; x_wconf 87' lang='lat' dir='ltr'><strong>locus</strong></span> <span class='ocrx_word' id='word_1_235' title='bbox 1094 4525 1124 4582; x_wconf 87' lang='lat' dir='ltr'><strong>P.</strong></span> <span class='ocrx_word' id='word_1_236' title='bbox 1139 4523 1187 4582; x_wconf 90' lang='lat' dir='ltr'><strong>ubi</strong></span> <span class='ocrx_word' id='word_1_237' title='bbox 1201 4537 1257 4582; x_wconf 88' lang='lat' dir='ltr'><strong>etc.</strong></span> <span class='ocrx_word' id='word_1_238' title='bbox 1269 4543 1344 4603; x_wconf 85' lang='lat' dir='ltr'><strong>saepe</strong></span> <span class='ocrx_word' id='word_1_239' title='bbox 1357 4543 1406 4580; x_wconf 89' lang='lat' dir='ltr'><strong>om.</strong></span> 
     </span>
    </p>
   </div>
   <div class='ocr_carea' id='block_1_11' title="bbox 0 0 1529 5084">
    <p class='ocr_par' dir='ltr' id='par_1_15' title="bbox 0 0 1529 5084">
     <span class='ocr_line' id='line_1_36' title="bbox 0 0 1529 5084; baseline 0 0"><span class='ocrx_word' id='word_1_240' title='bbox 0 0 1529 5084; x_wconf 95' lang='lat' dir='ltr'><strong> </strong></span> 
     </span>
    </p>
   </div>
  </div>
 </body>
</html>
