3076 5140
174 345 259 395 car.
273 337 307 397 3.
504 322 568 396 De
583 322 710 396 metria
725 319 959 396 Horatianis.
1201 334 1274 410 229

225 493 452 568 Laudabunt
470 493 537 568 alii
554 493 695 569 claram
713 493 869 568 Rhodon
886 503 953 568 ont
971 491 1192 594 Mitylenen,

173 611 307 684 dehinc
323 609 468 708 epodos,

223 727 305 800 Aut
319 725 501 823 Epheson,
520 725 715 800 binariam
736 725 914 800 Corinthi.

45 846 46 865 ¹
176 843 246 916 Cui
266 843 293 916 si
310 842 398 915 duos
417 840 526 942 pedes
543 841 691 914 ultimos
711 841 868 936 adjicias,
881 843 945 914 fiat
958 841 1200 930 hexametrus,
1214 840 1276 928 sic,

223 959 307 1034 An
323 958 494 1056 preson
513 957 707 1032 bimarisve
726 955 896 1032 Corinthi
912 957 1045 1030 moenio
1063 983 1183 1030 cerno.

222 1075 360 1150 Octava
376 1073 446 1147 ode
471 1074 638 1146 similiter
655 1099 739 1147 curn
758 1073 875 1174 epodo
892 1073 1081 1160 ‘dimetrm
1098 1071 1195 1170 quod
1222 1087 1276 1146 ta·
1289 1093 1319 1142 rs

174 1217 259 1264 men
283 1189 475 1289 eprapbodr
497 1189 634 1263 lactum
662 1205 728 1278 est,
746 1215 830 1262 nam
860 1187 984 1284 majori
1013 1201 1129 1260 metro
1155 1189 1275 1262 minus

175 1307 362 1404 praelatum
381 1321 448 1394 est,
465 1304 564 1402 quod
589 1319 730 1378 constat
755 1331 800 1378 ex
826 1305 1037 1378 choriambo
1060 1316 1097 1376 ct
1115 1305 1276 1378 bacchio.
1321 1363 1324 1370 .

176 1421 261 1496 Hoc
276 1450 420 1522 quoque
446 1421 613 1496 carminis
638 1447 751 1519 genus
774 1420 917 1494 dicolon
943 1420 988 1492 ab
1006 1419 1129 1490 Alcaeo
1146 1419 1277 1517 lyricus

176 1553 293 1612 noster
308 1539 460 1636 aceepit,
476 1536 574 1635 quod
592 1551 645 1610 est
664 1535 885 1633 hujusmodi,

272 1654 399 1754 Lydio
416 1655 475 1727 dic
485 1679 557 1751 per
572 1679 695 1728 omnes

272 1769 357 1842 Hoc
373 1769 459 1844 deos
473 1795 567 1855 vere,
583 1769 747 1868 Sybarin
766 1793 832 1842 cur
848 1779 865 1830 5
868 1793 1049 1864 properos
1065 1767 1233 1840 omondo.

177 1884 275 1958 Prior
299 1912 434 1974 versus,
454 1905 494 1958 ut
519 1885 690 1970 diximus,
711 1901 755 1958 ex
781 1883 992 1958 choriambo
1017 1899 1053 1956 et
1078 1883 1227 1956 bacchio
1256 1895 1321 1958 ar⁶

177 2001 271 2073 brevi
297 2001 505 2102 incipiente,
528 2027 680 2098 sequens
706 2029 727 2074 e
748 2001 862 2074 tribus
885 2000 1103 2074 choriambis
1130 1999 1277 2096 adaeque

176 2117 359 2191 claudente
377 2145 520 2192 versum
540 2117 704 2203 bacchio,
721 2117 932 2190 subsistunt.
984 2115 1093 2198 Quod
1121 2129 1276 2188 metrum

176 2247 292 2306 utrum
317 2261 434 2307 errore
461 2259 525 2306 seu
550 2232 670 2306 studio
693 2245 811 2332 poetae
835 2259 938 2305 secus
961 2257 1071 2330 quam
1103 2231 1193 2304 ratio
1223 2243 1278 2303 est

176 2351 366 2446 processit?
408 2349 508 2422 Nam
544 2349 630 2422 lecit
663 2347 754 2421 illud
788 2349 959 2448 asperius,
992 2373 1066 2421 uno
1099 2347 1277 2420 inmutato

176 2465 264 2562 pede
291 2465 328 2538 in
365 2465 544 2565 principio
577 2463 725 2538 secundi
756 2491 891 2552 versus,
924 2490 990 2564 pro
1025 2464 1145 2536 iambo
1178 2459 1274 2532 enim

176 2581 371 2678 spondeum
404 2581 558 2670 induxit,
587 2582 638 2655 sic
668 2581 734 2654 boc
763 2581 847 2654 deos
875 2607 929 2669 ve,
957 2606 1067 2677 quem
1100 2576 1277 2651 choriam-

177 2695 260 2769 bum
285 2723 361 2769 esse
387 2709 615 2770 convenerat.
667 2695 765 2770 Nam
791 2723 913 2770 versus
938 2711 1083 2768 auctore
1107 2693 1231 2794 Alcaeo
1256 2715 1321 2766 ear

175 2812 286 2886 tribus
320 2812 539 2885 choriambis
572 2826 610 2884 et
644 2812 807 2902 bacchio,
836 2813 872 2884 in
903 2837 977 2910 quo
1007 2807 1176 2883 catalexis
1211 2823 1276 2898 est,

175 2927 362 3018 clauditur,
379 2927 442 3026 qui
462 2927 541 3018 erit,

273 3043 360 3116 Hoc
376 3044 461 3116 deos
476 3069 559 3117 vere
575 3041 738 3143 Sybarin
755 3069 822 3116 cnr·
834 3067 1015 3141 properos
1031 3042 1195 3115 amando.

173 3158 318 3232 Etenim
345 3159 374 3231 si
401 3159 563 3232 imitatus
585 3173 679 3232 esset
700 3159 878 3248 Alcaeum,
901 3159 951 3232 ita
975 3158 1194 3259 protulisset,
1213 3155 1277 3230 lroo

173 3275 241 3348 deo
258 3293 375 3348 zvere.
409 3273 517 3347 Error
534 3289 657 3348 tamen
675 3273 764 3370 ejus,
782 3276 810 3348 si
830 3303 902 3348 non
921 3275 1040 3350 studio
1057 3277 1192 3350 factum
1212 3289 1278 3364 est,

173 3391 282 3464 habet
298 3391 581 3480 excusationem,
599 3390 695 3488 quod
722 3391 895 3466 continuo
914 3392 1073 3466 carmine
1099 3391 1134 3465 id
1161 3417 1275 3492 genus

210 3627 226 3656 ¹
240 3615 391 3690 dimetros]
410 3614 532 3674 dimetro
547 3617 578 3674 P.
710 3628 726 3672 5
739 3621 887 3694 properes]
905 3637 1038 3697 properas
1053 3621 1085 3678 P.
1100 3618 1184 3678 etsie
1200 3639 1274 3678 mos.

172 3706 187 3738 ¹
202 3697 333 3771 veneror]
349 3715 411 3753 rere
425 3715 503 3754 error
516 3697 548 3754 P.
591 3695 658 3754 Vid.
674 3695 740 3755 mit
756 3699 834 3756 Fort.
850 3699 873 3756 Ι.
889 3719 918 3776 9,
936 3701 1034 3775 17.11.
1053 3699 1099 3768 28,
1113 3701 1159 3758 26.
1174 3715 1221 3775 27.

212 3886 261 3943 35.
283 3870 344 3925 Hoc
357 3871 421 3926 deos
435 3871 509 3945 oere]
535 3871 626 3948 Supra
646 3871 701 3946 [ll.
744 3871 845 3930 riorem
859 3871 1044 3932 mutationem
1057 3872 1192 3932 indicare.
1213 3873 1276 3932 CA·

172 3950 200 4014 6,
217 3950 346 4022 10]com
361 3961 435 4008 esset
453 3953 481 4008 iu
497 3953 649 4030 archetypo
668 3951 700 4008 li·
743 3953 845 4010 MER.

171 4041 243 4097 tura,
275 4031 433 4088 curarimus
462 4033 563 4089 excudi
594 4051 702 4090 versum
785 4033 834 4108 36.
850 4033 934 4095 Quod
950 4037 1086 4111 metrum]
1103 4035 1170 4094 Vid.
1186 4037 1275 4095 Bent-

172 4109 361 4168 Horatianum
393 4111 468 4170 sicut
500 4112 641 4192 legeretur
673 4113 702 4170 in
744 4113 830 4172 leium
846 4115 881 4172 ad
901 4115 1001 4174 Horat.
1023 4130 1131 4193 p.710.
1147 4117 1196 4192 qui
1212 4137 1276 4174 mox

173 4189 292 4270 vulgatis
305 4189 468 4264 codicibus,
493 4193 542 4250 sed
563 4213 628 4251 cnm
649 4195 703 4252 boc
745 4214 796 4272 pro
817 4195 867 4252 troc
885 4199 965 4253 deum
984 4215 1096 4254 ueneror
1110 4196 1225 4256 exhibet
1240 4197 1277 4255 Te

172 4271 237 4329 loco
248 4271 357 4330 diversa
371 4273 432 4330 baeo
443 4271 581 4350 scriptura
592 4285 621 4332 et
634 4293 703 4333 con·
745 4277 812 4332 dors
826 4293 842 4332 o
856 4295 913 4334 non
934 4277 972 4334 Te
985 4279 1048 4334 deor
1062 4295 1087 4335 o.
1103 4288 1133 4334 et
1147 4295 1205 4335 om.
1218 4277 1276 4350 nm

174 4363 252 4410 stans
271 4365 301 4410 et
319 4351 426 4430 liquida
446 4355 623 4430 reperiretur,
645 4355 705 4434 pla.
746 4367 776 4413 et
789 4357 1077 4416 continno-sermm
1091 4365 1127 4414 et.

174 4430 232 4490 cuit
249 4445 279 4492 et
298 4433 389 4511 ipsam
408 4432 566 4512 relinquere
579 4448 609 4494 et
622 4455 706 4516 supe·
