2970 5134
420 388 817 474 ueterumaporpasmatia.
1111 392 1172 454 581

20 557 284 643 antiquiorem
300 557 415 641 firisse
442 558 632 636 caminum,
657 577 752 644 otram
776 577 889 644 prosa.
948 559 1065 624 Omnia
1092 562 1176 624 enim

21 659 150 743 prius
169 659 325 724 verubus
339 659 563 724 condebantur.
638 717 642 723 .

88 761 286 826 matianis
299 771 402 826 autem
426 761 568 826 amdam
586 761 714 848 primus
728 763 798 848 egit
811 763 923 826 Saron
968 763 1101 828 Primus
1119 785 1177 828 aa·

33 872 108 926 tem
139 863 247 950 apud
263 865 391 928 Gratas
409 863 627 952 nPrernyta
649 865 770 950 Syrius
793 864 887 928 solita
907 864 1078 930 traditione
1101 870 1179 932 seri-

31 967 128 1051 psit.
186 965 291 1051 Aprsd
304 967 466 1032 Rmnanos
479 975 585 1030 autem
599 967 740 1053 ⁰Appius
754 965 910 1030 senardus
924 965 1078 1034 adaerars
1094 969 1179 1054 Ppr-

39 1068 155 1132 risum
197 1068 354 1132 Latinam
381 1070 553 1134 naama
579 1069 708 1155 primus
737 1068 887 1132 eneratit.
940 1067 1017 1132 lam
1042 1090 1083 1134 ea
1105 1069 1180 1136 bins

43 1171 185 1234 eceteri
200 1191 265 1258 pro
279 1190 314 1232 re
328 1170 504 1256 eloquentia
516 1171 752 1236 contardemnt.
1188 1217 1190 1224 ·

102 1273 277 1338 Omnibus
291 1275 401 1338 meins
415 1261 578 1338 eberbino
588 1275 683 1360 prior
696 1281 753 1338 est.
797 1271 899 1336 Hune
914 1274 1098 1338 rCarrtesius
1112 1276 1181 1342 Mi-

50 1378 166 1440 lesius
176 1376 302 1461 fertur·
321 1377 448 1463 prinus
463 1377 682 1462 cmpomisse:
706 1375 765 1451 vel,
783 1385 819 1440 ut
840 1375 899 1440 aiii
915 1385 1046 1462 patara,
1062 1377 1178 1442 Piere-

53 1479 163 1564 cydes
181 1481 318 1564 Syrius.
364 1477 455 1552 Quod
469 1487 602 1542 namn
616 1485 690 1540 ante
704 1477 882 1542 Horatium
896 1477 1049 1564 Pythium
1062 1479 1181 1546 dictum
1285 1522 1287 1527 -

57 1590 124 1655 est,
139 1589 220 1666 post
235 1581 413 1644 Homerum
427 1581 584 1644 berbicum
599 1573 805 1643 nominatum.

111 1681 191 1746 Hoc
203 1691 309 1746 autem
321 1691 455 1747 metrum
467 1683 654 1746 amaritate
668 1690 770 1746 erton
784 1689 885 1746 nstra
895 1681 1067 1768 proceda:
1081 1704 1181 1748 unum

64 1806 108 1848 en
124 1784 280 1848 amnibus
294 1792 358 1848 tan
383 1785 531 1848 marinis
549 1784 696 1870 operibus
711 1793 836 1870 ⁵aptum
858 1786 1047 1871 apparuisse
1063 1787 1181 1872 gravi·

27 1901 36 1908 ·
67 1887 216 1974 tutisque
238 1907 277 1950 ac
297 1885 472 1950 dulcedinis
498 1871 599 1972 apua
616 1906 733 1972 capae.
790 1887 911 1961 Quibus
932 1888 1105 1952 virtuibus
1129 1909 1184 1952 no-

70 2009 148 2050 men
170 1987 274 2053 mum
295 1989 443 2064 obtinuit,
462 1995 500 2051 ut
520 1987 679 2052 beroiosm
703 1997 880 2068 uocaretur,
899 1981 1185 2054 adnumerandus

73 2090 198 2154 seilicet
225 2091 372 2154 ‘laram
394 2109 457 2154 res.
512 2089 600 2154 Nam
626 2099 657 2154 et
677 2112 751 2176 prce
775 2093 886 2156 retem
907 2092 1185 2179 vsimplicissimus

75 2191 223 2270 taem,
238 2199 419 2278 amamur
432 2212 449 2254 e
462 2190 583 2258 namt
596 2193 882 2281 pertentatura
900 2204 931 2260 a
949 2195 1093 2281 φοιᾱιο.
1138 2195 1186 2260 Ac

81 2396 138 2460 tiae,
155 2412 241 2470 qutun
251 2392 419 2530 fhisiicm
436 2387 613 2531 alrbitrsban-
655 2399 737 2530 οειεῖἱ
753 2397 1018 2532 ffisdwmfia
1040 2398 1185 2453 contende·

84 2487 140 2540 tur,
159 2493 226 2531 suas
263 2494 320 2532 uror
344 2495 409 2532 uss
460 2487 613 2532 icaverunt.
655 2495 731 2533 run.
866 2515 873 2531 .

83 2555 155 2612 Tale
182 2553 251 2630 qrrid
285 2495 508 2612 animadrbitere
543 2555 614 2613 mihi
695 2555 847 2612 qberonus
862 2557 942 2630 prior
960 2555 1012 2627 est]
1033 2554 1117 2632 Apud
1131 2555 1185 2613 lsi-

86 2636 183 2693 videor
197 2633 225 2691 in
240 2633 365 2712 proxime
379 2637 510 2713 sequenti
522 2635 615 2712 cupite
655 2635 755 2694 dorum
780 2634 887 2692 editur:
926 2636 1056 2692 Omnibus
1082 2655 1187 2710 quoque

89 2714 187 2774 Isidori
215 2735 243 2792 p.
259 2716 327 2790 853.
354 2735 392 2772 vs.
409 2733 436 2772 a.
461 2714 508 2774 ubi
539 2735 615 2774 nuuc
655 2719 750 2774 metris
774 2717 911 2774 imoicam
933 2718 1011 2790 prius
1032 2724 1080 2772 ert.
1131 2717 1186 2774 Sed

91 2797 196 2854 editur:
228 2797 360 2870 Pytbium
382 2802 472 2854 autern
490 2804 616 2854 uocatam
657 2809 776 2873 uterque
791 2797 857 2854 MS.
875 2795 943 2854 isid.
964 2799 1041 2872 prior
1054 2804 1114 2854 est:
1136 2797 1187 2855 bo·

91 2879 235 2944 arbutea
256 2877 329 2951 quad
350 2877 400 2934 boc
416 2896 516 2950 genere
536 2879 617 2934 metri
657 2895 777 2954 rumque
805 2877 877 2934 niter
906 2875 992 2936 etiam
1021 2877 1080 2942 boe.
1110 2877 1186 2954 quod

95 2959 202 3014 orasula
221 2959 357 3032 Apollinis
379 2957 615 3015 siutedita.1u
658 2956 755 3016 statim
770 2957 898 3036 sequitur
919 2955 1039 3015 mutavit
1056 2956 1084 3014 iu
1107 2959 1187 3016 bunc.

95 3037 137 3094 his
148 3038 263 3096 verbum
275 3046 374 3095 vacam
391 3057 449 3096 ιιοιι
464 3057 480 3094 ιι
495 3037 616 3108 librario,
661 3039 778 3096 HEUS

98 3117 143 3176 sed
157 3137 173 3175 s
185 3131 341 3176 conectere
361 3117 549 3194 antiquissimi
569 3139 617 3177 co.
699 3129 712 3162 r
733 3119 888 3194 Caninius]
917 3091 1043 3176 Isidorus
1065 3119 1189 3178 Achate-

99 3197 307 3275 dicisseriptuni
321 3199 392 3258 ridi.
416 3199 535 3257 HEUS.
657 3202 721 3258 sius.
763 3198 930 3258 Fabricius'
922 3219 952 3256 ιιι
974 3198 1106 3257 biblioth.
1124 3199 1188 3257 Lat.

138 3279 469 3358 margaritarum]
495 3279 538 3337 Ex
563 3281 618 3338 lsi·
660 3279 795 3338 emendat
809 3282 962 3338 Hecataei.
987 3279 1108 3338 HEUS.

103 3360 166 3418 doro
197 3359 267 3417 udde
308 3359 476 3417 vocabulum
514 3379 618 3427 suram,
701 3369 820 3436 ⁸aptum
833 3361 1004 3436 φρατιιῐιιε]
1026 3359 1191 3418 Emendsnt

104 3441 172 3516 quod
192 3439 317 3498 librarius
339 3453 438 3498 noster
462 3451 568 3500 temere
587 3461 619 3498 o-
661 3439 763 3499 lsidori
783 3440 846 3498 libri
867 3449 972 3516 aptum
988 3459 1070 3516 quam
1084 3445 1189 3516 paruis,

106 3519 182 3578 misit.
208 3521 323 3579 HEUS.
661 3520 711 3598 ipsi
731 3541 797 3579 uero
816 3540 832 3580 e
852 3533 950 3579 nostro
968 3521 1138 3580 emendandi
1160 3520 1190 3578 in

143 3602 336 3676 ”Pherecydes
358 3601 467 3674 Syrias]
495 3602 619 3660 Isidorus
653 3619 705 3671 eo,
728 3601 804 3679 quod
834 3603 995 3680 proximum
1024 3602 1189 3661 roesbuluru

109 3700 161 3758 cap.
172 3681 213 3755 38.
236 3683 333 3756 Syrus.
376 3682 420 3738 Ex
435 3681 534 3740 eodem
552 3702 619 3760 pro·
658 3686 858 3758 gemmasque
890 3684 987 3762 inepte
1013 3679 1211 3741 mutaverunt*

110 3762 174 3818 xima
185 3765 261 3820 salita
276 3763 431 3830 traditione,
443 3763 566 3824 eruenda
578 3782 622 3821 so.
662 3764 691 3820 in
705 3765 911 3838 suavitatisque.
942 3764 1059 3822 HEUS.

112 3845 162 3900 luta
174 3847 297 3901 natwne
326 3842 445 3900 HEUS.
703 3843 841 3901 tiaram
857 3845 912 3918 res]
936 3843 1054 3901 Addunt
1071 3841 1144 3899 bic
1138 3861 1191 3899 un.

147 3926 423 4000 ⁰Appiutseamdus]
439 3925 547 3999 Appius
562 3924 621 3982 Ca·
663 3923 1065 4003 pressslsidoriexenrplaria.
1089 3924 1139 3980 boc
1152 3930 1192 3980 est

113 4023 152 4060 cus
179 4023 206 4060 er
240 4004 350 4062 Isidoro
384 4003 534 4082 legendum
569 4017 621 4064 est.
655 4004 786 4082 sortium,
809 4004 885 4082 quod
906 4024 924 4062 u
946 4005 1065 4062 vetustis
1089 4002 1192 4062 Isidori

115 4068 212 4142 HIlUS.
311 4141 314 4148 ,
661 4084 868 4163 exemplaribus
895 4097 925 4142 et
948 4103 965 4141 u
990 4095 1088 4142 nostro
1116 4095 1192 4142 reate

148 4168 244 4222 scuni
260 4183 313 4239 pro
332 4183 363 4222 re
380 4167 535 4241 elaqamtia
556 4185 620 4224 eon-
662 4167 751 4226 sbest.
779 4165 897 4224 HEUS.

117 4247 250 4320 induunt]
277 4246 420 4324 lmpresa
444 4245 546 4304 isidori
571 4266 619 4305 er·
702 4257 718 4290 v
743 4245 967 4321 simplicissimus]
1000 4243 1193 4304 Consentiunt

117 4326 227 4404 eaplsria
250 4326 373 4385 habent.
404 4334 432 4384 et
454 4330 537 4384 ceteri
556 4347 622 4402 pra-
663 4325 709 4384 bie
735 4327 822 4384 MSS.
854 4324 956 4384 Isidori
982 4345 1047 4385 cunr
1084 4331 1190 4384 nostri

117 4425 164 4464 san
173 4409 310 4464 nemnem
323 4409 511 4466 condiderunt.
542 4409 621 4467 Alter
662 4408 773 4465 'famen
792 4425 857 4464 cum
880 4405 1024 4486 impressis
1043 4405 1143 4465 Isidori
1157 4405 1192 4463 li-

119 4487 172 4544 MS.
189 4486 281 4545 Isidori
302 4496 330 4544 et
354 4491 437 4547 ceteri
456 4507 544 4564 prora
565 4491 631 4548 ela-·
663 4486 719 4546 bris
732 4487 883 4566 legendum
898 4501 942 4548 est
959 4490 1191 4596 simplicissimum.

121 4571 232 4642 question
262 4571 462 4626 madiderunt:
497 4569 569 4628 alter
595 4579 622 4629 et
664 4568 779 4628 HEUS.
