3012 5084
304 385 353 448 tta
697 365 816 441 Marii
835 367 1016 442 Victorini
1285 393 1367 442 ma.
1382 393 1406 442 ι
1423 425 1441 444 .

306 555 379 629 Hae
396 553 543 654 syllabas
561 579 626 652 pro
643 551 813 626 brevibus
829 551 925 652 opud
942 565 1090 642 veteres,
1104 579 1170 652 pro
1187 553 1303 652 longis
1318 579 1440 628 vero

264 671 402 771 uapud
428 695 554 743 omnes
580 681 775 768 ponuntur.
827 667 949 742 Potest
975 681 1013 742 et
1042 667 1102 740 hic
1130 668 1260 742 modus
1282 683 1435 744 sextus

306 786 555 861 communium
586 783 805 882 syllabarum
833 779 957 874 videri,
974 783 1036 881 qui
1066 783 1163 883 apud
1189 810 1316 860 omnes
1345 813 1435 859 re-

306 917 399 977 teres
416 927 570 1002 semper,
583 913 620 974 et
637 900 731 1001 apud
750 899 958 998 ¹Virgilium
979 900 1192 998 plerumque
1215 925 1279 998 pro
1296 901 1433 999 longa

265 1047 294 1096 ra
307 1019 445 1117 syllaba
470 1031 545 1092 est:
579 1043 663 1090 nam
694 1043 758 1115 pro
787 1013 885 1088 brevi
916 1013 1011 1114 apud
1042 1040 1154 1087 novos
1188 1028 1312 1112 poetas
1336 1013 1432 1088 fre-

306 1147 476 1232 quenter:
505 1131 603 1229 quod
621 1143 676 1204 est
693 1130 755 1220 sic,
774 1157 856 1204 cum
875 1132 1025 1206 verbum
1053 1131 1127 1204 sive
1152 1157 1323 1204 nomeno
1342 1131 1428 1204 lra-

306 1249 368 1321 bet
386 1247 550 1320 ultimam
569 1259 865 1346 correptam,non
883 1247 1116 1346 sequentibus
1134 1243 1302 1320 ¹‘duabus
1318 1273 1425 1320 con-

307 1363 537 1436 sonantibusz
564 1376 616 1452 ut,

509 1474 627 1552 Canto
643 1501 721 1576 que
738 1475 896 1550 ¹solituo.

306 1575 368 1664 Et'
506 1671 652 1748 Monta
663 1673 788 1772 prima
804 1672 1000 1774 nasoon.

307 1771 416 1862 Item,
510 1868 581 1944 Cui
595 1869 697 1944 «luno
713 1883 739 1917 ¹¹¹
750 1872 954 1944 summissa.

306 1967 358 2042 Et
374 1967 471 2055 alibi,

508 2067 598 2142 Heu
613 2067 765 2142 nimium
781 2068 886 2168 uirgo
902 2067 1066 2142 nimium.

308 2215 353 2288 In
378 2213 434 2287 his
452 2215 549 2288 enim
575 2217 744 2291 omnibus
762 2243 782 2290 o
801 2217 917 2290 littera
935 2228 1097 2316 correpta
1124 2241 1189 2315 pro
1210 2219 1317 2318 longa
1346 2247 1415 2293 ac-

265 2357 295 2410 ¹9
308 2329 451 2430 cipitur.
515 2331 613 2405 Nam
640 2359 705 2432 pro
735 2333 832 2405 brevi
860 2333 972 2406 ¹¹novi
1000 2345 1141 2406 tantum
1172 2345 1188 2380 ⁰
1197 2349 1415 2433 posuerunt,

307 2459 349 2520 ut
366 2446 557 2537 Martialis,

583 2544 668 2620 Non
685 2573 766 2621 orrro
782 2557 818 2622 te
836 2547 975 2622 Sabidi.

308 2661 358 2736 Et
375 2660 470 2760 apud
488 2661 682 2761 Virgilium
702 2663 892 2748 invenitur,
911 2677 950 2736 ut
966 2675 1033 2753 est,

582 2776 793 2864 Numerio,
812 2779 903 2878 quid
915 2780 964 2852 cit
981 2803 1093 2852 umor.

308 2892 379 2966 Sed
393 2893 455 2992 qui
470 2893 564 2967 hanc
582 2894 757 2994 syllabam
773 2895 917 2993 longam
940 2921 1017 2966 esse
1033 2893 1247 2965 onluerunt
1264 2916 1412 2990 semper

307 3009 448 3082 elidunt
476 3009 561 3082 inde
583 3011 598 3084 i
622 3011 790 3096 litteram,
818 3025 857 3084 ut
884 3010 946 3096 sic,
974 3033 1070 3082 nunc
1091 3033 1160 3082 aco.
1195 3031 1409 3106 quanquam

308 3135 437 3197 lcausa
450 3139 505 3197 est
518 3151 624 3223 super
637 3126 707 3199 hoc
720 3127 841 3215 verbo,
851 3151 961 3222 quare
971 3149 1116 3198 necese
1129 3123 1409 3196 estorlitteram

263 3253 296 3290 ²⁰
308 3238 449 3338 corripi.
493 3239 539 3312 In
557 3239 614 3312 his
631 3241 730 3314 enim
749 3242 864 3316 verbis
877 3267 957 3340 quoe
969 3239 1157 3314 nominum
1173 3237 1328 3336 speciem
1343 3261 1411 3333 ge-

306 3353 540 3442 runt,endem
558 3355 685 3456 corripi
704 3371 845 3456 oportet
860 3369 1006 3455 propter
1022 3352 1286 3428 discretionem.
1304 3350 1407 3424 Nam

307 3469 393 3558 scio,
415 3469 444 3540 si
468 3469 637 3568 corripias
660 3497 680 3544 o
707 3471 875 3562 litteram,
891 3473 1040 3546 verbum
1060 3485 1134 3554 est;
1161 3469 1190 3544 oi
1216 3466 1407 3568 producas,

307 3595 464 3656 'nomen
491 3597 545 3658 cat
570 3585 760 3684 singularis
786 3587 897 3662 dativi
925 3587 980 3660 vel
1005 3585 1163 3674 ablativi,
1188 3599 1230 3658 ut
1254 3583 1349 3672 huic,
1368 3599 1407 3658 et

263 3712 293 3749 ²¹
309 3699 354 3772 ob
371 3699 437 3774 lroc
452 3700 536 3774 ocio.
589 3700 683 3774 ltem
702 3703 774 3776 tale
794 3717 848 3775 est
873 3711 1045 3792 monstro,
1061 3717 1098 3775 et
1115 3709 1267 3789 ostano,
1283 3713 1321 3774 et
1336 3699 1406 3772 fre-

348 3895 423 3956 ive
457 3899 550 3974 lium]
568 3898 719 3979 Virgilium
734 3901 768 3959 P.
862 3897 1014 3974 ¹¹duabus]
1031 3899 1141 3960 duobus
1155 3901 1188 3958 P.
1283 3897 1405 3957 leolitus

307 3979 376 4054 etc]
402 3979 502 4038 soltus
527 3980 559 4038 P.
686 3991 710 4024 Ν
733 3979 885 4056 submissa]
910 3979 1033 4040 suffiissa
1055 3981 1087 4038 P.
1210 3991 1227 4022 ³
1241 3999 1299 4038 noo
1323 3977 1401 4055 nori]

308 4057 373 4116 novi
388 4059 420 4115 P.
516 4069 531 4102 ⁰
546 4061 677 4136 posuere]
695 4073 851 4138 posuerunt
866 4063 898 4118 P.
993 4071 1009 4118 Ρ
1024 4061 1176 4118 voluerunt
1189 4061 1314 4140 semper]
1330 4077 1404 4118 aero·

307 4157 358 4214 per
370 4138 520 4197 voluerunt
533 4141 564 4197 P.
600 4141 674 4199 Mox
689 4141 905 4200 utsitVossins.
980 4143 1122 4217 tcauaoa]
1140 4159 1225 4199 causa
1238 4141 1271 4200 P.
1332 4139 1404 4198 rlit-

308 4220 413 4294 teram]
430 4237 446 4276 o
459 4218 582 4278 litteram
597 4221 630 4278 P.
729 4231 741 4262 ¹
756 4222 874 4297 nomen]
891 4240 996 4279 nomen
1011 4235 1055 4280 est
1070 4221 1101 4278 P.

352 4414 397 4474 19.
413 4393 493 4454 Dicit
504 4393 650 4474 Sosipater
663 4396 692 4456 in
706 4397 761 4458 boc
772 4397 837 4464 Vir·,
876 4409 993 4468 veteres,
1009 4397 1120 4478 sequuti
1135 4399 1262 4468 Grecos,
1276 4423 1294 4456 o
1308 4410 1404 4458 natura

306 4473 835 4558 giliireraunullamaynnloephenesse,
877 4478 992 4560 longam
1002 4479 1031 4538 in
1041 4477 1227 4556 ultimarerbi
1239 4478 1345 4556 syllaba
1355 4498 1402 4556 pro

308 4555 358 4614 sed
379 4557 452 4615 hanc
476 4557 561 4616 luisse
584 4559 734 4626 rationem,
759 4559 836 4637 quod
877 4557 1023 4619 communi
1038 4559 1210 4638 usurparint.
1230 4559 1363 4618 COMM.
