3076 5140
140 424 227 475 css.
241 415 275 474 l.
299 401 366 476 Dc
382 403 842 504 meminimusque
859 405 1066 478 inconnexis
1084 405 1147 504 ⁸5⁶·
1176 421 1247 496 209

139 587 277 775 plebisl,
289 587 327 659 iu
345 613 420 684 quo
437 587 479 660 lit
495 587 634 776 primpp
660 587 854 718 spondeus,
870 590 1051 778 sepiundus
1067 605 1104 664 et
1120 589 1246 664 tertius

143 715 259 920 ,1:03
261 727 306 892 pu
309 715 472 906 spuppps’
507 731 596 804 spon
623 731 699 790 eus,
733 719 881 802 quintus
940 711 1090 806 actylus,
1124 719 1246 778 sextus
1261 721 1292 776 79

347 933 418 1008 Cui
433 960 504 1008 non
521 935 641 1056 dictus
657 935 784 1036 Hylas
798 965 893 1037 puer

144 1063 280 1150 parest
299 1050 395 1138 huic,

347 1165 463 1238 Hunc
479 1164 600 1238 lucum
620 1166 687 1240 tibi
703 1167 838 1256 dedico,

145 1281 375 1376 octosyllabo,
404 1282 466 1379 qui
498 1281 744 1354 choriambica
771 1283 1021 1382 conpositione
1052 1281 1244 1356 formatur:

146 1423 298 1494 sequeus
315 1422 408 1494 pars,
1280 1428 1282 1434 ·

364 1511 416 1584 Et
434 1511 600 1586 Latonia
617 1513 748 1604 Delos,

147 1627 396 1728 heptasyllabo
409 1628 473 1717 illi,

398 1743 643 1842 Consecroque
661 1745 811 1844 Priape,

147 1885 224 1956 quae
258 1860 419 1958 spondeo
444 1873 481 1932 et
506 1859 650 1960 dactylo
679 1875 716 1933 et
742 1861 901 1934 trochoeo
927 1859 1099 1933 subsistit.
1151 1857 1246 1934 Cum
1262 1875 1296 1924 80

147 2003 230 2073 crgo
248 1975 456 2072 hujusmodi
478 1974 613 2076 pedum
641 1977 843 2077 conpositio
864 1975 1056 2066 concurrit,
1073 1977 1115 2048 fit
1134 1977 1250 2048 ambi·

147 2117 225 2188 gua,
246 2103 288 2164 ut
310 2091 546 2180 ostendimus,
568 2092 793 2181 versificatio,
817 2105 857 2166 ut
874 2105 932 2166 ret
959 2091 1003 2166 ad
1026 2091 1245 2191 dactylicum

150 2205 328 2279 usnsduci
354 2205 479 2306 possit,
497 2220 534 2280 et
554 2206 598 2280 ad
624 2208 702 2281 haec
719 2235 799 2306 quse
816 2209 976 2282 diximus
994 2207 1248 2296 choriambico,

147 2325 363 2398 continuatis
381 2323 521 2400 duobus
538 2325 644 2425 epodi
662 2325 903 2400 commatibus
916 2324 1050 2397 elatum
1071 2323 1107 2396 in
1125 2349 1167 2396 ea
1180 2321 1248 2396 ode

148 2441 247 2536 cujus
263 2439 409 2513 initium
428 2455 494 2531 cst,

302 2555 398 2634 Quis
414 2557 530 2632 multa
544 2556 704 2658 gracilis
723 2565 758 2630 te
770 2582 865 2654 puer
881 2556 919 2629 in
934 2579 1030 2628 rosa.

147 2669 243 2744 Nam
276 2673 477 2772 praepositis
510 2675 651 2748 duobus
680 2674 842 2746 versibus
876 2671 1011 2770 duplici
1042 2669 1294 2742 choriambon

149 2787 437 2875 subsistentibus,
456 2791 602 2888 subjicit
627 2788 753 2888 ἐπῳδοὺς
769 2788 871 2876 duas,
889 2813 970 2884 quae
999 2797 1149 2874 mutato,
1167 2811 1252 2857 con-

148 2915 199 2974 tra
225 2929 335 3000 quam
367 2920 491 2979 auctor
517 2905 706 3006 disposuit,
727 2902 864 2991 ordine,
888 2902 1079 3000 Priapeum
1106 2926 1248 2974 versum

150 3018 384 3119 conplebunt‚
402 3021 461 3110 ita,

353 3135 472 3210 Grato
492 3137 620 3236 Pyrro
637 3137 704 3210 sub
722 3146 830 3209 antro

351 3249 574 3352 Cuiflavum
590 3251 730 3352 religas
747 3276 894 3324 comam.

151 3363 293 3438 Horum
313 3383 568 3465 praeposterato
585 3367 656 3441 situ
676 3367 864 3442 memorati
883 3391 1004 3440 versus
1027 3364 1143 3438 forms
1160 3391 1249 3466 prae-

151 3481 315 3568 stabitur,
333 3481 396 3570 sic,

178 3593 402 3697 Cuistavam
419 3595 560 3696 religas
578 3622 727 3685 comam,
741 3607 853 3697 grato
871 3597 998 3696 Pyrra
1014 3595 1081 3668 sub
1098 3605 1226 3670 antro:

150 3723 349 3806 tamquam,

198 3827 314 3899 Hunc
330 3825 451 3899 lacum
468 3829 534 3901 tibi
555 3827 689 3918 dedico,
706 3855 943 3928 concessoque
959 3827 1112 3924 Priupe.

152 3939 299 4013 Dehinc
317 3955 434 4014 cetera
451 3945 597 4016 asmatis
616 3943 810 4018 decurrunt
827 3945 951 4018 eadem
972 3945 1129 4044 strophe.
1161 3941 1255 4014 Sane
1268 3969 1299 4028 s3

154 4057 242 4130 nihil
262 4058 321 4131 hic
341 4059 455 4132 oberit
474 4063 502 4132 si
521 4061 628 4162 primi
648 4061 838 4134 commatis
857 4059 985 4134 ultimo
1004 4059 1142 4158 syllaba
1159 4057 1256 4156 posi-

153 4171 248 4246 tione
266 4173 315 4246 sit
332 4173 451 4274 longa,
470 4192 511 4249 at
528 4191 584 4250 est
609 4189 765 4252 'comum
775 4187 887 4276 gralo
901 4179 1042 4277 Hyrca,
1059 4201 1143 4248 nam
1163 4174 1259 4246 exci-

368 4333 424 4382 ret
438 4325 487 4400 ad]
504 4326 538 4384 sd
553 4346 610 4385 om.
626 4327 657 4384 P.
768 4345 881 4386 comam
897 4347 955 4386 om.
970 4327 1001 4386 P.

199 4463 247 4520 80.
262 4463 357 4538 epoda]
374 4463 458 4538 Epici
472 4467 589 4525 Santcn.
604 4465 670 4525 Ter.
685 4465 779 4524 Maur.
793 4485 822 4544 p.
838 4465 908 4539 366.
937 4463 1008 4523 Mox
1023 4465 1126 4522 elotum
1139 4460 1258 4520 mendo·

155 4561 217 4600 suni
232 4543 350 4600 videtur.
371 4545 416 4602 An
432 4544 452 4606 l.
467 4548 508 4602 ito
522 4549 579 4604 at?

673 4647 753 4694 ἘΘ
