3100 5142
250 393 323 454 322
599 377 716 452 Atilii
732 376 993 472 Fortunatiani
1229 397 1314 448 Pan.
1326 398 1351 447 1.

224 561 402 638 acredidit
427 562 647 638 'convenire
698 560 809 660 Apud
834 574 974 634 nostros
998 561 1068 634 hoc
1090 572 1248 634 matrum
1276 583 1351 632 non

251 679 400 778 reperio.
452 676 674 776 Exemplum
693 677 770 774 ejus
787 677 858 750 tale
875 688 941 766 eat,

292 794 442 872 Fmga'seroe
454 813 534 852 sacra
544 797 601 852 ἀει
611 813 671 868 quc
684 796 774 852 colitis
787 797 900 870 mystica
908 793 1066 869 jsmtaeqee
1075 793 1143 853 lost
1155 791 1271 868 nefasto.

253 899 367 972 Hunc
410 898 663 972 hexametrum
697 924 743 970 ex
777 923 929 972 numero
962 897 1116 972 bacchio
1149 897 1354 996 composuit

253 1012 439 1100 Philicius,
464 1039 537 1110 quo
567 1039 653 1088 usus
689 1027 744 1086 est
777 1014 885 1087 etiam
917 1013 1169 1098 Archebulus;
1207 1012 1353 1110 dequo

253 1142 397 1204 auctore
415 1155 521 1230 supra
538 1129 664 1214 retuli3
692 1129 800 1203 clusit
817 1143 938 1202 autem
965 1127 1221 1201 '’antibacchi0.
1273 1127 1353 1200 Nu-

254 1271 373 1318 merus
388 1245 448 1318 hic
464 1243 630 1343 frequens
647 1259 702 1318 est
720 1243 814 1346 apud
833 1243 984 1344 lyricos;
1010 1257 1047 1316 et
1063 1243 1243 1344 praecipue
1257 1243 1353 1344 apud

224 1361 431 1452 ³Alcoeum,
465 1361 625 1462 Sappho,
659 1364 901 1436 Anacreonta.
964 1356 1135 1434 Nascitur
1165 1371 1287 1432 tamen
1317 1371 1354 1432 et

254 1477 315 1550 hic
342 1477 387 1550 ab
416 1475 537 1564 heroo,
555 1490 659 1549 cnam
686 1479 717 1550 si
742 1475 887 1575 dactylo
909 1474 1039 1574 primo,
1057 1475 1120 1572 qui
1146 1489 1287 1548 constat
1307 1500 1355 1548 ex

254 1595 360 1693 longa
378 1608 415 1666 et
432 1593 572 1666 duabus
599 1593 779 1680 brevibus,
798 1591 979 1690 “junxeris
1000 1592 1181 1690 sequentia
1206 1591 1355 1691 dactyli,

253 1711 309 1783 vel
324 1707 486 1808 spondei,
497 1707 671 1806 syllabam
690 1709 859 1809 primam,
875 1709 983 1783 facies
1001 1707 1265 1796 choriambum,
1283 1707 1354 1779 hoc

255 1824 375 1908 modo,
399 1823 518 1896 Arma
534 1825 677 1909 viram3
707 1849 752 1897 ex
776 1823 939 1924 sequenti
958 1851 1061 1898 versu
1079 1823 1242 1898 Italiam.
1295 1822 1354 1896 Ad

255 1965 436 2012 summam
466 1951 733 2036 pentametrum
765 1939 930 2030 heroum,
957 1940 1019 2038 qui
1048 1941 1159 2014 habet
1192 1938 1355 2038 dactylos

254 2053 389 2154 primos
423 2052 527 2142 duos,
557 2053 704 2149 adjectis
734 2053 873 2128 duabus
912 2055 1059 2154 syllabis
1094 2054 1211 2154 longis
1246 2054 1355 2130 facies

255 2169 573 2259 ‘choriambicum
590 2169 689 2244 velut
707 2169 817 2260 hunc,

388 2285 479 2350 Unde
493 2306 579 2349 mean
595 2287 702 2348 veniat
716 2285 868 2350 mollitia
881 2285 1043 2350 orallber.

254 2405 366 2477 Velut
383 2405 498 2478 ‘hunc
515 2431 559 2477 ex
579 2405 689 2478 heroo
706 2417 932 2504 pentametro
949 2404 1022 2478 sic:

389 2521 479 2584 Unde
494 2541 580 2585 meaa
595 2521 702 2584 venial
716 2519 818 2585 mollia
832 2523 889 2583 tin
903 2520 967 2584 liter
981 2543 1039 2584 oro
1053 2519 1141 2584 liber.

257 2603 317 2686 Et·
384 2707 474 2769 Dum
489 2725 576 2772 mmm
590 2705 720 2768 assiduo
735 2705 837 2769 laceat
850 2707 928 2793 igme
942 2704 1068 2791 hfimaa.

470 2925 573 3006 Car.
592 2923 667 3006 VI.
702 2925 766 3006 De
785 2925 975 3006 Poeonico
994 2937 1132 3006 metro.

306 3075 493 3149 Paeonicus
519 3101 639 3148 versus
666 3073 860 3172 quadratus
884 3078 930 3149 ab
952 3075 1195 3174 Aristophane
1217 3074 1358 3148 comico

256 3191 478 3290 compositus
499 3205 614 3265 estex
633 3217 675 3264 eo
691 3216 832 3291 paeone,
849 3191 911 3289 qui
929 3203 1069 3264 constat
1092 3192 1199 3290 longa
1220 3191 1359 3290 syllaba

257 3317 293 3377 et
320 3305 434 3380 tribua
462 3307 641 3395 brevibus,
659 3305 816 3380 cluditur
841 3319 961 3380 autem
988 3309 1132 3396 cretico,
1150 3305 1212 3404 qui
1230 3305 1360 3405 etipse

257 3434 398 3493 constat
423 3421 585 3516 ejusdem
617 3422 768 3522 generis,
796 3437 832 3495 et
862 3437 1068 3522 temporum
1099 3421 1251 3496 lotidem
1287 3446 1358 3518 quo

257 3535 328 3624 ille,
348 3561 419 3607 una
445 3535 584 3634 parcior
609 3539 746 3637 syllaba
769 3537 827 3624 sit,
845 3538 911 3610 nisi
941 3539 1029 3611 fluat
1052 3538 1179 3611 eodem
1208 3523 1359 3610 numero

258 3647 451 3750 rhythmos
469 3675 542 3722 non
562 3663 717 3724 metrum
737 3655 811 3743 fiet,
831 3653 937 3752 hujus
956 3655 1178 3754 exemplum,

278 3783 433 3872 Egregia
442 3783 598 3870 percoluit
611 3787 746 3873 ingania
760 3789 873 3852 musici
887 3790 1049 3854 carminis.

267 3887 361 3952 More
371 3895 454 3952 tanet
463 3887 858 3976 ingenium,slcl,Tyhema
868 3892 1058 3978 implacidam
1068 3894 1103 3955 ἐπ
1114 3893 1220 3954 maria
1230 3890 1358 3954 labitur.

298 4152 549 4206 *conveniremini
566 4149 601 4208 V.
617 4151 699 4228 posui
715 4164 780 4228 post
794 4155 920 4211 credidit.
1003 4151 1219 4230 baalitaectto]
1235 4153 1359 4210 antibac-

258 4229 322 4285 rhea
338 4227 374 4287 V.
450 4239 542 4288 ⁰rram
556 4233 593 4306 εἰ]
610 4233 689 4306 quasi
703 4231 738 4290 V.
813 4229 977 4309 djanreria]
994 4235 1153 4308 aijauaeria
1166 4237 1202 4292 V.
1268 4233 1360 4290 eclio·

258 4309 431 4384 riambicam]
449 4311 661 4370 choriambicum
675 4315 822 4371 iambicam
838 4314 873 4372 V.
976 4311 1086 4391 thane]
1105 4315 1159 4374 liar
1173 4316 1208 4374 V.
1302 4317 1360 4369 tin

258 4389 327 4464 hac]
344 4390 400 4447 laaec
414 4409 473 4450 orn.
486 4393 523 4450 V.
606 4391 727 4471 hjocata]
745 4395 833 4453 Addit
845 4395 882 4454 V.
906 4397 984 4454 Dum
998 4415 1074 4456 meas
1088 4399 1197 4454 mndata
1208 4397 1298 4454 luceat
1312 4396 1361 4452 hoc

258 4471 419 4548 ignescens
504 4471 512 4514 ¹
531 4475 655 4549 Tyhem'a]
677 4477 781 4532 Tiberis
795 4477 830 4534 V.
