2980 5142
41 453 156 504 crte.
175 443 250 504 34.
412 425 479 500 De
493 451 665 501 versurum
677 428 884 527 generibus.
1121 443 1189 506 501

114 611 182 684 Di
189 623 354 685 metrum
373 623 411 684 et
423 609 526 701 illud,
539 609 661 708 “quod
673 623 729 684 est
742 636 787 683 ex
804 611 971 684 inferiore
988 623 1089 711 parte
1107 612 1195 686 hex·
1207 631 1240 696 ⁵⁶
1336 608 1340 615 ’

50 728 233 817 emetri,
251 726 493 800 Archilochus
517 726 631 816 suxit,
648 728 842 827 praeposite
864 754 937 802 uno
954 727 1103 826 syllaba,
1120 727 1196 802 imo

52 843 245 934 duabus,
263 869 345 940 quae
370 869 435 943 pro
460 869 534 916 uua
561 855 657 928 suut,
680 855 718 916 et
743 843 965 943 semipedem
991 843 1141 930 fuciunt,
1158 857 1197 918 et

58 973 131 1034 est
151 959 250 1049 tale,
786 959 790 966 “

354 1075 453 1139 Noua
466 1094 600 1140 munere
613 1075 733 1140 divum.

67 1185 192 1260 Hinc
212 1185 302 1258 tolle
320 1183 556 1284 semipedem,
572 1197 610 1258 et
627 1185 705 1272 erit,

354 1302 499 1365 Munera
512 1301 634 1366 divum.

73 1410 175 1484 Hoc
195 1410 318 1484 simile
335 1425 390 1484 est
406 1411 471 1495 itti,

358 1527 493 1590 Terruit
507 1527 626 1592 urbem.

136 1634 258 1708 Aliud
276 1634 321 1707 de
338 1661 412 1732 quo
429 1634 567 1708 dictum
587 1635 896 1728 ⁸Archilochium,
914 1653 954 1713 ut
972 1638 1159 1733 Horatius,
1208 1674 1240 1726 st

177 1749 345 1838 Niuesque
358 1751 515 1816 deducunt
528 1753 651 1831 Jwem,
663 1773 748 1818 mum
764 1775 850 1818 more
863 1775 950 1818 nuuc
962 1755 1073 1841 sylvoe.

84 1860 168 1934 Hic
188 1861 353 1961 superius
371 1887 515 1934 comma
532 1864 773 1965 estprincipio
793 1865 952 1956 iambici,
969 1866 1116 1942 inferius
1133 1868 1195 1942 sex

86 1976 274 2076 principio
293 1977 490 2050 hexametri
509 1993 575 2052 est.

142 2093 313 2190 Plerique
338 2094 388 2168 its
408 2094 687 2168 adcumulorunt
703 2109 744 2169 ut
762 2096 922 2170 fecerent
938 2097 1047 2172 talem
1066 2099 1195 2198 rhyth-
1206 2122 1240 2186 58

91 2235 212 2300 mum,

137 2327 187 2392 Et
197 2327 310 2392 mediis
318 2347 476 2415 properae
487 2326 697 2413 Aquilonibus
710 2329 779 2391 stre
787 2349 847 2415 per
858 2351 997 2416 oeqrwra,
1008 2332 1086 2398 titur
1095 2354 1180 2397 cnm.

96 2439 172 2512 Hic
200 2453 393 2537 utrumque
419 2465 565 2512 commo
589 2463 635 2512 ex
659 2441 839 2540 superiore
865 2455 967 2541 perte
994 2443 1195 2519 hexametri

96 2567 161 2627 est.
213 2553 284 2628 Sed
302 2555 391 2628 illud
409 2555 571 2654 superius
588 2555 685 2654 quod
703 2569 758 2629 est
775 2557 858 2645 tale,

225 2671 273 2736 Et
287 2671 399 2735 mediis
410 2693 566 2758 properae
577 2673 797 2760 Aquilonibus,

100 2792 345 2854 tetrametrum
365 2779 539 2856 hheroum
557 2798 622 2855 est.
673 2782 771 2858 lllud
789 2793 908 2856 a'utem
927 2783 1087 2871 inferius,
1096 2785 1194 2882 quod

101 2911 155 2968 est
171 2897 251 2984 tale,

226 3013 282 3076 Ire
292 3033 354 3099 per
369 3033 506 3100 ωφιονα,
522 3013 599 3078 litus
613 3034 699 3092 amo,

103 3120 298 3195 trimetrum
319 3121 469 3194 heroum
489 3137 554 3194 est.

152 3235 367 3336 Reciprocus
386 3233 546 3311 hhversus
565 3236 661 3336 apud
681 3239 878 3314 neotericos
897 3239 977 3313 talis
995 3253 1060 3327 est,
1209 3279 1241 3330 ⁵9

232 3361 327 3424 Versu
342 3361 410 3424 volo
424 3361 521 3424 Liber
536 3369 593 3424 tua
604 3361 820 3447 predicentur
832 3371 913 3427 aeto.

225 3463 306 3528 Aeta
314 3463 536 3550 predicentur
551 3471 608 3527 tuo
622 3463 719 3528 Liber
733 3461 813 3528 *volo
827 3484 932 3528 versu.

110 3581 284 3657 Sotadicos
311 3597 436 3656 estex
463 3596 624 3680 utreque,
642 3581 704 3656 sed
730 3582 852 3674 durus,
869 3596 910 3657 ut
937 3583 981 3658 ad
1012 3611 1195 3662 recursum

148 3830 242 3912 dquod
256 3838 304 3912 ex]
321 3843 347 3892 et
360 3836 431 3892 iilud
445 3836 517 3908 quod
531 3843 571 3892 est
585 3853 617 3891 er
631 3835 704 3893 Am.
720 3835 844 3909 estquod
857 3835 931 3892 Ven.
1062 3845 1075 3878 θ
1089 3835 1195 3913 dequo

113 3913 193 3973 dicem
207 3913 391 3974 Archilochus
407 3927 438 3972 ut
452 3915 605 3989 Horatius]
620 3917 654 3972 de
667 3935 721 3992 quo
735 3918 837 3973 dictum
851 3915 1057 3973 Archilochium
1071 3925 1099 3972 et
1112 3917 1195 3975 horo-

114 3998 174 4052 ttum
185 3997 250 4054 ΑΒ.
266 3997 345 4054 atiud
358 4015 444 4073 supru
457 4015 516 4054 om.
532 3997 604 4054 Ven.
701 3995 757 4055 ‘ex
773 3995 911 4074 principio
925 3996 1089 4054 hexametri.
1131 3997 1194 4056 Ple·

115 4077 184 4154 rique
195 4076 327 4151 tacerent]
343 4079 478 4151 principio
497 4095 614 4134 nuceum
630 4079 724 4134 hmum
740 4079 870 4152 (nereum
881 4075 992 4133 heorum
1009 4075 1057 4146 B.)
1072 4079 1196 4152 plerique

115 4158 150 4213 ite
159 4159 360 4215 odeumutcrunt
370 4159 415 4230 (ut
425 4157 681 4232 udd.B.)sucererrt
691 4158 761 4216 ΑΒ.
777 4158 868 4233 Supra
876 4157 948 4214 Veu.
959 4156 1003 4213 hic
1012 4159 1108 4231 eaepr'ue
1118 4177 1195 4216 coma

116 4255 145 4294 ee
153 4239 273 4314 principio
284 4239 393 4295 iambici
406 4247 454 4295 eet.
504 4237 571 4295 tire
583 4238 730 4315 petritum
745 4236 825 4295 littus
836 4255 908 4292 amu
923 4235 984 4310 hic]
999 4239 1038 4292 ire
1045 4255 1097 4311 per
1107 4257 1130 4296 c.
1142 4259 1195 4314 per

117 4337 209 4392 equora
222 4321 286 4376 litus
300 4337 364 4376 ama
379 4319 424 4375 hic
436 4319 511 4376 Α.Β.
610 4315 625 4360 h
640 4317 799 4390 heroicum]
816 4317 938 4375 heroum.
960 4325 1000 4374 est
1014 4319 1085 4374 illud
1103 4329 1195 4378 cutem

117 4397 212 4474 triferius
223 4403 346 4475 quadret
361 4401 472 4457 taleire
490 4417 541 4473 per
558 4417 668 4473 equora
688 4401 753 4457 titur
769 4417 831 4455 mm
849 4399 1003 4455 trimetrum
1026 4399 1136 4456 Meum
1156 4410 1196 4459 est

119 4481 247 4554 reiteretur
260 4481 462 4538 rurus—talis,
472 4487 511 4536 eet
525 4497 615 4536 rerem
628 4481 701 4538 Α.Β.
759 4476 896 4536 hheremus
909 4487 948 4536 eet
962 4479 1035 4538 Vsu.
1097 4477 1107 4523 ¹
1121 4481 1195 4540 roto.

120 4560 281 4634 senodocio
293 4580 373 4620 versu
386 4561 422 4618 Α.
436 4563 498 4619 volo
511 4578 618 4618 uerum
632 4561 667 4619 Β.
