3012 5084
15 250 30 423 i
79 353 127 402 uu.
140 346 165 416 t,
178 343 208 404 3.
317 331 384 404 De
406 331 462 406 V
453 335 739 408 oce.-De
760 335 939 410 Litteris.
1220 351 1242 414 3

76 541 156 588 rarum
177 541 301 590 vocum
329 517 503 592 initium
531 535 590 594 et
625 518 862 592 individua
879 545 946 594 vox
971 535 1026 594 est
1052 521 1182 612 littera,
1199 549 1243 596 ex

78 659 122 728 qn
139 633 306 707 articulata
331 661 408 708 vox
439 637 639 726 existit,
672 636 814 733 inque
840 635 1002 710 ultimam
1032 637 1241 712 resolvitur:

79 748 366 848 uudeeousequens
384 765 468 836 est,
488 766 550 826 ut
573 753 642 824 de
668 753 817 823 littera
835 749 1007 824 dicamus.
1051 752 1123 825 Sed
1142 754 1269 852 priusr

81 879 124 953 est,
136 879 167 938 ut
180 867 401 940 elementum
431 881 510 940 ret
532 868 798 940 dictionem
818 879 856 938 et
877 866 1074 940 orationem
1093 865 1243 940 delinia-

85 1005 150 1051 uus.
169 980 401 1055 Biennium
411 997 483 1054 est
497 979 932 1076 *uniuscujusquerei
952 981 1114 1054 initium:
1134 983 1270 1056 diutius

90 1095 176 1192 figura
188 1099 485 1196 significantium
509 1123 713 1184 vocum,
733 1109 801 1166 aut
823 1121 932 1192 aquo
949 1097 1112 1169 ‘initium
1131 1099 1241 1171 sumit

97 1210 339 1302 lucrementum,
355 1228 394 1286 et
412 1214 457 1286 in
478 1211 645 1310 ”quod
664 1209 888 1282 resolvitur:
906 1213 1024 1284 oratio
1041 1229 1097 1285 est
1110 1213 1271 1292 'diction

107 1327 277 1422 significans
309 1332 370 1403 vel
413 1327 673 1428 conpositio
714 1323 915 1398 dictionum
957 1327 1239 1425 significantium

111 1453 360 1519 ¹euusummans
376 1473 506 1519 unam
528 1441 798 1516 sententiam.

377 1647 495 1727 Cae.
518 1644 624 1725 ΙΙΙ.
684 1641 753 1722 De
772 1639 961 1724 Litteris.

170 1794 295 1865 Littera
310 1810 366 1866 est
381 1821 458 1866 vox
478 1793 671 1891 simplex,
690 1816 761 1862 una
779 1793 893 1889 figura
912 1791 1089 1864 notabilis.
1123 1791 1242 1866 Litte-

46 2004 47 2008 ,
137 1931 209 1978 rum
221 1908 359 2004 quidam
377 1925 521 2008 putant
534 1908 696 1994 dictam,
709 1905 808 2002 quasi
829 1907 1041 2003 legitteram.
1074 1907 1241 1990 'Quarei

46 2013 47 2016 ¹
136 2021 222 2116 quod
236 2024 367 2120 legenti
384 2026 456 2096 iter
474 2025 657 2124 praebeat.
707 2021 885 2104 'Quidam
903 2023 1049 2119 quidem
1074 2022 1269 2098 dixerunts

135 2135 320 2210 levitemm.
347 2141 498 2222 Quare?
517 2139 609 2237 quia
622 2139 718 2210 levat
729 2151 770 2210 ut
787 2137 944 2228 iteretur,
957 2139 992 2212 id
1008 2153 1075 2229 est,
1088 2140 1242 2214 delectat

136 2251 259 2326 iterum
274 2270 315 2326 ut
326 2255 520 2326 scribatur.
549 2253 592 2328 V
587 2279 633 2325 oe
642 2253 795 2352 simplex
806 2255 938 2352 quare?
959 2255 1268 2354 ldeo,quiaajus³

133 2369 239 2458 vocis,
257 2396 339 2466 quae
366 2369 503 2468 ἔναρθρος
530 2396 552 2441 a
573 2369 708 2442 Graecis
725 2368 823 2442 dicta
840 2381 906 2458 est,
923 2372 990 2443 sub
1007 2371 1241 2470 significatio-

133 2511 217 2556 nem
243 2484 407 2580 aliquam
437 2484 551 2572 venit,
576 2484 632 2555 vel
666 2497 706 2556 ut
735 2483 885 2557 minima
915 2511 1007 2584 pars,
1038 2486 1190 2584 ideoque
1221 2513 1242 2560 a

132 2601 315 2674 nonnullis
333 2611 424 2673 nuta
450 2601 547 2672 vocis
562 2599 766 2673 articulato
782 2599 879 2673 dicta
896 2615 961 2673 est.
1007 2601 1089 2674 Una
1109 2599 1269 2698 figurem

136 2715 315 2788 notabilis.
354 2715 467 2787 ‘Ideo
484 2716 569 2813 quia
587 2741 812 2813 unaquaeque
830 2717 948 2788 littera
966 2741 1067 2787 suam
1088 2717 1240 2810 liguram

136 2831 254 2904 habet.
305 2829 411 2903 Nam
442 2831 589 2929 syllabae
614 2831 776 2931 pluribus
801 2831 938 2928 figuris,
963 2829 999 2902 id
1028 2845 1082 2902 est
1105 2827 1242 2918 litteris,

136 2961 321 3034 noranrm,
339 2944 410 3017 nisi
429 2970 512 3018 cum
532 2947 670 3018 vocales
691 2947 769 3018 vice
791 2947 1011 3045 syllabarum
1031 2945 1241 3044 funguntur.

134 3059 236 3134 Nam
260 3060 435 3134 accidunt
457 3061 652 3160 unicuique
677 3063 817 3152 litterae,
836 3089 982 3151 nomen,
1000 3065 1125 3162 figura,
1143 3077 1270 3164 pote-s

136 3193 220 3250 stas.
262 3177 413 3250 Nomen
439 3191 505 3264 est,
534 3203 607 3274 quo
637 3177 857 3276 appellatur:
868 3175 1018 3278 figura,
1043 3207 1115 3280 qua
1141 3195 1242 3254 nota-

138 3307 217 3366 tur:
236 3304 417 3390 potestas,
435 3319 508 3389 qua
525 3294 627 3367 valet.

185 3409 410 3483 Litterarum
430 3408 508 3481 alioe
526 3423 611 3483 sunt
626 3409 779 3496 vocales,
797 3409 875 3484 alias
893 3425 1142 3486 consonantes.
1169 3411 1211 3486 V
1205 3437 1270 3490 o-6

138 3525 341 3600 calescunt
358 3551 441 3622 quae
458 3551 523 3624 per
539 3551 578 3596 sc
594 3525 834 3623 proferuntur,
850 3539 887 3598 et
913 3553 975 3626 per
1000 3555 1038 3600 se
1063 3526 1240 3626 syllabam

177 3712 292 3780 *arque
305 3699 479 3776 orationem]
495 3714 526 3759 et
539 3698 691 3758 dictionem
706 3713 735 3760 et
749 3701 905 3759 orationem
921 3701 952 3758 P.
1035 3711 1047 3743 ¹
1061 3705 1140 3779 cujtn
1151 3711 1180 3758 et
1194 3699 1240 3758 lit·

140 3793 196 3840 tem
210 3783 347 3856 minima]
371 3780 589 3860 uniuscujusque
606 3782 644 3840 rei
658 3779 780 3840 initium.
803 3780 890 3840 dictio
911 3782 943 3840 P.
1025 3781 1037 3823 t
1058 3779 1239 3857 unumquod-

140 3863 204 3940 que]
218 3861 335 3920 initium
350 3863 383 3918 P.
477 3863 597 3939 aquod]
614 3879 669 3939 que
683 3863 715 3920 P.
816 3860 1041 3920 'ordinatiovel
1056 3861 1239 3938 compositio]

142 3943 225 4001 dictio
246 3942 414 4020 significans
435 3941 477 4000 sel
498 3941 658 4020 conpositio
673 3944 705 3999 P.
837 3953 852 3984 ¹
866 3942 1044 4016 continuam]
1067 3946 1241 4000 consumans

144 4042 223 4080 uuam
240 4024 275 4080 P.
359 4021 465 4098 lquia]
481 4023 597 4084 Quare?
619 4022 694 4100 quod
710 4023 741 4083 P.
829 4033 844 4064 ²
854 4022 969 4102 quidam
985 4021 1118 4080 dixerunt
1131 4021 1240 4080 levitte·

145 4105 212 4176 ram]
228 4101 348 4180 quidam
362 4103 429 4180 quid
443 4104 472 4160 d.
487 4103 643 4171 levitarum,
657 4103 774 4166 Quare?
790 4103 823 4162 P.
914 4103 1025 4176 ⁸ldeo]
1043 4101 1112 4160 ldeo
1126 4103 1192 4179 quis
1207 4103 1229 4158 P

182 4257 199 4312 8
227 4255 341 4331 Dictio]
368 4256 525 4316 Diomedes
550 4277 577 4334 p.
600 4277 669 4332 43¹·
712 4267 758 4314 tur
779 4263 877 4327 oratio,
893 4268 920 4316 et
941 4261 969 4315 in
986 4277 1067 4334 quum
1089 4259 1241 4316 resoluitur.

150 4337 239 4394 Durio
249 4347 289 4394 nr
302 4357 355 4396 vor
368 4341 530 4404 undulata,
545 4357 604 4396 cruri
616 4341 669 4396 uli·
713 4339 872 4397 Priscianus
886 4360 913 4416 p.
927 4357 995 4415 573.
1017 4341 1112 4396 Dictis
1125 4347 1243 4414 estpars

149 4436 197 4488 qius
217 4420 422 4495 significatione,
437 4438 470 4478 es
485 4439 539 4495 quc
558 4423 669 4478 instrui-
712 4423 825 4477 crisima
841 4421 972 4477 orationis
985 4425 1152 4476 constructa.

767 4531 828 4586 132
