3076 5140
312 399 382 475 186
695 397 818 472 Marii
837 397 1026 474 Victorini
1264 421 1345 472 us.
1364 421 1423 472 111.
1524 419 1525 462 i

309 599 378 671 tur,
395 609 463 658 nec
478 596 600 656 tamen
618 581 754 680 aliquid
764 583 918 679 jacturae
935 595 1053 656 metro
1070 583 1202 672 attulit,
1217 609 1311 658 cum
1330 596 1425 656 tem·
1524 619 1525 654 f

309 725 438 801 porum
463 699 556 772 inter
581 711 778 795 utrumque
800 709 1032 796 wcongruant
1058 699 1185 796 spatia.
1241 695 1362 770 Unde
1388 709 1425 770 et
1524 721 1525 726 ¹

308 813 509 913 tribrachys
526 813 602 913 pari
620 812 858 886 calculatione
877 813 1020 888 admitti
1043 841 1106 913 pes
1124 814 1260 914 poterit
1279 813 1425 887 duabus

309 929 476 1002 brevibus
502 928 540 1000 in
567 955 676 1000 unam
703 931 930 1020 coeuntibus,
947 955 1028 1026 quae
1052 929 1215 1009 iambum
1243 955 1311 1002 seu
1336 928 1426 1002 cho-

281 1044 402 1126 7rium
436 1041 604 1116 efficiant.
655 1042 737 1117 Nec
767 1058 803 1117 te
831 1045 1050 1144 syllabarum
1081 1056 1211 1116 terreat
1244 1069 1424 1116 numerus

308 1172 415 1232 ¹cum
440 1157 530 1231 iutra
549 1158 723 1256 praefinita
740 1175 945 1258 temporum
966 1159 1080 1258 spatia
1099 1173 1279 1250 teneatur,
1297 1156 1424 1244 veluti,

416 1273 616 1346 sitiveras
634 1299 703 1346 aro
721 1273 836 1348 coluit
854 1275 1065 1374 aborigineo
1080 1273 1225 1348 ancello.

280 1391 386 1466 aHic
403 1417 468 1488 pro
485 1390 609 1463 chorio
627 1391 701 1464 sive
718 1390 876 1465 trochaeo
894 1391 1096 1490 tribrachys
1119 1391 1260 1490 positus
1280 1385 1423 1461 inveni-

307 1519 378 1594 tur,
388 1507 495 1605 longa
509 1505 546 1577 in
564 1505 652 1578 duas
672 1507 794 1579 breves
813 1508 941 1596 soluta,
959 1507 1022 1596 sic,
1033 1506 1118 1579 tibi
1132 1531 1187 1578 ne.
1219 1505 1308 1577 Tibi
1321 1503 1421 1574 enim

308 1649 374 1722 pro
402 1648 474 1696 una
498 1621 636 1720 syllaba
661 1623 768 1722 longa
796 1622 1026 1720 accipiemus.
1074 1621 1135 1694 Ra
1166 1620 1284 1694 caluit
1316 1618 1365 1691 ub
1389 1641 1421 1688 ο.

308 1737 407 1810 Nam
426 1763 491 1836 pro
507 1737 719 1810 choriambo
736 1737 938 1836 tribrachys
962 1736 1017 1808 bis
1040 1735 1210 1809 inductus
1228 1734 1421 1836 reperitur.

310 1851 433 1948 Hujus
469 1852 572 1924 metri
602 1853 806 1926 rPhilicum
841 1867 1024 1926 auctorem
1052 1851 1293 1952 ‘accepimus,
1321 1845 1422 1948 quod

310 1967 549 2066 appellatione
567 1965 645 2066 ipsa
662 1962 869 2058 dinoscitur,
886 1993 958 2066 qua
978 1981 1131 2040 metrum
1153 1969 1332 2068 signatur.

384 2245 491 2328 Car.
513 2245 655 2331 XVII.
709 2251 774 2332 Dc
793 2249 946 2331 duobus
965 2248 1120 2331 Ionicae
1138 2276 1163 2330 a
1183 2251 1347 2360 dactylo

629 2375 860 2458 hecumetro
872 2376 1095 2486 genermin

362 2532 508 2606 lonicus
525 2559 671 2631 quoque
695 2534 870 2608 Sotadeus
891 2535 965 2608 sive
988 2535 1193 2624 Sotadicus,
1215 2537 1318 2628 (nam
1339 2530 1418 2632 qui-

311 2649 396 2724 dam
414 2647 540 2722 volunt
556 2675 633 2722 esse
660 2649 754 2722 inter
769 2677 829 2722 eos
857 2649 950 2724 hanc
974 2649 1225 2736 differentiam,
1242 2664 1285 2724 ut
1313 2650 1418 2723 Sota·

310 2765 400 2839 deus
418 2775 559 2838 constet
576 2762 716 2838 duobus
744 2763 870 2838 ionicis
891 2779 928 2839 et
945 2765 1198 2865 ithyphallico,
1217 2765 1253 2839 id
1279 2780 1338 2840 est
1356 2762 1416 2837 tri-
1524 2823 1525 2832 ,

313 2881 380 2955 bus
397 2879 576 2970 trocheis,
593 2891 645 2966 ut,

412 3019 564 3094 Pronus
579 3018 680 3118 cupit
695 3017 904 3119 ingentibus
921 3019 977 3092 ire
994 3043 1076 3093 cnm
1088 3017 1274 3117 procellt'c,

312 3173 349 3234 at
366 3157 554 3232 Sotadicus
571 3157 685 3233 tribus
704 3157 828 3232 ionicis
847 3157 998 3259 pedibus
1017 3158 1166 3258 adaeque
1188 3157 1247 3232 iri
1271 3158 1416 3254 μείζονος,
1524 3147 1525 3206 l

313 3273 466 3346 ‘ultimo
483 3271 655 3371 spondeo,
672 3285 714 3346 ut
730 3285 795 3361 est,

421 3411 526 3486 Galli
542 3412 661 3486 timidi
676 3413 905 3486 semianimes
923 3420 1073 3512 tergora
1090 3419 1264 3508 amitant)

316 3582 362 3630 ex
384 3553 564 3652 dactylico
582 3553 793 3626 hexametro
810 3554 1006 3652 profluunt.
1052 3553 1152 3628 Nam
1170 3555 1331 3654 spondeo
1348 3550 1415 3626 ini·
1524 3573 1525 3624 1

315 3671 392 3746 tiali
411 3684 447 3742 et
469 3668 569 3740 finali
592 3681 629 3738 et
652 3666 689 3738 in
714 3667 835 3741 medio
851 3695 955 3742 versu
981 3669 1100 3770 posito
1118 3684 1270 3756 constat,
1288 3671 1350 3769 qui
1378 3668 1413 3740 in
1524 3719 1525 3770 y

317 3787 427 3862 heroo
444 3808 588 3856 summa
605 3781 745 3856 obtinet
763 3783 880 3873 metri,
897 3797 1061 3884 “utpote
1079 3787 1142 3883 qui
1166 3785 1342 3859 divisione
1360 3809 1412 3857 sc·
1524 3809 1525 3816 ¹

286 3899 443 3994 3cundoe
469 3897 586 3995 longae
611 3895 744 3997 dactyli
772 3898 819 3970 sit
840 3897 1000 3998 bparens.
1052 3900 1296 3974 Tetrametrus
1327 3922 1414 3996 quo-
1524 3963 1525 3974 ,

315 4043 386 4115 que
412 4011 641 4088 catalecticus
667 4011 832 4086 similiter
852 4013 1027 4112 originem
1053 4016 1101 4088 ab
1119 4015 1229 4088 heroo
1247 4015 1414 4087 hexame·
1524 4031 1525 4060 ²

316 4147 372 4206 tro
386 4129 513 4211 trahit;
528 4153 612 4200 nam
627 4127 724 4224 quod
744 4127 926 4201 residuum
942 4143 996 4203 est
1009 4130 1188 4230 dactylico
1200 4129 1315 4204 versui
1334 4138 1413 4229 post
1524 4215 1525 4226 ἵ

355 4371 378 4403 '¹
392 4361 564 4438 congruant]
581 4371 743 4438 congruunt
756 4360 786 4416 P.
869 4370 884 4402 ¹
898 4363 977 4438 cum]
993 4373 1100 4420 etcum
1116 4362 1148 4420 P.
1210 4358 1409 4438 iphalaecum]

316 4441 475 4536 phaliacum
490 4441 520 4498 P.
634 4438 836 4517 ¹accepimus]
854 4439 1006 4564 accipimus
1023 4443 1065 4540 ¹'2.
1164 4451 1180 4484 ⁸
1195 4440 1310 4542 ulti-mo]
1327 4455 1359 4500 ut
1374 4438 1413 4498 ul·

316 4535 387 4580 tuno
401 4523 432 4578 P.
516 4529 547 4564 ⁸⁸
559 4524 673 4598 utpote]
691 4532 791 4598 utpute
805 4520 837 4577 P.
949 4540 1008 4598 par.
1030 4521 1116 4600 Ejus]
1134 4540 1235 4599 pareus
1248 4521 1280 4579 Ρ.
