3082 5140
304 421 378 502 ³9⁸
773 403 935 506 Raptam

307 605 330 638 ‘⁴
348 593 537 668 verbnmm
575 589 773 666 luminibus
803 607 937 682 utatur,
967 593 1088 692 potius
1117 619 1248 692 poema
1282 611 1417 694 putan-
1517 683 1518 688 Ἰ

307 723 331 756 “
348 709 449 798 dum,
474 733 583 807 quam
611 707 832 782 comicorum
858 722 1069 807 poetarum
1095 710 1192 809 apud
1214 737 1321 808 quos,
1343 714 1414 786 nisi
1517 689 1518 722 i

308 837 330 870 ⁴⁴
346 824 443 923 quoa
461 825 627 900 venicus
655 837 751 912 sunt,
767 824 860 898 nisu
886 839 941 898 ee
962 824 1059 898 airus
1082 826 1285 924 quotidiani
1310 829 1416 902 ans.
1517 809 1518 834 ¹

262 935 330 1014 31⁴⁸
350 925 436 998 mile
453 923 657 1000 sermonis.”

324 1087 328 1096 ·
357 1037 581 1114 ⁰Victorinus
603 1039 649 1114 de
671 1037 934 1140 compositione
960 1040 1013 1114 sie
1041 1040 1148 1116 dicit:
1174 1052 1198 1084 “
1212 1041 1415 1130 Creticum,

309 1167 332 1200 “
349 1155 412 1254 qui
432 1169 508 1228 rest
525 1179 570 1228 ex
589 1153 698 1254 longa
714 1169 751 1228 et
768 1154 864 1230 brevi
879 1168 917 1228 et
931 1155 1287 1255 longesioeqmtur
1305 1185 1415 1256 spon-

309 1281 332 1315 “
349 1270 438 1346 deus
455 1269 511 1344 vel
538 1269 730 1362 trochaeus,
747 1271 879 1346 bonam
898 1271 1198 1371 compositionem
1223 1273 1341 1350 facere
1358 1274 1414 1346 di·
1517 1339 1518 1350 ,

311 1399 333 1432 “
352 1401 452 1463 cunt.
502 1387 697 1486 Quare-sque
713 1389 860 1462 tandem
876 1387 1028 1462 abutere
1049 1388 1212 1464 Catilium
1229 1391 1414 1487 patientia
1517 1479 1518 1482 Ἴ

310 1517 333 1548 “
350 1504 506 1578 necho?
517 1503 591 1578 duo
603 1505 756 1580 extremi
770 1504 880 1606 pedes
892 1517 978 1578 sunt
986 1504 1139 1580 creticus
1151 1519 1190 1578 et
1202 1507 1415 1605 spondetis?
1517 1507 1518 1516 ³

310 1617 434 1694 tudem
453 1619 568 1694 muita
585 1618 673 1694 dicit
685 1618 731 1695 de
748 1620 1010 1720 compositione
1026 1633 1062 1694 et
1078 1620 1242 1694 numeris
1258 1633 1296 1694 ct
1312 1620 1413 1720 pedi·
1517 1681 1518 1690 ,

310 1736 377 1808 bus
403 1734 595 1808 *oratoriis
635 1734 690 1810 Ut
706 1733 834 1810 Cicero
859 1733 958 1820 dicit,
985 1735 1041 1810 isti
1069 1735 1290 1834 scripserunt
1315 1737 1412 1834 apud

310 1849 469 1940 Graecoa,
484 1850 792 1951 Thrasymachus,
816 1849 1028 1941 Naucrates,
1044 1849 1211 1949 Gorgias,
1227 1849 1412 1950 Ephorus,

308 1964 964 2056 Isocrates,Theodectes,Aristoteles,
972 1965 1185 2040 Theodorus
1194 1965 1413 2065 Byzantius,

308 2081 593 2181 Theophrastus,
611 2081 872 2181 Hieronymus.
897 2081 1029 2156 Latine
1042 2081 1088 2156 de
1105 2083 1265 2156 numeris
1283 2081 1335 2172 hi,
1350 2082 1413 2155 ci-

309 2225 403 2288 cero,
414 2197 633 2288 Victorinus,
650 2195 840 2285 Eusebius,
858 2199 1105 2288 Terentianus,
1116 2199 1244 2288 Varro,
1260 2201 1412 2288 Probus,
1517 2239 1518 2246 κ

309 2314 507 2404 Charisius,
523 2315 735 2404 Diomedes,
754 2315 1013 2406 Quintilianus,
1031 2316 1212 2404 Donatus,
1228 2315 1387 2390 Servius.

265 2457 295 2508 3²
360 2431 473 2506 'Item
502 2430 648 2504 ‘Cicero
674 2430 719 2505 de
742 2431 901 2507 numeris
923 2431 1028 2506 etde
1053 2431 1317 2532 compositione
1340 2434 1411 2506 sic:

310 2547 450 2622 “Nam
471 2547 534 2646 qui
559 2547 753 2622 Isocratem
780 2549 964 2624 umaxime
980 2549 1167 2634 mirantur,
1184 2547 1255 2622 hnc
1277 2549 1318 2622 in
1335 2548 1413 2644 ejus

310 2675 333 2706 “
351 2663 503 2738 summis
516 2663 683 2738 laudibus
701 2665 832 2754 terunt,
846 2667 942 2764 quod
962 2667 1079 2746 verbis
1096 2667 1223 2740 solutis
1240 2693 1414 2742 numeros
1517 2741 1518 2750 ,

310 2791 332 2823 “
351 2780 490 2880 primus
507 2781 723 2878 adjunxerit.
768 2783 863 2857 Cum
882 2783 978 2858 enim
998 2783 1134 2858 videret
1150 2797 1308 2858 oratores
1325 2811 1413 2856 cum
1517 2855 1518 2874 ,

309 2897 537 2972 “severitate
562 2897 689 2986 audiri,
705 2913 830 3000 poetas
855 2915 974 2976 autem
1002 2927 1084 2976 cum
1112 2901 1310 3000 voluptate,
1331 2915 1413 2974 tum
1517 2901 1518 2992 3

309 3021 332 3054 ‘⁶
350 3011 482 3087 dicitur
494 3039 662 3090 numeros
676 3029 831 3104 secutus,
841 3015 973 3114 quibus
986 3017 1094 3092 etiam
1109 3017 1146 3090 in
1159 3015 1324 3090 oratione
1335 3031 1416 3090 ute·

311 3137 333 3170 “
351 3141 459 3220 retur,
469 3141 547 3204 tum
563 3127 816 3226 vjucunditatis
828 3159 963 3220 caussa,
975 3145 1055 3206 tum
1070 3147 1111 3206 ut
1123 3132 1273 3206 varietas
1287 3159 1416 3206 occur-
1517 3149 1518 3164 ¹

309 3253 332 3286 ‘⁴
350 3257 442 3320 reret
458 3246 625 3335 satietati,
637 3247 735 3346 quod
749 3249 794 3322 ab
813 3248 870 3322 his
887 3275 969 3324 vero
985 3247 1132 3348 quidem
1149 3273 1195 3322 ex
1212 3263 1327 3348 parte,
1338 3275 1414 3322 nnn
1517 3349 1518 3362 ἵ

310 3371 332 3402 “
351 3373 482 3448 totum,
495 3361 636 3438 dicitur.
662 3364 761 3440 Nam
779 3363 817 3438 in
835 3391 879 3438 eo
895 3390 1025 3464 genere
1042 3365 1211 3440 scientius
1228 3383 1413 3440 versatum
1517 3383 1518 3448 t

310 3485 333 3518 ‘⁶
351 3476 559 3566 Isocratem,
581 3479 830 3554 confitendum
856 3495 931 3556 est:
958 3481 1051 3555 'sed
1079 3481 1245 3581 princeps
1270 3481 1415 3554 inveni·

311 3589 435 3663 “endi
461 3589 530 3664 tuit
551 3592 857 3693 Thrasymachus,
874 3601 976 3697 cujus
1002 3599 1125 3673 omnin
1150 3597 1259 3672 nimis
1284 3612 1415 3672 extant

311 3715 334 3746 “
352 3703 484 3804 scripta
501 3731 701 3784 numerose.
748 3711 848 3788 Nam
869 3719 925 3812 (ut
949 3714 1058 3814 paulo
1084 3727 1167 3788 ante
1192 3713 1285 3812 dixi)
1311 3714 1414 3814 paria

311 3821 497 3925 “paribus
524 3821 703 3920 adjuncta,
720 3841 758 3902 et
777 3828 942 3905 similiter
967 3829 1127 3920 definita,
1153 3830 1241 3904 item
1268 3843 1414 3904 contra-

310 3941 412 4016 “riis
437 3941 576 4042 prolata
591 3943 779 4032 contraria,
797 3971 950 4045 quasque
975 3973 1040 4022 sun
1060 3963 1199 4049 sponte,
1217 3947 1246 4020 si
1273 3945 1307 4020 id
1337 3972 1413 4018 non

350 4227 366 4262 ⁰
381 4217 653 4280 Victorinus-dicit
666 4239 724 4280 om.
739 4221 813 4281 Ven.
896 4225 1026 4300 testes]
1042 4237 1086 4283 est
1100 4243 1157 4284 om.
1172 4224 1248 4283 Ven.
1316 4235 1412 4283 ‘tora-

310 4299 392 4371 toris]
409 4301 538 4359 oratoriis
552 4303 627 4360 Ven.
641 4303 709 4361 Atd.
804 4301 911 4377 ritem]
928 4302 1002 4371 idern
1018 4305 1083 4364 Aid.
1185 4305 1413 4363 ¹Item-eom-

310 4377 451 4456 positione
464 4380 504 4438 sic
518 4401 575 4440 om.
589 4385 663 4441 Ven.
745 4383 757 4428 2
771 4383 886 4459 Cicero]
904 4385 984 4442 Oret.
999 4405 1025 4444 e.
1040 4403 1088 4463 52.
1183 4395 1201 4428 ¹²
1214 4385 1338 4443 maxime
1351 4405 1411 4443 om.

308 4461 386 4600 ¹Ven.
474 4472 490 4503 ἵ
499 4463 700 4539 jucunditatis]
712 4464 899 4540 jocunditatis
915 4467 988 4523 Ven.
1081 4477 1103 4509 '¹
1117 4466 1166 4526 sed
1180 4485 1239 4525 nm.
1255 4467 1327 4525 Ven.
1343 4485 1411 4525 curn

319 4559 419 4600 acuns
