3076 5140
148 421 232 468 car.
247 409 281 468 3.
488 397 691 468 Demetrio
708 394 936 470 Horatianis.
1183 413 1253 474 223

148 579 289 680 primus
316 579 510 679 spondeus,
527 579 706 653 secundus
732 579 922 667 trocbaeus,
947 577 1073 651 tertius
1102 579 1254 665 iambus,

149 711 298 791 quartus
316 695 495 794 dactylus,
512 695 680 792 ¹quintus
703 693 869 794 dactylus
895 695 950 766 vel
977 695 1141 781 creticus,
1160 699 1188 768 si
1216 701 1253 770 in

149 811 296 906 longam
315 809 476 883 desinat:
503 810 592 883 ¹¹¹rel
615 835 679 908 per
704 808 879 908 dipodiaa,
899 823 939 882 ut
956 825 1096 884 constet
1113 811 1254 886 duobus

150 926 370 998 choriambis
400 923 540 1011 mediis,
565 925 759 998 inchoante
786 950 927 998 versum
957 925 1128 1024 spondeo,
1155 929 1253 1002 clau-

149 1040 258 1114 dente
272 1055 392 1112 autem
413 1040 535 1112 iambo
549 1039 603 1112 vel
622 1037 832 1140 pyrrhichio
845 1040 901 1112 vel
921 1041 1117 1139 pariambo.
1157 1041 1282 1115 Con-6

150 1157 268 1254 posita
304 1169 358 1228 cst
395 1156 475 1228 haec
501 1153 570 1226 ode
599 1154 675 1226 sine
702 1154 831 1252 epodo.
893 1158 998 1242 Sane,
1025 1171 1067 1227 ut
1101 1157 1254 1232 breviter

151 1271 317 1366 quotiens
353 1271 434 1357 hoc,
469 1269 533 1342 ¹¹id
564 1282 620 1342 est
647 1269 886 1370 Asclepiaden
921 1283 1048 1360 metro,
1078 1271 1253 1346 Horatius

153 1412 236 1458 usus
257 1385 316 1474 sit,
335 1385 437 1472 scias,
457 1412 541 1458 usus
558 1399 614 1458 est
630 1386 749 1484 primo
767 1385 858 1457 libro
876 1383 1078 1474 duodecies,
1096 1387 1253 1472 secundo

151 1501 242 1573 libro
267 1501 393 1588 semel,
420 1501 525 1572 tertio
550 1499 731 1588 undecies,
757 1513 885 1596 quarto
911 1499 1072 1573 ⁰sexies:
1099 1527 1252 1598 quorum

152 1616 317 1716 exempla
342 1614 510 1688 inducere
535 1615 634 1714 operi
651 1613 808 1701 tardum,
827 1627 863 1686 et
889 1615 983 1712 apud
1012 1614 1169 1688 eruditos
1196 1641 1253 1689 su·

151 1756 384 1828 pervacuum,
409 1742 557 1829 accepta
588 1729 698 1802 semel
726 1745 903 1803 asmatunr
931 1731 1137 1818 structione,
1157 1730 1253 1804 vide.-

152 1863 256 1918 retur.

200 1959 368 2034 Secunda
393 1959 462 2032 ode
487 1985 570 2033 cum
598 1957 717 2058 epodo
735 1959 958 2059 Sapphicum
986 1975 1140 2034 metrum
1167 1987 1279 2045 con-7

153 2075 254 2148 tinet.
307 2073 415 2158 Quod
440 2101 523 2148 cum
553 2074 599 2146 ait
623 2073 846 2146 ⁰⁰Alcaicum
872 2074 1107 2174 Sapphicum,
1128 2090 1249 2150 tamen

154 2189 495 2288 hendecasyllabum
510 2216 530 2261 a
545 2215 696 2262 numero
709 2203 948 2286 nuncupatur,
962 2204 998 2262 ct
1015 2190 1111 2287 quod
1125 2217 1169 2263 eo
1182 2190 1249 2264 fre·

152 2306 321 2402 quentius
337 2332 402 2378 usa
420 2305 467 2378 ait
484 2304 633 2404 Sappho
651 2331 761 2402 quam
779 2304 922 2377 Alcaeus
947 2319 1114 2402 repertor.
1167 2305 1250 2378 Hu-

148 2419 206 2516 jus
230 2435 426 2494 tmensura
443 2433 572 2518 quarto
594 2421 700 2494 ‘lcolo
720 2417 957 2506 concluditur,
975 2433 1045 2493 tres
1071 2421 1167 2494 enim
1186 2421 1249 2518 qui

154 2551 235 2610 sunt
253 2562 355 2636 pares
374 2535 661 2634 hendecasyllabi
680 2536 853 2623 existunt,
871 2532 932 2622 ita,

300 2653 391 2726 Jom
408 2653 500 2726 cath
516 2653 628 2725 terris
642 2653 737 2726 nivis
753 2662 864 2752 utque
881 2651 968 2726 diro

307 2767 512 2842 Grandinic
528 2769 628 2841 misit
639 2778 760 2865 pater,
779 2779 815 2842 et
831 2767 984 2841 rubente

301 2883 470 2957 Derim
487 2909 612 2957 sacrm
616 2883 812 2982 jaculatas
827 2909 942 2958 arces.

152 2998 263 3073 Vides
281 3025 425 3071 sensum
453 2999 576 3072 deesse
600 2999 668 3071 nisi
696 2997 812 3096 epodo
830 2999 1027 3087 claudatur,
1045 3000 1133 3097 quid
1151 3003 1277 3077 enims

151 3115 275 3187 secerit
290 3113 462 3212 «luppiter
479 3112 697 3186 audiendum
717 3127 791 3186 est:

309 3229 459 3302 Terruit
476 3229 612 3318 urbem,

153 3344 314 3444 implevit
332 3343 618 3443 expectationem
639 3372 773 3419 sensus.
808 3343 916 3428 Quod
937 3357 1090 3416 metrum
1104 3359 1252 3419 vocatur

153 3457 350 3531 'dimoeron
368 3458 509 3556 epic0n‚
536 3457 617 3530 ideo
635 3459 731 3556 quod
753 3459 843 3532 duos
870 3457 979 3556 pedes
1007 3459 1133 3533 heroos
1159 3461 1251 3535 acci-

152 3573 226 3671 piat
242 3574 428 3672 dactylum
449 3585 509 3646 'et
528 3573 739 3672 spondeum.
787 3571 950 3655 'Quidam
976 3577 1278 3674 pentasyllabono

152 3689 293 3788 epodon
307 3688 511 3762 dixerunta
529 3715 679 3762 numero
698 3689 938 3788 syllabarum
965 3690 1025 3762 alii
1043 3692 1249 3766 ttrimueron

150 3805 300 3904 epicon:
327 3817 381 3876 est
398 3803 494 3876 enirn
515 3831 596 3904 pars
615 3804 719 3878 tertia
735 3804 828 3904 epici
847 3831 980 3894 versus,
997 3819 1050 3894 ut,

189 3993 329 4074 lquiotus
343 3994 471 4073 dactylus
485 4016 543 4054 om.
558 3996 589 4053 P.
700 3995 796 4070 mvel]
815 3997 872 4054 tP.
984 3995 1113 4071 ¹²idest]
1128 3997 1202 4054 idem
1217 3998 1250 4055 P.

150 4075 298 4152 ⁰aepties]
315 4077 405 4134 sexies
421 4077 452 4134 P.
508 4086 540 4118 ⁰0
554 4074 713 4152 Alcaicurn]
728 4076 880 4134 Alceacum
894 4075 925 4134 P.
985 4077 1155 4152 emensum]
1170 4096 1251 4135 men.

150 4175 221 4213 surae
234 4157 264 4214 Ρ.
320 4157 423 4230 aeolo]
437 4155 500 4213 loco
514 4158 545 4214 P.
558 4167 587 4213 et
601 4175 676 4224 mox,
685 4156 834 4214 exsistunt.
893 4153 1069 4230 rdimetron]
1082 4156 1209 4216 dimeroo
1219 4159 1285 4218 P..

150 4245 162 4278 ³
176 4237 350 4313 spondeum]
367 4250 396 4294 et
410 4237 566 4314 spondeum
582 4237 613 4294 P.
695 4235 707 4278 t
723 4236 886 4310 trimetron]
903 4236 1049 4294 trimosron
1067 4237 1098 4294 P.

191 4387 220 4444 9.
247 4365 293 4424 alii
318 4367 467 4425 trimetron
492 4365 608 4444 epicon]
642 4367 682 4423 Et
724 4367 807 4422 lertio
820 4367 889 4439 epici
902 4384 1001 4423 verm
1037 4366 1092 4425 Sed
1113 4386 1199 4442 quum
1221 4379 1251 4426 et

150 4447 197 4505 hic
224 4451 362 4505 trimoeron
385 4447 539 4526 legendum
565 4447 681 4514 videtur,
723 4467 750 4522 p.
762 4447 830 4520 238,
843 4463 888 4502 ιο.
903 4446 1005 4504 iterum
1017 4445 1180 4523 reperiatur,
1193 4449 1249 4506 hae·

151 4547 264 4585 cauum
291 4529 369 4586 enim
394 4527 494 4595 reddit,
517 4527 593 4604 quod
614 4545 683 4601 pora
723 4524 788 4584 sito.
817 4525 952 4584 COMM.
1006 4521 1175 4604 legendum
1198 4547 1250 4604 pu-
