3124 5120
143 439 282 498 cm.
520 419 759 496 Delmatico
774 429 901 494 metm
1183 435 1250 495 ιιι

15 623 16 628 ’
145 606 347 706 ¹¹quodque
361 606 428 678 erit
445 619 483 678 et
502 617 764 693 monometron,
787 603 837 677 ¹si
855 615 896 678 ut
908 604 1026 678 Graeci
1045 629 1110 704 per
1127 603 1255 705 ''syzy-

144 725 227 822 gias
244 719 409 794 mandas
459 720 533 794 Eas
550 747 635 793 vero
651 719 752 794 sedes
770 745 859 817 quas
877 719 1018 792 iambus
1036 719 1071 792 in
1089 743 1155 792 sno
1172 745 1252 819 pos·
1267 737 1298 784 28

143 837 255 924 sidet,
275 837 340 910 baa
358 837 395 908 in
414 835 569 908 eboricis
585 836 764 909 trochaeus
780 847 889 908 tenet.
918 834 1115 934 Porrigitur
1131 849 1252 908 autem

142 978 267 1049 usque
285 949 329 1024 ad
347 951 550 1024 trimetrum
571 976 726 1038 versum,
743 963 943 1047 nmquam,

250 1067 367 1142 Nunc
381 1066 512 1140 donem
528 1065 674 1140 litemus
690 1066 754 1140 ¹oc
770 1091 913 1140 orcrrrns
928 1063 1120 1162 supplices.

146 1183 300 1282 Recipit
317 1181 517 1282 spondeum
536 1181 746 1254 econtrario
763 1181 927 1255 iambicis
942 1181 1113 1254 versibus.
1139 1183 1253 1256 Amat
1267 1209 1298 1262 τι

146 1315 273 1374 autem
301 1300 427 1396 longas
453 1297 489 1370 in
516 1298 640 1370 breves
667 1297 814 1384 solvere,
833 1313 873 1370 ut
900 1309 1010 1368 ¹¹¹nou
1034 1309 1108 1370 tam
1137 1298 1253 1394 spatia

147 1428 360 1513 temporum
373 1439 484 1510 quam
504 1437 695 1486 numerum
709 1411 873 1511 duplicet
891 1412 1123 1511 syllabarum.
1150 1411 1253 1484 Idco-

146 1555 222 1626 que
234 1528 382 1602 trochaei
401 1553 467 1602 seu
479 1527 629 1627 spondei
646 1527 853 1626 regionibus
867 1527 1016 1626 recipiet
1032 1525 1253 1626 tribrachyn,

147 1671 174 1718 ιι

174 1657 202 1731 t,
253 1741 415 1816 Nemore
431 1739 661 1814 ¹²‹lulcisonos
678 1751 805 1816 contm
816 1751 1003 1840 personet.

146 1873 407 1948 Admonemur
433 1873 492 1946 bic
518 1871 615 1970 quod
650 1873 746 1973 apud
778 1875 923 1948 Graecos
951 1873 1151 1947 celebratur
1179 1899 1251 1944 non
1264 1905 1298 1952 30

148 1987 436 2088 praetermittere,
447 1986 619 2060 Boiscum
634 1987 859 2086 Cyzicenum
875 2013 1143 2088 supergressum
1165 1987 1253 2060 bex-

148 2099 280 2172 ametri
308 2099 425 2197 legem
452 2099 648 2172 iambicum
676 2114 832 2174 metrum
859 2100 898 2174 in
919 2113 1157 2174 octametrum
1176 2123 1253 2170 ver·

149 2241 233 2290 sum
252 2214 467 2302 extendisse,
484 2218 552 2290 sub
569 2215 778 2311 hujusmodi
796 2215 1068 2316 epigrammate,

254 2327 387 2410 Βόῖσκος
404 2327 464 2404 del
483 2331 623 2420 Κυζᾶιοιι,
638 2329 749 2414 παντὸς
764 2331 901 2430 γραφεὺς
917 2334 1096 2424 ποιήματος,

254 2443 303 2516 'eds
318 2446 463 2518 insolatur
480 2445 565 2542 eripiar
581 2446 700 2544 στίχοι,
716 2447 823 2547 Φοίβῳ
839 2445 940 2536 τίθησι
958 2448 1053 2544 dispas.

151 2557 262 2642 Quod
277 2560 307 2632 si
320 2559 535 2634 imitandum
550 2575 617 2646 eat,
630 2561 726 2660 apud
740 2589 804 2634 noa
817 2561 886 2636 erit
898 2577 935 2635 et
952 2561 1131 2634 iambicus
1148 2559 1251 2634 talis:
1265 2591 1295 2640 ιι

254 2675 397 2749 Beatus
413 2673 478 2748 itte
493 2675 558 2772 qui
569 2675 702 2772 procrd
716 2677 874 2775 negotiis
875 2673 1095 2776 sorcrrsibns

254 2789 393 2864 utam
408 2790 476 2864 snb
491 2789 623 2864 umbro
624 2787 772 2891 frigidi
786 2791 900 2866 vitam
916 2791 1037 2890 quiete
1048 2790 1186 2888 pluent.

150 2903 227 2986 Qui
254 2917 397 2978 constat
419 2931 464 2980 ex
492 2905 633 2990 duobus
659 2907 885 2992 tetrametris,
902 2905 1083 3005 superiore
1109 2919 1253 2980 Pacata·

151 3019 259 3108 lecto,
285 3033 457 3115 sequente
485 3022 704 3106 catalectico,
730 3020 827 3118 quod
857 3047 1004 3094 enorme
1033 3047 1110 3094 asse
1139 3023 1254 3094 mani-

150 3135 286 3208 festum
318 3148 381 3225 est,
408 3161 490 3208 cum
522 3136 614 3211 ultra
647 3161 838 3210 nnmerum
868 3137 1016 3234 triginta
1046 3149 1251 3233 temporum

151 3275 338 3348 egressum
365 3249 430 3324 sit:
458 3250 629 3324 traditum
651 3265 707 3326 est
732 3251 827 3325 euim
855 3251 975 3324 colum
1006 3251 1098 3324 intra
1125 3251 1249 3324 decern

150 3379 189 3438 et
205 3378 291 3438 octo
318 3377 478 3464 tempora
500 3393 576 3440 esse
601 3366 744 3457 debere,
762 3383 918 3440 metrum
947 3380 1066 3440 autem
1093 3391 1137 3440 ex
1164 3366 1253 3440 duo-

152 3481 221 3552 bus
249 3479 337 3552 colis
365 3479 567 3570 subsistere,
586 3507 653 3554 nec
678 3481 826 3580 pmvebi
853 3481 994 3578 longius
1012 3497 1187 3581 oportere,
1206 3482 1252 3554 si-

1055 3621 1068 3659 “a

192 3700 210 3745 ¹
223 3701 301 3779 quod
316 3702 519 3824 querit11quod
534 3703 625 3780 querit
640 3704 669 3762 P.
781 3701 842 3778 ¹si]
860 3702 902 3762 sic
917 3705 947 3761 P.
1077 3701 1094 3746 ¹
1109 3705 1248 3782 syzygias]

151 3783 837 3938 rrtffl‘el‘ltp·
906 3783 1252 3943 ,acumem

152 3941 325 4021 ris-frigidi
341 3943 371 4000 P.
464 3953 480 4000 Ρ
494 3943 662 4017 acatalecto]
675 3941 856 4003 acatalectico
870 3946 902 4001 P.

194 4139 244 4196 ³¹·
277 4123 366 4178 colam
394 4123 482 4196 ὶιιιια]
516 4121 682 4180 curavimus
723 4121 773 4179 aed
801 4135 859 4178 tam
891 4122 998 4180 audace
1024 4125 1054 4180 in
1083 4123 1250 4190 mutatione,

153 4199 193 4258 ita
205 4201 307 4259 excudi
328 4203 382 4260 boc
404 4221 518 4280 qnoque
538 4215 569 4259 ut
588 4201 618 4259 in
632 4221 681 4260 co·
724 4205 879 4279 prasertim
892 4221 957 4261 cum
973 4203 1058 4281 paulo
1072 4215 1138 4281 post
1151 4204 1250 4262 eadem

153 4281 215 4340 dice
238 4283 344 4360 scripto
373 4281 576 4340 inveniebatur.
628 4282 682 4340 Sed
723 4281 759 4340 de
787 4301 816 4340 re
850 4281 924 4340 idem
956 4302 1091 4340 numerus
1119 4297 1249 4361 ponatur,

155 4381 197 4419 rea
216 4361 277 4440 ipsa
296 4363 400 4420 clamat
419 4363 513 4421 locum
528 4381 590 4420 esse
603 4381 682 4420 men·
725 4363 800 4420 malo
814 4363 966 4440 unicuique
987 4363 1105 4440 relinqui
1127 4363 1249 4421 aestima·

154 4443 265 4500 dosum.
286 4461 386 4500 sensus
404 4441 519 4522 quidem
542 4454 603 4499 erat
624 4441 683 4519 pla·
725 4444 832 4500 tionem
848 4458 876 4500 et
893 4441 1030 4520 judicium
1051 4463 1144 4500 snum.
1186 4445 1251 4502 CA·

156 4541 210 4580 uus
223 4524 248 4580 si
262 4522 403 4600 legeretur
413 4525 502 4580 decem
518 4531 545 4580 et
559 4525 685 4598 quinque,
726 4523 825 4580 Mun.
