3100 5142
239 386 312 450 ³3⁴
596 369 713 446 Atilii
729 369 991 446 Fortunalinni
1201 397 1294 447 Pan.
1310 397 1356 448 ιι.

241 559 278 632 in
297 556 454 632 secundo
472 557 553 632 loco
569 557 698 658 posita,
714 555 751 630 id
768 569 835 644 est,
849 582 932 632 cum
951 555 1021 630 alia
1038 557 1272 632 oonaonantis
1289 585 1365 632 vo-

241 673 308 750 cali
336 671 443 772 priori
471 671 652 772 praecedit.
696 672 898 747 mCeterum
926 673 955 746 si
981 673 1102 772 aliqua
1120 674 1252 748 barum
1277 675 1369 774 pri-

242 815 344 862 mum
364 789 484 862 locum
504 803 638 878 teneat,
654 787 689 862 id
708 801 764 862 est
789 815 901 888 prope
918 789 1092 874 vocalem,
1109 790 1186 864 ¹'sic
1200 805 1244 862 ut
1260 817 1370 863 eon-

243 929 375 978 sonans
401 901 514 1002 accipi
532 901 652 992 debet,
670 903 756 978 item
775 931 859 980 cum
880 905 983 980 metri
1011 905 1202 980 necessitas
1219 906 1373 1006 exigit,

242 1031 480 1092 consonantes
499 1017 689 1092 habentur.

533 1217 636 1300 cn.
660 1217 742 1301 111.
792 1221 1055 1331 uenturo.

294 1367 440 1468 Syllaba
468 1381 523 1442 est
552 1368 750 1444 litterarum
782 1397 976 1444 consensus
1005 1397 1071 1472 per
1097 1371 1261 1444 vocalem
1290 1373 1368 1444 vel

245 1489 384 1560 vocales
402 1486 693 1586 comprehensus.
745 1486 950 1585 Aliquando
967 1499 1088 1560 tamen
1113 1513 1221 1559 unam
1241 1514 1366 1560 voca-

246 1603 317 1676 lem
345 1629 411 1703 pro
437 1603 574 1704 syllaba
603 1601 758 1702 positam
785 1602 932 1676 abusive
961 1601 1136 1702 syllabam
1164 1629 1364 1694 vocamus,

247 1719 384 1818 syllaba
402 1719 499 1792 enim
524 1746 545 1790 a
566 1717 702 1793 Graecis
724 1717 857 1792 dicitur
873 1715 932 1790 del
954 1725 1007 1790 τοῦ
1028 1722 1286 1812 θσνλλιιμβάνω
1309 1719 1363 1792 τὲ

245 1837 430 1930 γράμματα.
467 1835 624 1934 Syllabas
639 1847 702 1906 aut
720 1834 843 1906 breves
861 1846 945 1905 sunt
962 1847 1025 1906 aut
1042 1833 1170 1932 longae.
1211 1833 1360 1908 Breues

247 1949 358 2022 efficit
386 1963 549 2048 correpta
576 1950 731 2024 vocalis:
771 1951 887 2049 longae
916 1963 1036 2022 autem
1061 1949 1203 2024 duobus
1229 1951 1359 2024 modis

219 2099 233 2134 ι
248 2065 352 2152 liunt,
370 2077 433 2136 aut
451 2077 589 2153 natura,
607 2079 670 2138 aut
688 2066 876 2166 positione.
920 2064 1094 2150 ¹'Natura
1111 2091 1196 2140 cum
1215 2066 1358 2140 vocalis

247 2177 472 2252 extenditur:
502 2181 679 2278 positione
705 2185 799 2256 liunt
824 2181 940 2256 modis
966 2207 1041 2270 sex,
1063 2207 1147 2254 cum
1174 2194 1238 2254 aut
1262 2180 1355 2254 duae

247 2309 485 2368 consonantes
513 2295 547 2367 in
572 2295 698 2370 eadem
717 2299 855 2398 syllaba
872 2297 1030 2370 vocalem
1058 2311 1268 2394 sequuntur,
1286 2312 1356 2370 sut

248 2437 335 2486 urs:
363 2411 477 2496 autin
497 2411 586 2486 duas
604 2412 759 2511 syllabas
776 2426 957 2512 separatae,
972 2425 1012 2485 ut
1028 2437 1159 2486 arcus:
1186 2426 1249 2484 aut
1261 2438 1354 2485 curn

248 2527 384 2627 duplex
401 2528 520 2602 littera
537 2527 574 2600 in
592 2527 718 2602 eadem
737 2528 875 2628 syllaba
891 2543 956 2616 est,
974 2543 1131 2602 utnon:
1158 2527 1274 2600 autin
1294 2553 1354 2600 se-

249 2645 389 2740 quenti,
408 2658 447 2717 ut
464 2645 571 2718 anis.-
599 2657 661 2718 aut
679 2671 761 2716 curn
789 2645 950 2742 sequitur
972 2645 986 2717 i
1008 2645 1102 2717 veln
1125 2643 1206 2716 loco
1223 2669 1355 2716 conso-

249 2759 414 2832 nantium
432 2759 560 2860 posita,
578 2759 801 2860 praecedente
819 2761 887 2834 alia
903 2775 1134 2848 consonante,
1152 2773 1204 2848 ut,

337 2875 418 2938 Corn
433 2875 522 2939 Jnno
537 2885 689 2940 aeternnm
702 2896 836 2940 servans
849 2875 908 2940 snb
919 2885 1043 2962 pectore
1058 2875 1185 2954 vadarca,

272 2971 286 3029 t

249 2986 268 3030 (⁸
287 3011 297 3042 l
425 3061 601 3124 Oniminnr
617 3061 712 3147 virgo
726 3061 861 3123 nimium
875 3060 1001 3124 crudele
1013 3059 1118 3124 ‘luisti

421 3163 632 3248 Supplicium.

250 3286 378 3360 Brevis
405 3289 543 3387 syllaba
572 3303 717 3390 tempus
745 3315 856 3360 unum
886 3289 1016 3364 babet:
1048 3291 1166 3388 longa,
1188 3289 1263 3362 sive
1288 3315 1349 3361 na-

251 3414 343 3489 tura,
361 3401 434 3473 sive
451 3404 628 3496 positione
645 3405 763 3495 fuerit,
781 3404 865 3478 duc.

548 3619 650 3699 Can.
673 3621 748 3702 IV.
794 3625 860 3704 Dc
870 3625 1055 3734 pedidus.

303 3773 415 3866 Pedes
441 3775 622 3876 simplices
645 3782 756 3853 'liunt
777 3781 916 3856 duabus
935 3785 988 3856 vel
1016 3784 1130 3856 tribus
1157 3782 1353 3882 syllabis,a

253 3891 456 3964 sublatione
482 3895 518 3965 in
543 3893 802 3993 depositionem
823 3899 927 3970 certis
945 3900 1168 4000 temporibus
1186 3897 1355 3972 termina-

252 4005 310 4094 tis,
328 4007 554 4104 paucissimis
573 4009 726 4102 duobus,
744 4011 908 4110 plurimis
935 4041 1008 4088 sex.
1059 4015 1154 4088 Sunt
1175 4029 1295 4088 autern
1315 4013 1352 4084 bi

253 4121 405 4194 universi
444 4123 553 4222 pedes
580 4125 784 4202 duodecim.
836 4127 895 4202 Ex
925 4129 981 4202 bis
1009 4129 1189 4229 disyllabi,
1214 4127 1356 4230 pyrrhi-

253 4231 356 4306 chius
373 4261 418 4308 ex
438 4237 577 4314 duabus
601 4243 779 4333 brevibus,
796 4244 977 4344 spondeus
996 4273 1041 4318 ex
1059 4245 1199 4320 duabus
1226 4245 1353 4344 longis,

293 4432 463 4506 mesenum]
479 4451 573 4492 oerum
587 4437 625 4494 V.
737 4437 863 4510 ¹¹sient]
879 4441 915 4496 sit
930 4437 967 4495 V.
982 4445 1014 4495 nt
1028 4457 1086 4497 orn.
1102 4439 1182 4497 Med.
1292 4441 1354 4494 ⁰rlr

252 4511 409 4587 ppolppara]
426 4537 461 4569 τα
475 4537 577 4587 essexia
591 4517 627 4573 V.
684 4515 830 4588 Pnntnrn]
847 4537 910 4574 nam
927 4517 962 4574 V.
1025 4528 1087 4576 ‘tut
1102 4539 1158 4577 orn.
1175 4519 1210 4578 V.
1273 4518 1351 4592 rats]

253 4595 296 4648 uti
312 4591 345 4650 V.
360 4591 551 4672 suprascripto
566 4597 651 4651 luisti.
735 4597 842 4669 ‘finan
858 4606 922 4653 runt
939 4598 973 4652 V.
