3082 5140
435 415 481 492 de
496 417 638 492 Merra
657 415 893 493 Comicus-ram.
1142 435 1217 514 419

109 604 155 678 in
181 601 309 701 quinto
335 601 465 675 habuit
492 601 665 700 dactylos,
682 627 765 676 cum
790 601 828 674 in
846 615 999 700 utroque
1016 604 1217 679 debuerita

110 719 215 792 brevi
234 717 408 817 incipiens
426 744 490 817 pes
508 718 607 818 poni.
658 718 703 791 ln
720 716 869 791 nodemz

264 833 344 914 Totis
359 833 466 930 ἄνδρας
481 833 603 916 τούτους
619 832 733 923 ”dom
750 837 848 908 τάλαι
867 843 967 908 Ρειτε.

110 948 193 1022 Iste
219 947 360 1022 iambus
389 947 501 1021 habet
526 948 564 1020 in
591 945 749 1022 secundo
772 949 852 1022 loco
882 948 1097 1048 spondeum,
1119 959 1157 1023 et
1179 950 1215 1022 in

110 1077 245 1161 quarto
262 1063 460 1162 dactylum.
512 1062 698 1151 Pindarus,
714 1075 807 1136 teste
831 1063 1041 1153 Heliodoro,
1058 1066 1260 1165 ἄπέστρε-τι

110 1189 183 1270 do,
196 1179 266 1253 hoc
282 1191 336 1252 est
349 1179 536 1268 convertit,
550 1178 764 1278 rhythmum
785 1179 994 1265 iambicum,
1008 1179 1079 1254 hoc
1092 1179 1217 1254 modo:

266 1294 468 1393 Πετρωμέναν
485 1292 584 1382 ἔθηκεν
600 1304 705 1392 μοῖραν
719 1303 924 1392 μετατρωτεΐν

153 1445 161 1454 ·
266 1407 482 1508 Ἀνδροφθόρον,
500 1409 565 1484 all}
582 1418 660 1506 σιγᾷ
675 1409 833 1508 κατερρύη.
1212 1508 1214 1514 Ι

114 1523 164 1596 In
178 1523 337 1598 secundo
354 1523 452 1598 enim
470 1523 594 1598 iambo
610 1525 860 1624 pyrrhichium
878 1522 1076 1598 secundum
1093 1536 1131 1597 et
1148 1537 1220 1597 ter-

115 1638 210 1712 tium
230 1639 441 1726 trochaeum,
455 1651 492 1714 et
508 1653 676 1738 quartum
695 1639 894 1740 spondeum
913 1640 1045 1740 posuit.
1093 1638 1219 1712 Idem:

267 1752 384 1852 Τροχὸν
400 1757 495 1850 με’λος
511 1755 546 1827 αἱ
562 1755 593 1828 dl
611 1753 755 1852 Χείρωνος
772 1754 901 1830 insul.

117 1868 195 1944 Hic
220 1869 361 1942 iambus
387 1869 424 1941 in
452 1869 559 1942 tertio
588 1868 785 1944 trochaeum
815 1869 937 1958 habet,
963 1882 1000 1942 et
1029 1867 1065 1942 in
1091 1881 1219 1967 quarto

117 1983 333 2084 spondeum.
385 1981 511 2057 Idem:

267 2097 405 2196 Αἷνιγμα
421 2099 561 2198 παρθένον
578 2099 611 2185 ἔξ
626 2100 733 2198 ἇγριᾶν
753 2102 872 2196 γνάθων.

119 2213 196 2288 Hic
213 2227 341 2314 quarto
358 2214 439 2288 loco
457 2213 657 2314 spondeum
674 2215 808 2316 posuit.
859 2213 984 2288 Idem:
1230 2245 1261 2293 ³³

268 2335 322 2402 ’Er
338 2329 506 2404 dauniorum
521 2333 632 2429 πατήρ·
659 2341 762 2420 maeri
774 2329 826 2428 ao'p
842 2330 878 2402 δ’.

120 2443 164 2516 ln
184 2444 254 2518 hoc
270 2469 413 2542 quoquc
432 2445 554 2517 iambo
571 2445 768 2519 trochaeum
793 2444 831 2516 in
855 2442 961 2517 tertio
984 2441 1064 2516 loco
1086 2441 1220 2543 posuit,

120 2571 157 2633 et
174 2559 211 2632 in
229 2573 356 2658 quarto
375 2559 589 2660 spondeum.
641 2559 766 2634 Idem:

270 2673 294 2746 δ’
311 2673 390 2748 oridia
405 2674 587 2772 sperantur
604 2675 798 2771 ἔφθεγξάμαν
814 2673 870 2748 ἔτι.

123 2789 199 2863 Hic
216 2789 379 2863 similiter
396 2789 433 2862 in
450 2803 579 2887 quarto
596 2789 675 2864 loco
699 2789 899 2890 spondeum
920 2789 1039 2863 habet.
1089 2787 1220 2886 Itaque

121 2917 211 3004 puto
237 2903 432 2977 Horatium
459 2920 605 3005 propter
632 2905 837 3004 hujusmodi
865 2930 986 2978 versus
1015 2903 1220 2976 Pindaricos

121 3018 253 3092 dixisse
270 3019 308 3091 in
326 3017 381 3092 lv
394 3017 620 3108 Canninum,

251 3149 334 3216 Cum
341 3171 406 3240 per
418 3150 553 3217 oudam
566 3173 650 3216 nova
664 3151 880 3242 dithyrambos

255 3253 354 3318 Verbo
367 3253 515 3334 devolvit,
529 3256 850 3342 numriaptaefertur

295 3355 380 3444 lage
394 3357 516 3421 muto.

124 3485 314 3557 Anacreon
330 3497 422 3557 teste
440 3481 660 3558 Heliodoro:
1237 3517 1271 3566 ³4

243 3600 349 3697 ‘Opta
366 3595 414 3672 olel
431 3595 498 3689 λίην
515 3609 656 3673 πολλοῖσι
673 3599 733 3696 γὰρ
751 3599 870 3693 μέλεις.

126 3713 199 3788 Ηὶο
222 3714 364 3788 iambus
386 3727 554 3813 quartum
584 3711 785 3814 spondeum
812 3713 934 3786 habet.
985 3709 1137 3811 Eupolis
1160 3713 1226 3782 Βά-

124 3861 227 3920 πταις,
252 3829 400 3903 cum'in
427 3827 505 3902 aliis
533 3829 662 3902 iambis
692 3825 853 3926 ejusdem
883 3825 1014 3900 fabulae
1044 3837 1142 3898 recta
1170 3835 1226 3894 est

126 3945 371 4018 observatione
388 3958 587 4018 metrorum
607 3971 705 4036 usus,
723 3943 789 4018 hos
812 3955 934 4017 tamen
959 3939 1081 4040 posuit
1097 3939 1134 4011 in
1152 3939 1226 4010 fine
1352 3963 1361 3982 ,

127 4059 298 4136 habentes
316 4059 507 4161 spondeos,

246 4175 372 4251 Ἀνίσια
387 4180 501 4276 πάσχω
517 4186 629 4266 ταῦτα,
646 4173 693 4248 ναὶ
709 4175 757 4270 μὲ
771 4175 829 4255 τὰς
846 4171 995 4266 Νύμφας.

248 4290 369 4367 Πολλοὶ
384 4294 441 4390 μὲν
458 4290 504 4366 οἶν
521 4291 635 4380 δίκαια,
651 4288 697 4362 sai
713 4290 761 4384 μὲι
777 4289 834 4368 τὶς
851 4288 1008 4384 κράμβας·
1103 4365 1105 4370 ,

439 4549 464 4584 ¹¹
478 4543 855 4600 ontttttrttttntnstrms
868 4535 908 4594 D.

625 4646 647 4706 ³
668 4656 694 4704 H
715 4647 735 4704 2
