3100 5142
90 437 283 502 caan.
534 425 599 500 De
612 417 806 502 'melam
1153 445 1225 506 aaa

95 613 157 685 in
194 608 442 684 desinentibus
472 635 568 696 vero,
595 609 631 682 id
667 627 722 684 est
756 612 793 684 in
823 612 1121 712 depositionibus,
1147 641 1228 712 quae

97 727 205 800 loca
230 725 332 826 paria
348 725 542 824 appellant,
560 751 633 798 non
650 725 720 799 nisi
735 727 799 826 qui
817 755 838 802 a
855 729 1023 804 brevibus
1037 729 1226 831 incipiunt.

104 843 321 917 Dimetron
339 843 667 942 hypercatalecton,

390 949 490 1023 Valles
501 979 561 1044 per
575 961 666 1024 imos.

111 1069 321 1143 Dimctron
341 1067 691 1168 brachycatalecton,
708 1083 760 1158 ut,

300 1184 442 1248 splenos
456 1185 554 1248 cadus
569 1186 674 1249 musti.

116 1291 322 1367 Dimetron
341 1295 606 1384 catalecticum,

300 1409 402 1498 Aqua
414 1420 530 1476 sorsum
528 1411 730 1498 frequentes.

119 1509 337 1586 Dimetrum
356 1513 607 1602 acatalectum,

301 1629 515 1714 Avetefhotes
529 1631 651 1694 cossus.

123 1737 333 1811 Trimetron
353 1739 602 1828 acatalectum,

303 1855 420 1920 Amare
432 1855 504 1920 nolo
516 1875 573 1920 nec
586 1853 689 1918 dolere
705 1855 826 1920 Clinia.

126 1964 342 2038 Iambicum·
364 1965 433 2038 boc
453 1978 616 2040 ¹metium
634 1962 742 2038 etiam
771 1965 800 2037 si
826 1963 980 2040 defuerit
997 1967 1112 2042 versui
1140 1968 1256 2044 iam-2

128 2083 211 2170 bus,
221 2080 275 2154 vel
293 2107 393 2153 rarus
407 2079 444 2154 in
458 2079 631 2170 coluerit,
644 2078 927 2180 appellabimus:
953 2082 1014 2156 ille
1028 2084 1125 2158 enim
1142 2085 1230 2185 legi-

127 2197 242 2271 timus
260 2197 367 2286 solus,
384 2223 493 2293 quem
512 2195 600 2294 ὄρθιον
614 2195 702 2286 dixi,
720 2197 842 2270 iambo
860 2196 936 2270 solo
953 2213 1104 2275 constat.
1146 2201 1230 2290 Sed,

129 2329 173 2388 ut
197 2313 356 2386 diximus
376 2314 454 2410 jam
481 2313 701 2413 dactylicum
730 2313 982 2388 hexametrum
1010 2315 1117 2390 etiam
1145 2343 1228 2392 eum

129 2410 218 2518 dici,
236 2429 297 2526 qui
315 2455 441 2502 omncs
459 2428 637 2543 spondeos
656 2427 807 2514 babeat3
833 2429 906 2504 ⁰ita
921 2444 958 2502 et
977 2431 1036 2503 bic
1053 2431 1229 2506 iambicus

129 2545 272 2636 dicitur,
288 2547 453 2643 quamvis
471 2571 583 2618 unum
603 2543 766 2618 iambum
782 2545 923 2636 babeat,

260 2661 481 2748 Pavidumque
493 2661 628 2748 leporem
641 2669 671 2725 et
684 2661 840 2726 Momm
853 2661 965 2748 laqueo
973 2682 1103 2748 grum

421 2863 523 2948 css.
543 2861 619 2948 XI.
649 2865 714 2945 De
733 2864 941 2947 trochaico.

182 3006 412 3080 Contrarium
438 3005 548 3080 Phuic
571 3003 794 3079 trochaicum
821 3019 991 3096 metrum,
1008 3009 1104 3106 quod
1130 3033 1231 3104 aequc

132 3121 293 3221 quinque
325 3121 478 3222 pedibus
508 3135 661 3211 constat,
690 3120 848 3194 trochoeo
877 3136 914 3194 ct
944 3121 1070 3195 ceteris
1100 3120 1231 3218 quibus

132 3265 251 3338 supra.
301 3239 399 3312 Nam
424 3239 570 3312 trochaei
597 3239 702 3337 longa
729 3237 845 3312 soluta
867 3236 1233 3334 tribrachymalteru-

132 3369 187 3427 tra
203 3353 354 3454 spondei
374 3367 437 3428 aut
454 3367 677 3453 anapaestum
697 3367 759 3427 aut
776 3351 960 3452 dactylum
979 3349 1129 3425 faciunt.
1178 3351 1232 3426 Hi

133 3469 242 3569 pedes
258 3482 407 3544 ‘lomnes
424 3483 610 3569 ponuntur
627 3469 775 3569 paribus
787 3467 823 3541 iu
837 3468 936 3558 locis,
949 3468 1146 3568 imparibus
1160 3495 1231 3542 non

134 3585 201 3660 nisi
221 3585 259 3658 bi
276 3585 338 3683 qui
359 3587 526 3660 brevibus
547 3585 733 3660 finiuntur.
785 3584 993 3660 Dimotsum
1021 3583 1234 3687 hypercata-

135 3701 280 3790 lectum,

304 3819 594 3907 Nympharosddo.

135 3926 492 4028 Brachycatalecton‚

303 4045 457 4111 Fmstium
471 4067 603 4112 sorores.

136 4161 218 4236 Hoc
234 4177 271 4236 et
287 4162 588 4264 rithyphallicum
608 4164 749 4240 dicitur.
784 4165 991 4238 Dimetrum
1007 4165 1233 4255 catalectum,
1247 4193 1260 4228 ²

172 4367 188 4399 ¹¹
199 4359 298 4434 plotus
312 4361 397 4418 cadus
409 4362 501 4418 musti.
535 4361 694 4419 Dlmctrum
710 4361 892 4418 catalecticus
906 4378 977 4434 aque
991 4367 1070 4417 avete
1080 4361 1178 4436 sontes
1192 4382 1234 4419 ce-

136 4440 203 4496 rulei
216 4442 495 4518 sonontsrequcntes.
527 4441 683 4500 Dimetrum
699 4443 880 4498 acatalectum
895 4459 990 4496 amore
1003 4443 1066 4498 nolo
1080 4461 1129 4499 nec
1142 4445 1235 4500 dolere

139 4518 234 4580 Clinia.
266 4521 418 4580 lumbicum
433 4522 484 4580 hoc
498 4541 534 4582 m.
548 4523 587 4580 V.
683 4525 753 4579 ossa
767 4523 808 4598 et]
825 4529 857 4579 ut
870 4529 910 4578 est
924 4522 960 4579 V.
1057 4523 1235 4598 placidius.

100 4611 116 4642 ⁶
131 4599 177 4672 jus
190 4601 225 4657 V.
322 4606 457 4684 somnes]
477 4604 512 4661 V.
529 4602 609 4662 addit
618 4611 770 4680 ponuntur.
868 4603 1102 4678 rislyptatttcum
1117 4605 1232 4680 dicitur]

137 4681 330 4755 ytliplsolicum
345 4687 378 4744 dc
393 4687 429 4744 V.
