3076 5140
132 435 209 486 cac.
222 425 260 486 3.
489 411 552 486 De
568 411 748 512 dactylico
765 421 889 486 metru.
1157 425 1224 486 uel

258 595 435 663 Nereidum
450 598 548 662 enutri
562 605 592 661 et
606 597 758 684 Neptuno
772 599 901 686 AEgoeu.

130 705 165 777 Si
185 705 365 780 sccundus
383 707 431 779 sit
446 705 626 804 dactylus,
643 708 770 782 ‘ceteri
789 707 951 808 spondei,
971 721 1010 782 ut
1027 721 1093 795 est,
1243 720 1259 769 8

255 822 322 886 Aut
335 823 433 886 ¹leuia
446 843 554 886 ocreae
568 822 651 886 lente
664 822 784 888 ducunt
797 832 942 912 urgento.

130 929 166 1002 Si
183 932 311 1004 tertius
327 931 506 1031 dactylus,
522 931 631 1004 ceteri
651 932 814 1032 spondei,
831 947 883 1022 ut,

261 1047 355 1110 Tunc
354 1047 492 1132 firmes
507 1045 622 1111 ‘motu
636 1047 782 1112 radianti
795 1047 915 1112 ducunt
928 1069 1017 1113 auro.

130 1155 166 1227 Si
183 1170 332 1254 quartus
349 1157 527 1256 dactylus,
548 1159 676 1230 'ceteri
694 1159 855 1258 spondei,
874 1172 925 1249 ut,

258 1275 486 1362 Arrnatunrque
499 1295 581 1339 euro
594 1275 809 1362 circumspicit
825 1275 958 1352 Orione,

132 1393 175 1470 εἴ,

260 1498 338 1572 eroe
350 1497 509 1584 quondam
522 1497 624 1561 bunis
637 1506 667 1562 et
680 1497 871 1562 criminibus
884 1497 1025 1562 desertis

132 1604 166 1678 Si
183 1607 332 1705 quintus
348 1609 525 1708 dactylus,
542 1608 650 1682 ceteri
668 1607 829 1710 spondei,
847 1623 898 1699 ut,

257 1725 425 1790 Silvertris
438 1727 527 1789 ruris
539 1725 663 1812 apersit
676 1725 824 1788 Iabuscer
838 1725 982 1788 racemis.

178 1832 264 1908 Hoc
281 1834 392 1908 modo
409 1838 502 1908 fiunt
518 1835 667 1932 spondei
686 1835 1033 1933 pentaschematieti.
1085 1835 1227 1908 Primus
1241 1858 1257 1908 9

133 1946 175 2019 sit
191 1944 386 2048 spondeus,
404 1950 512 2022 ceteri
530 1949 678 2050 dactyli,
695 1964 746 2038 ut,

257 2067 286 2128 0
299 2067 418 2152 regine
430 2086 546 2129 nouem
560 2067 613 2128 cui
626 2066 757 2129 condere
770 2068 923 2154 anpiter
936 2068 1053 2132 ariera.

134 2172 317 2248 Secundus
335 2175 528 2275 spondeus,
546 2177 654 2250 ceteri
672 2174 818 2274 dactyli,
837 2191 889 2266 ut,

260 2293 315 2356 Tu
330 2292 465 2356 calamos
479 2293 595 2378 instare
608 2291 700 2368 lever,
714 2311 774 2380 egu
787 2291 891 2356 dicen
905 2313 1025 2358 verm.

133 2395 270 2474 Tertius
288 2401 480 2500 spondeus,
497 2401 604 2474 ceteri
624 2399 772 2500 dactyli,
789 2415 841 2487 ut,

256 2517 377 2582 Pocula
390 2517 466 2580 bina
479 2539 561 2582 neco
574 2518 759 2605 rpunruntie
772 2517 850 2580 lacte
862 2519 1044 2604 quotannis.

135 2625 287 2706 Quartus
304 2627 497 2728 spondeus,
513 2629 621 2702 ceteri
639 2627 787 2725 dactyli,
804 2641 855 2716 ut,

257 2744 326 2808 Nee
342 2745 400 2808 riui
413 2745 491 2808 diva
499 2766 622 2832 pererra
632 2745 764 2832 generis
777 2763 833 2805 nec
848 2741 1027 2806 Dardanus
1041 2751 1161 2806 unctor.

134 2853 287 2936 Quintus
305 2856 496 2955 spondeus,
514 2857 622 2930 ceteri
640 2853 787 2954 dactyli,

256 2971 301 3035 Ar
315 2971 390 3035 tude
405 2971 576 3036 terribilem
590 2973 728 3036 sortitum
740 2969 855 3056 procul
867 2989 933 3032 oere
945 2989 1071 3034 canoro.

178 3081 508 3155 Dccasclremctisti
533 3081 705 3180 dactylici
731 3083 823 3153 fiunt
849 3079 965 3152 modis
992 3078 1130 3152 decem.
1187 3080 1224 3154 Si
1242 3111 1268 3147 ιι

134 3199 266 3290 primus
283 3209 320 3268 et
338 3195 516 3270 secundus
533 3195 667 3296 dactyli
687 3195 800 3284 'sint
818 3195 925 3267 ceteri
945 3194 1105 3294 spondei,
1124 3209 1175 3281 ut,

255 3313 350 3376 Sacc
358 3331 421 3398 per
434 3320 465 3375 et
478 3313 619 3397 reoprdm
633 3321 663 3375 et
676 3311 837 3398 <lepram
851 3309 1027 3373 convellens

133 3416 269 3494 Primus
287 3435 324 3493 ct
340 3422 467 3494 tertius
484 3419 618 3520 dactyli
637 3420 719 3510 sint,
737 3417 845 3492 ceteri
863 3417 1024 3516 spondei,
1042 3433 1094 3505 ut,

256 3537 696 3621 ¹Dardunidunrfhrtr'ssime
709 3555 838 3622 magnae
847 3535 957 3621 gentis
972 3535 1102 3600 Hector.

136 3642 270 3718 Primus
288 3659 324 3718 et
342 3659 490 3743 quartus
508 3645 685 3743 dactylus,
703 3643 812 3717 ceteri
831 3642 995 3741 spondei,
1012 3657 1063 3734 ut,

258 3762 288 3824 0
300 3761 454 3824 Danaum
468 3762 573 3825 uirtus
587 3769 617 3824 et
626 3761 738 3848 glorie
750 3759 881 3823 Nestor.

132 3867 269 3944 Primus
287 3885 323 3944 ct
341 3871 489 3968 quintus
506 3871 653 3971 dactyli,
670 3871 777 3945 ceteri
796 3871 958 3970 spondei,
976 3885 1029 3960 ut,

254 3989 306 4052 De
316 4007 422 4075 grege
435 4009 499 4052 nun
513 3989 617 4050 ausim
631 3987 798 4074 quicquum
811 3985 983 4073 rdeponere
997 3994 1107 4050 tecum.

167 4237 286 4297 rcrutcri
299 4239 434 4316 spondei]
450 4237 496 4297 Sic
512 4239 544 4296 L.
561 4243 799 4316 coeternapcndeis
812 4238 970 4298 Putschius.
1108 4237 1223 4314 uem]

131 4319 190 4375 leuis
205 4319 241 4377 L.
323 4317 336 4361 t
350 4318 455 4393 mullis]
473 4317 520 4378 Sic
534 4319 570 4378 L.
587 4323 679 4378 noller
692 4319 852 4379 Putschius.
954 4329 972 4361 ¹¹
986 4321 1071 4377 ceteri
1086 4319 1221 4397 spondei]

127 4399 173 4455 Sic
188 4399 224 4458 L.
239 4403 342 4457 ceteris
354 4402 479 4475 spondeis
492 4399 654 4469 Putschius,
669 4399 753 4460 etsie
766 4399 849 4458 iutra.
892 4421 893 4424 ¹
985 4409 1007 4440 Ἰ
1021 4399 1091 4475 sint]
1108 4407 1172 4457 sunt
1188 4401 1223 4460 Ia.

130 4485 143 4518 ¹
159 4479 367 4556 Derdunilnm]
385 4483 564 4539 Dardanium
577 4481 613 4540 L.
695 4480 880 4560 tdepcuerc]
897 4497 1056 4554 componere
1070 4481 1105 4539 L.

619 4573 732 4648 xku
