3082 5140
171 421 255 470 exe.
267 396 402 472 26-28.
413 395 480 470 De
488 394 1183 496 ithyphallieo-Satumio-met.Hor.
1201 415 1269 476 351

388 631 489 714 Cur.
510 629 677 713 XXVI.
707 635 773 715 De
791 633 1060 743 ithyphallieo.

224 782 514 882 Ithyphallieum
546 796 702 858 metrum
733 783 779 858 de
809 785 992 860 trochaico
1022 803 1087 874 est,
1116 814 1199 861 nam
1231 815 1276 862 ex

173 899 289 974 tribus
305 899 472 974 troehaeis
490 913 642 986 constat,
660 899 758 997 quod
776 901 818 972 fit
836 901 865 973 si
883 914 937 974 ter
954 901 1100 978 Bacche
1118 903 1227 990 dicas,

270 1099 277 1112 ι
433 1013 586 1090 ²Bacelw,
601 1015 733 1094 Bacche,
750 1015 880 1079 Bacche.

177 1097 233 1170 Ut
251 1112 310 1187 ω’
435 1199 589 1264 conara
603 1198 761 1262 azam.

176 1307 327 1379 Dictum
348 1320 402 1379 est
420 1321 539 1380 autem
560 1307 644 1380 inde
662 1306 758 1405 quod
777 1307 813 1380 in
833 1310 1011 1408 mysteriis
1029 1309 1150 1382 Liberi
1165 1312 1279 1384 Athe-

176 1424 231 1495 nis
249 1437 347 1496 vates
366 1423 525 1524 stipitem
546 1437 684 1496 rectum
703 1423 739 1494 in
760 1423 909 1497 modum
929 1425 1053 1497 fascini
1073 1425 1278 1512 ¹'tenebant

177 1538 291 1633 etqui
313 1537 382 1610 hoc
399 1563 528 1636 genere
547 1539 651 1611 metri
672 1541 870 1613 “canebant
888 1539 1078 1639 φαλλοφόροι
1096 1555 1132 1611 et
1149 1551 1278 1639 φαλλφ-

176 1651 219 1727 bei
236 1653 459 1727 dicebantur.
512 1655 598 1730 Hoc
615 1668 651 1728 et
669 1655 885 1729 Aseronium
904 1669 1043 1730 voeant.

416 1827 726 1978 Can-XXVII.
759 1895 823 1979 Dc
844 1899 1049 1980 Saturnio.

228 2043 396 2117 Saturnio
418 2057 535 2118 metro
557 2045 717 2144 primum
736 2045 774 2118 in
793 2047 899 2121 Italia
917 2047 982 2138 usi,
999 2045 1136 2120 dietum
1157 2059 1277 2120 autem

179 2158 404 2232 adsaturnia
426 2161 515 2232 urbe
540 2161 783 2234 vetustissima
801 2161 931 2234 Italiae.
983 2159 1057 2232 ⁰Et
1082 2159 1141 2232 hie
1160 2184 1279 2231 versus

178 2277 352 2349 obscurus
369 2275 585 2374 quibusdam
604 2275 757 2366 videtur,
773 2277 857 2374 quia
876 2276 1009 2376 passim
1034 2289 1070 2347 et
1095 2274 1171 2346 sine
1196 2300 1280 2346 eura

178 2418 222 2464 eo
248 2391 413 2464 homines
441 2394 655 2466 utebantur:
687 2393 847 2466 maxime
874 2405 996 2465 tamen
1023 2388 1278 2489 triumphaturi

179 2507 216 2578 in
235 2505 417 2606 Capitolio
435 2505 577 2580 tabulas
595 2507 801 2604 hujusmodi
824 2507 982 2578 versibus
1008 2505 1226 2590 incidebant,
1244 2501 1280 2576 id

178 2635 234 2695 est
247 2621 310 2710 sie,

343 2738 494 2802 Summas
507 2759 580 2824 opes
594 2739 649 2824 qui
664 2758 779 2824 regam
793 2737 905 2822 regias
918 2736 1067 2824 refregit.

181 2847 306 2920 Habet
322 2861 442 2922 autem
463 2847 518 2922 fin
538 2848 654 2948 prima
673 2862 774 2948 parte
791 2847 973 2920 iambicon
991 2847 1169 2920 dimetron
1187 2862 1309 2922 eata-2

178 2964 343 3052 lecticon‚
363 2967 400 3039 in
425 2966 583 3040 secunda
609 2965 816 3039 trochaieon
840 2963 1020 3036 dimetron
1049 2963 1281 3062 brachycata-

180 3081 311 3170 lecton‚
329 3081 425 3178 quod
444 3095 480 3155 et
498 3081 778 3182 ithyphallieum
797 3079 976 3152 diximus:
1004 3093 1055 3170 ut,

352 3197 486 3261 Dabunt
500 3198 618 3260 malum
632 3197 756 3262 Metelli
771 3197 888 3259 Noeeio
897 3203 1009 3283 poelce.

180 3307 308 3377 Cetera
333 3307 522 3406 partimin
542 3307 696 3380 Horatio
722 3331 977 3404 recognosces3
1003 3303 1134 3404 partim
1162 3303 1199 3376 in¹
1228 3329 1283 3375 ar·
1342 3291 1345 3298 i

180 3419 347 3520 chetypis
366 3435 554 3496 auctorum
581 3423 691 3513 libris,
709 3421 805 3496 unde
825 3423 901 3494 haec
919 3433 1007 3494 &nos
1025 3420 1281 3520 excerpsimus.

333 3580 434 3728 Car.
452 3645 668 3730 XXVIII.
701 3647 766 3731 De
784 3649 927 3731 metris
947 3647 1132 3729 Horatii,

231 3797 343 3872 Nune
376 3798 584 3898 priusquam
623 3800 667 3874 ad
703 3799 905 3874 Horatiana
939 3811 1054 3870 metra
1073 3797 1284 3885 -veniamus,

182 3940 263 4010 quae
288 3914 419 4013 partim
439 3941 461 3987 a
478 3916 656 3990 veteribus
684 3915 820 3989 Graeeis
845 3913 1039 4003 transtulit,
1058 3911 1187 4011 partim
1215 3911 1284 3984 sibi

182 4029 258 4128 ipse
287 4030 504 4130 composuit,
530 4031 757 4105 admonitum
786 4031 908 4120 velim,
932 4029 1054 4104 omnia
1077 4053 1158 4125 quae
1182 4053 1285 4128 para-

222 4304 237 4338 ⁸
251 4297 361 4354 Beeelte
373 4295 483 4355 Boeelte
497 4299 604 4356 Baeclxe
617 4317 674 4355 om.
690 4297 726 4352 V.
799 4293 815 4338 b
831 4297 971 4370 tenebant]
988 4299 1096 4356 tenebat
1110 4298 1145 4354 V.
1209 4307 1223 4341 ⁶
1237 4317 1285 4354 ee-

181 4378 262 4452 aeat]
279 4378 414 4436 canebant
429 4377 463 4436 V.
478 4377 527 4456 qui
541 4377 637 4436 statim
643 4378 793 4454 sallosoroi
807 4377 977 4453 elsallodor.
1102 4374 1281 4453 dSaramia]

182 4457 309 4514 Saturna
323 4458 360 4517 V.
456 4468 470 4502 θ
485 4459 543 4534 tic]
560 4467 588 4516 et
602 4459 646 4516 bie
660 4459 696 4517 V.
788 4455 802 4500 s
809 4458 916 4533 prima]
933 4461 962 4515 la
973 4461 1066 4533 prime
1079 4459 1116 4516 V.
1207 4469 1285 4517 tee-

182 4539 341 4613 cerpsbmu]
358 4557 409 4596 nor
420 4543 600 4615 excerptiones
614 4540 650 4598 V.
1154 4581 1162 4598 .
