3082 5140
144 441 230 493 car.
245 435 278 492 2.
482 417 548 492 De
566 417 740 518 legitimis
754 419 926 492 numam.
1178 432 1249 492 405

145 601 317 677 adversus
335 599 622 700 palimbacchius
639 625 684 673 ex
711 601 809 673 brevi
836 613 872 674 et
897 599 1038 674 duabus
1064 601 1193 700 longis,
1212 613 1252 675 ut

145 719 331 818 Aquinas.
383 716 545 789 Creticus
563 729 600 790 et
617 717 884 818 amphimacrus
902 743 947 790 ex
971 717 1079 816 longa
1100 717 1198 790 brevi
1216 731 1252 790 et

145 836 267 933 longa,
285 847 327 908 ut
343 833 496 906 sanitas.
539 831 696 906 Duobus
717 859 736 906 a
754 833 955 931 quantitate
967 831 1153 906 contrariis
1171 834 1252 908 bra·

147 951 364 1051 chysyllabo
381 964 418 1023 et
436 951 604 1035 moloss0,
621 974 775 1046 quorum
794 949 883 1021 alter
907 947 1016 1044 trium
1044 960 1251 1048 temporum

148 1082 216 1154 est,
233 1068 323 1140 alter
345 1091 431 1140 sex:
458 1063 584 1138 ordine
607 1079 679 1138 tres
703 1065 739 1136 in
760 1064 954 1162 quaternis,
972 1078 1044 1138 tres
1071 1066 1108 1139 in
1132 1067 1251 1164 quinis

148 1183 384 1283 temporibus.
703 1165 709 1186 ⁸

344 1383 446 1464 Car.
468 1383 525 1464 ΙΙ.
565 1384 631 1464 De
649 1382 842 1502 legitimis
861 1383 1056 1466 numeris.

200 1536 342 1610 Primus
361 1547 415 1608 est
432 1548 469 1608 et
492 1535 675 1634 legitimus
700 1534 859 1608 maxime
875 1551 1056 1610 'numerus
1083 1536 1253 1610 hexame-

147 1667 204 1726 ter
221 1652 397 1726 heroicus.
450 1649 574 1748 Hujus
598 1649 707 1750 pedes
725 1666 787 1724 aut
804 1651 939 1750 dactyli
963 1665 1047 1726 sunt
1065 1667 1127 1726 aut
1145 1681 1252 1752 spon·

149 1769 225 1856 dei;
244 1795 322 1842 raro
339 1781 376 1842 et
394 1767 548 1841 inversu
563 1780 726 1840 extremo
744 1767 938 1866 reperietur
951 1767 1139 1842 trochaeus.
1169 1768 1253 1844 Hu-

143 1885 206 1983 jus
224 1885 445 1983 exemplum,
498 1980 500 1989 Ι

280 2002 366 2065 Aulo
380 1999 549 2064 Pieridum
558 2019 704 2087 peragro
717 1999 784 2064 loco
797 2001 919 2065 nullius
932 2009 1018 2066 ante.

150 2111 265 2186 Totus
279 2113 345 2186 iste
356 2103 556 2212 dactylicus
567 2111 689 2201 irritet
704 2113 832 2185 habuit
844 2139 1029 2187 summum
1041 2112 1252 2188 trochaeum.

151 2227 222 2300 Sed
242 2228 377 2302 mixtus
395 2253 439 2301 ex
458 2227 626 2327 spondeis
644 2227 704 2302 hic
721 2228 798 2314 erit,

282 2345 495 2430 Italiamfiato
503 2345 671 2432 profugus
686 2345 873 2430 Lavinaque
887 2346 984 2410 venit.

151 2454 267 2528 Totus
285 2481 328 2528 ex
347 2455 527 2556 spondeis,

283 2573 377 2638 Cives
391 2573 530 2636 Romani
545 2581 620 2636 trare
624 2573 717 2657 sacti
731 2580 808 2636 sant
823 2571 992 2658 Campani.

153 2682 238 2756 Hoc
273 2709 386 2781 genus
421 2682 562 2755 numeri
601 2681 897 2782 paucissimarum
932 2704 991 2752 xrr
1023 2678 1280 2780 syllabarum,2

152 2797 389 2897 plurimarum
414 2798 630 2888 octodecim,
656 2813 819 2899 tempora
845 2796 972 2895 recipit
997 2795 1124 2896 viginti
1150 2807 1255 2893 quat·

152 2925 245 3004 tuor,
272 2913 452 2989 interdum
488 2915 617 3014 viginti
650 2915 736 2988 tria:
779 2913 932 3014 pedibus
966 2913 1081 2986 tribus
1109 2925 1252 2985 tantum

152 3029 354 3120 conficitur,
365 3031 497 3104 formas
524 3030 659 3130 excipit
687 3031 836 3130 triginta
861 3029 962 3120 duas,
987 3057 1075 3128 quas
1105 3056 1255 3102 enume-

152 3172 228 3218 rare
245 3146 498 3220 festinantibus
524 3147 674 3246 longum
704 3161 768 3220 est.
821 3146 1049 3220 Pentametcr
1076 3145 1282 3246 elegiacuss

152 3261 263 3334 habet
280 3262 502 3362 exemplum,

281 3378 370 3442 Dum
383 3399 470 3442 mens
485 3377 614 3442 assiduo
628 3377 730 3442 luceat
743 3377 935 3465 ignafhms.

135 3486 299 3587 'Recipit
324 3488 523 3588 dactylum,
541 3487 756 3588 spondeum,
773 3503 970 3588 anapaestos
998 3485 1088 3561 duos
1117 3486 1154 3560 in
1181 3488 1255 3561 tine

151 3629 288 3692 versus,
301 3603 493 3702 aliquando
511 3603 816 3702 brachysyllabos‚
828 3605 871 3676 fit
882 3603 1101 3702 syllabarum
1116 3604 1256 3705 paucis-

131 3719 326 3812 ,simarum
361 3719 566 3809 duodecim,
595 3719 831 3818 plurimarum
861 3720 1161 3818 quattuordecim,
1187 3733 1256 3792 ter-

152 3835 245 3907 tium
281 3835 411 3934 pedem
447 3834 649 3936 spondeum
686 3861 828 3934 semper
862 3837 983 3924 habet,
1019 3847 1189 3932 quartum
1218 3847 1256 3906 et

153 3953 324 4050 quintum
343 3952 536 4051 aliquando
561 3952 892 4052 brachysyllabum.
943 3951 1140 4024 Trimetros
1166 3949 1285 4034 iam-4

152 4069 255 4141 bicus
273 4068 405 4142 Latine
423 4069 581 4142 senarius
599 4066 749 4142 dicitur:
777 4069 879 4165 cujus
897 4067 1118 4165 exemplum,

281 4187 437 4251 Plaselus
451 4187 510 4250 iste
525 4207 615 4273 quem
631 4186 745 4250 videtis
759 4185 905 4272 hospites,

152 4296 343 4372 duodecim
377 4299 594 4398 syllabarum
632 4311 697 4370 est.
761 4294 908 4394 Recipit
938 4291 1130 4392 aliquando
1164 4318 1257 4392 prae-

152 4428 207 4486 ter
229 4421 366 4489 ceteros
391 4416 542 4503 iambos,
571 4426 734 4487 extremo
758 4409 1006 4511 pyrrhichion.
1057 4411 1256 4484 Trimetros

118 4593 121 4602 ,
153 4530 320 4628 tragicus,
