3124 5120
297 367 367 442 164
683 365 802 440 Marii
820 365 1008 440 Victorini
1244 387 1318 436 ura.
1336 387 1396 436 111.

294 553 394 642 deus,
424 565 550 650 utpote
579 549 718 623 duabus
748 548 883 647 longis3
912 547 1029 622 minor
1062 547 1281 646 pariambus‚
1310 547 1397 644 quia

267 680 435 746 sconstat
462 693 482 738 e
510 665 650 739 duabus
679 665 877 738 'brevibus
928 665 1134 738 Commune
1161 663 1231 736 illis
1259 689 1396 737 nomen

295 781 472 879 dactylus,
504 782 554 854 ita
584 781 673 856 alter
699 781 838 854 ionicus
867 779 1043 878 incipiens
1074 806 1095 851 a
1125 780 1260 876 majore
1292 792 1396 877 parte

295 896 442 994 dactyli,
459 922 540 994 quoe
566 897 674 996 longa
700 911 765 985 est,
783 893 842 969 ivi
866 895 997 990 μεΐζονος
1022 893 1165 982 dicitur,
1191 893 1279 966 alter
1305 893 1396 965 inci-

295 1011 398 1110 piens
417 1039 437 1084 a
456 1012 593 1084 minore
619 1026 720 1110 parte
737 1013 826 1110 ejus,
845 1012 915 1084 hoc
940 1023 994 1082 est
1015 1037 1034 1082 a
1052 1009 1190 1082 duabus
1217 1008 1396 1098 brevibus,

267 1125 354 1198 oiri
372 1128 535 1208 ἐλάσσονος
553 1141 795 1225 nuncupatur.
841 1126 955 1223 Cujus
971 1127 1178 1225 exemplum
1199 1124 1293 1223 apud
1314 1123 1396 1196 Ho-

296 1241 426 1314 ratium
460 1241 694 1341 repperimus,
720 1241 782 1338 qui
813 1241 850 1314 in
884 1241 953 1313 hoc
980 1265 1109 1338 genere
1135 1239 1303 1312 carminis
1329 1239 1396 1310 ΑΙ-

296 1383 411 1431 caeum
431 1372 575 1431 secutus
593 1370 657 1430 est.
709 1357 760 1430 Et
777 1359 965 1429 Anacreon
985 1355 1128 1454 lyricus,
1145 1369 1181 1428 et
1200 1353 1396 1453 Euripides

296 1473 464 1571 tragicus,
481 1485 517 1543 et
534 1471 664 1544 comici
683 1485 798 1571 poetae
816 1473 945 1570 reperti
964 1483 1048 1544 sunt
1063 1469 1131 1543 hoc
1147 1469 1218 1544 ‘uti
1231 1493 1396 1553 numero,

296 1588 398 1682 cujus
415 1587 636 1687 exemplum,

396 1702 628 1776 Miserarum
646 1713 700 1777 eat
715 1730 829 1802 neque
845 1703 962 1778 umori
979 1703 1069 1778 dure
1086 1702 1227 1792 ludum,

397 1816 529 1916 Neque
545 1817 645 1892 dulci
660 1819 758 1894 molo
775 1821 858 1894 vino
874 1819 1028 1909 vtavoe,
1045 1829 1110 1892 out
1127 1843 1189 1892 er-

397 1934 556 2006 unimari
572 1943 770 2007 metuentes
781 1945 926 2032 patrue
942 1935 1095 2008 verbero
1113 1931 1258 2032 lingum

271 2067 284 2118 t
299 2047 355 2120 lta
373 2047 467 2120 binoe
486 2049 598 2134 bases,
617 2050 687 2124 hoc
704 2063 757 2124 est
775 2051 899 2123 breves
917 2077 959 2122 ac
975 2050 1093 2149 longae
1103 2049 1240 2144 junctae
1257 2073 1322 2147 per
1337 2073 1398 2146 sy·

298 2163 469 2260 naphian,
486 2178 528 2238 ut
545 2167 669 2240 Graece
692 2179 833 2255 vocant,
850 2191 916 2238 nos
941 2191 1006 2263 per
1024 2163 1329 2260 conjunctionem,
1346 2163 1395 2235 al·

298 2279 407 2352 ternis
425 2280 561 2353 vicibus
579 2281 760 2354 variantur
775 2295 845 2354 'ac
862 2293 1088 2380 procurrunt,
1101 2278 1260 2378 spondeo
1274 2291 1395 2351 autem

297 2393 381 2466 ¹hic
406 2419 527 2468 versus
554 2395 743 2485 clauditur,
773 2408 814 2468 ut
841 2394 999 2468 ionicum
1029 2394 1144 2468 decet.
1195 2393 1246 2466 At
1276 2393 1306 2466 si
1334 2393 1397 2466 de-

297 2510 445 2582 traxeris
464 2511 549 2584 huic
565 2513 740 2586 versiculo
756 2512 917 2611 primum
936 2510 1174 2610 pariambum,
1191 2509 1228 2582 id
1244 2522 1299 2582 est
1324 2507 1397 2608 pri·

298 2651 375 2698 mas
393 2628 517 2700 breves
534 2626 623 2700 duas
642 2628 809 2726 syllabas,
826 2625 968 2700 critiri
984 2625 1126 2722 μείζονος,
1143 2625 1206 2712 sic,

349 2741 494 2816 Rarum
512 2751 566 2815 est
583 2769 697 2842 neque
712 2743 828 2818 amori
845 2742 936 2816 dare
953 2741 1079 2816 ludum
1096 2767 1213 2840 neque
1229 2741 1338 2815 dulci.

270 2856 393 2930 ⁸ltem
430 2857 458 2929 si
490 2857 629 2956 integro
661 2857 777 2931 versui
811 2855 900 2930 duas
936 2857 1060 2956 longas
1094 2857 1277 2954 adjeceris,
1305 2872 1347 2930 ut
1375 2883 1397 2930 o

300 2997 420 3069 quum,
438 2971 496 3044 ini
512 2973 654 3067 μείζονος.
681 2973 825 3057 Quibus
843 2971 1023 3072 ademptis
1040 2987 1234 3046 revertetur
1251 2971 1296 3046 ad
1316 2999 1397 3072 spe-

299 3087 391 3160 ciem
419 3113 535 3175 suam,
553 3089 687 3186 fietque
704 3087 763 3162 riri
781 3090 953 3170 ἐλάσσονος.
992 3087 1053 3160 Sic
1070 3088 1202 3162 variata
1222 3087 1397 3188 pervices

300 3199 499 3296 adjectione
517 3215 554 3274 et
575 3215 592 3264 5
597 3203 827 3293 detractione,
845 3231 919 3277 uno
935 3201 1136 3300 eodemque
1155 3227 1272 3292 versu,
1288 3203 1396 3276 ionici

271 3313 457 3414 odispares
475 3329 651 3390 creantur.
703 3319 878 3391 Similiter
894 3334 930 3390 ct
947 3317 1102 3391 iambica
1119 3319 1156 3390 in
1173 3317 1396 3392 trochaicum

301 3442 456 3502 metrum
491 3457 555 3528 per
584 3430 792 3528 hujusmodi
823 3431 1039 3506 commercia
1068 3445 1265 3507 transeunt.
1316 3432 1398 3506 Nec

300 3569 374 3614 non
400 3545 508 3617 etiam
540 3545 667 3618 eadem
703 3546 732 3618 si
766 3549 830 3618 fiat
857 3546 1010 3643 adjectio
1037 3547 1081 3620 ad
1111 3547 1397 3622 choriambicum

300 3657 573 3756 transmigratis,
590 3661 712 3756 ¹quasi
731 3687 794 3760 per
811 3663 985 3736 circulum
1004 3663 1198 3760 quendam,
1214 3663 1316 3736 factis
1335 3689 1399 3762 per

301 3773 539 3870 adjectionem
567 3789 629 3849 aut
645 3775 904 3851 detractionem
931 3793 1127 3852 metrorum
1147 3778 1399 3852 commutatio·

258 3927 288 3962 ιο
301 3888 417 3962 nibus.
470 3889 651 3964 Ponamus
675 3893 786 3980 enim,
803 3891 961 3990 exempli
979 3919 1096 3982 causa,
1113 3893 1395 3966 choriambicum

300 4003 502 4077 trimetrum
531 4005 872 4105 hypercatalectum,
895 4035 968 4082 non
990 4036 1035 4082 ex
1059 4009 1143 4082 solis
1169 4011 1398 4100 choriambis,

301 4118 361 4191 aed
391 4119 606 4210 admixtum,
632 4136 673 4195 ut
704 4123 750 4196 sit
777 4123 893 4223 prima
917 4123 1081 4222 quoedam
1112 4125 1319 4224 conjugatio
1346 4123 1399 4198 di-

341 4303 353 4334 ⁸
369 4294 512 4369 brevibus]
531 4295 622 4374 longis
636 4297 766 4356 brevibus
781 4300 811 4356 P.
826 4319 912 4376 cupra
924 4302 972 4376 qui
984 4318 1018 4356 ex
1032 4319 1088 4358 em.
1214 4301 1280 4359 tou
1294 4321 1352 4359 otu.
1368 4301 1397 4358 P.

300 4383 314 4414 v
329 4373 431 4449 lavere]
449 4374 561 4434 luabere
577 4377 608 4435 Ρ.
712 4389 734 4419 w
747 4379 790 4451 et]
805 4399 838 4438 ac
852 4381 883 4438 Ρ.
990 4379 1065 4438 ¹hic
1079 4383 1188 4457 uersus]
1207 4382 1260 4441 boc
1275 4401 1355 4441 versu
1367 4382 1397 4439 P.

301 4453 548 4532 rdetructationc]
563 4458 739 4517 detractione
754 4459 785 4517 P.
868 4470 882 4502 ¹
898 4457 991 4536 quusi]
1007 4457 1043 4542 ‹js
1053 4460 1084 4520 Ρ.
