3076 5140
158 339 237 390 car.
253 331 308 390 15.
371 315 434 390 De
450 317 643 414 Anopoesti
656 319 768 392 metri
779 319 978 418 generibus
995 319 1059 418 ⁸10·
1182 331 1247 392 181

159 501 323 574 uochaeis
341 527 404 574 seu
427 499 613 599 syzygiam
632 501 711 598 ejus
735 500 954 598 adjunxeris,
975 499 1251 576 'Prosodiacom

158 631 308 690 metrum
336 615 482 704 efficies,
509 615 630 712 ''quod
658 640 801 716 semper
826 644 846 690 a
871 617 1048 716 disyllabo
1077 617 1253 716 quolibet,

159 745 208 818 ut,
253 845 344 920 Heu
361 847 430 920 heu
448 849 533 921 dote
548 873 644 920 nunc
659 849 799 921 sonitus
813 849 899 921 dote
916 847 1010 922 betta
1027 847 1114 922 tela.

158 961 248 1034 ltem
267 988 311 1034 ex
332 962 453 1051 heroo,

258 1075 432 1152 Cmanino
444 1079 602 1176 pulchra
619 1079 709 1152 milri
724 1105 745 1152 o
764 1078 846 1152 doni
861 1079 1016 1152 sodales.

160 1191 308 1265 Accedit
327 1193 382 1265 his
399 1194 507 1266 etiam
534 1193 595 1266 illa
613 1193 907 1292 anapesticorum
927 1193 1062 1292 species
1083 1193 1128 1266 de
1153 1193 1284 1266 fontes

161 1307 324 1406 dactylici
342 1333 463 1382 versus
480 1309 639 1396 veniens,
656 1323 739 1406 apta
761 1307 957 1381 admodum
974 1307 1134 1396 comicis,
1150 1305 1261 1406 dquse,

160 1426 392 1519 Ἀριστοφάνειος
426 1437 632 1523 nuncupata
658 1437 723 1511 est,
757 1449 831 1495 non
865 1421 951 1520 quia
977 1421 1143 1495 conditor
1177 1421 1255 1518 ejus

161 1537 436 1636 ‘Aristophanes
454 1539 535 1626 tuit,
557 1565 640 1612 nam
658 1553 696 1611 et
712 1539 865 1638 Eupolis
883 1551 921 1610 et
938 1537 1107 1612 Cratinus
1130 1537 1255 1638 priscae

161 1651 346 1726 comoediae
364 1651 567 1752 ‘scriptores
584 1681 623 1726 ea
642 1654 697 1726 usi
716 1665 811 1744 sunt,
828 1652 890 1726 sed
907 1653 992 1752 quia
1014 1653 1191 1752 plurimus
1216 1653 1253 1726 in

161 1767 225 1840 hoc
242 1781 359 1840 metro
375 1767 634 1866 Aristophanes
660 1768 851 1842 invenitur.
904 1767 1018 1864 Cujus
1036 1769 1172 1868 species
1189 1766 1285 1845 du-9

159 1881 252 1982 plex,
269 1882 434 1981 paeonice
455 1898 493 1954 et
515 1882 739 1982 anapaestico.
790 1883 887 1958 Nam
907 1909 1027 1958 versus
1045 1884 1256 1983 Aristopha-

160 1998 237 2070 nius
265 1998 450 2096 paeonicus
479 2011 621 2071 constat
649 2025 670 2070 e
699 1999 813 2072 tribus
841 1999 967 2098 primis
993 1999 1193 2099 paeonibus,
1219 2012 1257 2070 et

160 2113 418 2213 amphimacro,
437 2127 478 2186 ut
494 2127 559 2203 est,

255 2227 348 2302 Jom
373 2229 527 2328 Tyberis
544 2253 588 2302 en
596 2228 771 2326 placidus
787 2229 826 2304 in
841 2231 961 2304 moria
979 2228 1128 2302 labitur.

160 2342 267 2433 Item,

257 2457 431 2556 Egregia
446 2458 627 2556 percoluit
642 2459 793 2557 ingenia
810 2457 967 2533 Musica.

162 2572 305 2654 Quibus
323 2572 351 2646 si
369 2573 516 2646 ultimas
534 2573 657 2646 breves
673 2599 843 2672 poeonum
860 2573 1038 2663 detrahas,
1055 2572 1122 2646 erit
1137 2573 1257 2647 omnis
1273 2607 1305 2642 ιο

160 2687 383 2787 ‘dactylicus
400 2701 627 2760 tetrametrus
641 2687 892 2788 anapaesticus,
903 2686 990 2786 hqui
1002 2701 1142 2762 constat
1158 2687 1259 2762 lana-

159 2805 279 2902 poestis
297 2817 435 2903 septem
454 2817 492 2876 et
508 2803 703 2902 semipede,
720 2803 782 2902 qui
801 2817 856 2878 est
873 2803 1087 2889 octonarius,
1099 2801 1246 2892 ¹‘veluti,

199 2919 296 2984 Alius
309 2919 434 2984 cithero
448 2921 613 3006 sonituque
619 2927 734 3006 potens
748 2919 888 2983 uolucres
898 2918 1091 3006 pecudesque
1104 2937 1235 2982 mouere.

160 3027 272 3127 Cujus
290 3029 392 3126 origo
408 3028 489 3101 talis
511 3041 586 3102 est:
612 3029 742 3102 Omnis
765 3055 829 3128 pes
855 3028 893 3101 in
920 3029 1129 3102 hexametro
1147 3028 1301 3102 heroon

160 3146 314 3244 primam
342 3143 515 3242 syllabam
543 3146 688 3244 longam
719 3144 849 3216 habeat
870 3169 1015 3216 necesse
1038 3155 1103 3233 est,
1120 3157 1157 3217 et
1181 3142 1259 3216 ¹hic

160 3285 280 3332 versus
298 3259 345 3330 sit
361 3258 494 3358 pedum
514 3285 589 3348 sex,
603 3260 914 3360 ¹¹¹Aristophanius
932 3273 1065 3348 autem,
1076 3260 1161 3357 quia
1179 3287 1259 3360 sep-

159 3385 233 3445 tem
261 3371 415 3471 pedibus
442 3385 480 3446 et
504 3373 687 3473 semipede
713 3375 886 3460 subsistit,
912 3375 1111 3448 necessario
1133 3373 1260 3472 adJun·

200 3561 216 3592 ⁸
229 3547 444 3625 Prosodiaeum]
461 3549 726 3628 Prosodipodiacum
742 3551 772 3608 P.
892 3547 1012 3628 bquod]
1030 3570 1093 3628 quaa
1107 3551 1139 3609 P.
1154 3569 1188 3609 ex
1202 3569 1259 3610 em.

160 3625 397 3704 ἅἈριστοφάνιιος]
410 3641 429 3708 q
442 3629 650 3708 aristophanius
661 3630 691 3688 P.
754 3628 990 3706 ‘Aristophaneq
1006 3629 1217 3710 Aristiphaneos
1226 3631 1259 3689 Ρ.

160 3708 236 3768 Dedi
251 3727 318 3766 mox
336 3711 448 3784 Eupolis
461 3729 513 3787 pro
527 3712 684 3785 AEschylus.
809 3707 984 3788 sacriptores
998 3729 1032 3769 ea
1046 3709 1101 3785 usi]
1123 3711 1260 3788 scriptore

160 3789 203 3848 usi
223 3790 256 3847 Ρ.
358 3800 376 3845 8
396 3790 564 3868 dactylicus]
589 3790 708 3848 dactilus
729 3791 760 3848 P.
868 3788 946 3868 ¹¹qui
960 3791 1084 3864 constat]
1100 3803 1212 3850 constat
1227 3791 1258 3848 P.

160 3867 346 3948 lauapaestis]
364 3869 541 3948 anapaesticis
554 3871 587 3928 P.
698 3868 825 3944 ¹‘reluti]
842 3871 918 3929 velut
932 3871 962 3928 P.
1071 3867 1152 3946 ¹hic]
1170 3869 1213 3927 his
1227 3871 1259 3928 P.

161 3959 185 3992 Ν
199 3950 430 4027 Aristophanius]
448 3951 651 4028 Aristophanes
665 3951 697 4010 P.

202 4111 230 4169 7.
261 4095 476 4169 Prosodiacum]
507 4097 690 4171 Prosopodia·
731 4103 749 4130 ¹¹
765 4096 864 4164 Deest,
880 4107 912 4152 ut
925 4096 1036 4173 opinor,
1051 4093 1225 4154 inchoatur.”

161 4193 221 4232 cum
255 4175 299 4232 ed.
326 4175 452 4252 Tubing.
491 4177 685 4234 Camerarius:
770 4175 808 4234 ib.
818 4173 958 4253 quolibet]
969 4177 1089 4235 Videtur
1099 4179 1146 4236 hie
1154 4175 1259 4254 aliquid

161 4261 180 4287 ‘⁶
196 4255 293 4314 Scribe
305 4257 496 4331 prosodioeum
508 4267 628 4313 metrum
640 4258 689 4313 bal
729 4254 834 4314 deesse.
857 4255 989 4314 COMM.
1025 4257 1097 4315 Mox
1118 4256 1147 4314 in
1162 4275 1258 4315 erem-

162 4341 181 4366 “
195 4339 238 4404 τῆς
246 4338 389 4411 προσῳδίας,
399 4334 426 4392 id
437 4347 488 4402 est,
499 4339 584 4407 ὕμνον.
605 4335 688 4404 Mox,
729 4334 778 4413 plo
800 4335 955 4394 secundum
978 4339 1044 4394 dote
1063 4338 1093 4394 in
1116 4337 1200 4395 metri
1219 4335 1259 4393 le·

162 4421 181 4446 ‘⁶
195 4418 268 4488 quod
278 4417 549 4490 sempercdisyllabo
558 4417 687 4489 quolibet.
729 4433 793 4494 gem
809 4428 917 4493 peceat.
