3082 5140
143 431 275 492 caro.
570 416 637 490 De
653 415 825 492 Pedibus.
951 441 953 448 ·
1171 436 1242 497 aaa

142 601 331 675 memorati
359 601 500 700 generis
525 600 723 700 *minatis
752 601 912 676 refertur.
976 603 1179 682 Identidem
1206 621 1244 682 et

139 741 185 790 ex
204 721 272 790 hac
288 717 389 792 ducit
409 731 552 790 tenores
577 731 615 790 et
640 743 809 792 numeros
835 745 997 808 sonosve,
1013 747 1104 818 quos
1123 722 1241 797 Graeci

139 831 288 932 lp‘vlpobf
304 846 342 907 et
357 831 510 930 φθόγγους
526 845 667 922 vocant,
684 833 778 908 sicut
798 833 835 907 in
853 835 1001 910 canticis
1018 836 1241 912 demonstra-

139 961 210 1038 tur,
226 948 296 1022 hoc
318 963 374 1022 est
396 947 593 1035 ”melodiis
612 949 648 1022 in
667 949 799 1049 quibus
818 951 982 1049 quaedam
1007 951 1133 1041 Doria,
1152 981 1241 1027 non-

140 1064 239 1137 nulla
266 1063 436 1164 Phrygia,
463 1065 531 1138 alia
555 1063 675 1164 Lydia
698 1067 782 1160 μέλη
806 1067 1041 1166 reperiuntur.
1094 1070 1241 1148 Intelle-

140 1181 237 1280 gitur
252 1180 395 1256 dautem
413 1182 540 1256 etalio
557 1181 667 1256 modo
684 1195 841 1256 metuam
859 1209 1067 1274 commune,
1084 1197 1175 1260 ‘non
1193 1213 1239 1260 ex

139 1296 282 1372 duobus
300 1296 429 1372 modis.

464 1509 556 1585 Car.
569 1511 615 1586 V.
651 1511 714 1586 Da
732 1513 913 1586 hornus.

191 1643 258 1718 Pes
281 1657 337 1718 est
353 1641 525 1717 ‘sublatio
543 1671 584 1717 ac
601 1643 734 1744 positio
749 1643 903 1717 duarum
921 1658 984 1718 aut
1005 1645 1116 1720 trium
1137 1661 1238 1722 fiam-

139 1761 279 1862 pliusve
296 1760 516 1860 syllabarum
534 1760 651 1861 spatio
668 1760 938 1860 comprehensa.
989 1760 1057 1833 Pes
1078 1776 1133 1835 est
1155 1789 1240 1862 poe-

139 1877 220 1951 ticae
236 1875 404 1951 dictionis
418 1875 571 1950 duarum
591 1875 791 1974 ampliusve
808 1875 1026 1976 syllabarum
1042 1903 1125 1950 curn
1142 1894 1239 1953 certa

139 2005 344 2093 temporum
362 1992 611 2066 observatione
628 1990 783 2065 lmodus
800 1991 975 2091 recipiens
992 1991 1078 2090 ἄρσιν
1094 2007 1132 2066 et
1148 1995 1238 2084 θέσιν,

139 2106 173 2181 id
192 2108 326 2206 estqui
345 2107 473 2208 incipit
489 2107 525 2182 ¹a
542 2107 744 2181 sublatione
760 2121 797 2180 et
814 2107 938 2181 finitur
953 2109 1143 2208 positione.
1169 2112 1237 2185 Pes

138 2251 222 2323 ergo
239 2238 328 2298 tunc
345 2223 488 2314 dicitur,
506 2222 652 2320 quando
674 2221 755 2298 duae
781 2235 864 2297 sunt
888 2224 1047 2323 syllabae,
1063 2227 1235 2324 quoniam

137 2341 232 2413 arsin
255 2353 293 2413 et
318 2339 437 2412 thesin
463 2337 615 2438 pedibus
640 2339 846 2438 quaerimus,
863 2365 936 2412 non
962 2341 1021 2414 ubi
1049 2341 1122 2415 duo
1145 2357 1238 2417 tem-

137 2481 226 2556 pora
249 2470 344 2530 sunt.
395 2451 493 2554 Ergo
519 2482 591 2528 una
618 2455 724 2554 longa
740 2453 893 2554 kpedem
919 2482 990 2529 non
1009 2457 1144 2532 valebit
1160 2459 1237 2532 effi-

138 2597 229 2658 cere,
248 2572 333 2671 quia
359 2571 490 2646 ictibus
507 2571 665 2646 ¹duobua
683 2571 769 2645 arsis
786 2584 823 2644 et
840 2571 964 2663 thesis,
980 2599 1054 2647 non
1080 2575 1237 2674 gemello

137 2703 300 2788 tempore
317 2688 554 2788 perquirenda
571 2701 636 2762 est.

187 2803 403 2878 ”Accidunt
420 2817 540 2878 autem
559 2802 756 2901 unicuique
772 2801 856 2903 pedi
878 2803 1024 2877 amanis
1042 2804 1264 2903 thesisque‚3

137 2947 308 2996 numerus
343 2920 574 3020 syllabarum,
601 2933 758 3019 tempus,
791 2919 972 3010 resolutio,
1006 2922 1132 3018 figura,
1162 2947 1237 2994 me·

137 3049 244 3110 trum
295 3035 346 3110 Et
369 3048 453 3108 sunt
479 3033 588 3136 pedes
611 3033 743 3136 poetici
769 3034 950 3135 simplices
967 3035 1172 3126 duodecim,
1190 3063 1236 3112 ex

136 3153 269 3251 quibus
295 3167 465 3252 quattuor
489 3151 586 3224 binis
608 3149 756 3250 syllabis
785 3164 964 3240 constant,
990 3152 1101 3226 ternis
1131 3137 1234 3226 octo:

135 3267 310 3369 duplices,
326 3267 389 3368 qui
415 3267 494 3340 ”vel
522 3265 713 3366 compositi
742 3265 799 3338 vel
823 3265 1032 3354 combinati,
1057 3267 1235 3342 sedecim:

135 3383 379 3483 ⁰heteroploci
397 3381 636 3484 pentasyllabi
655 3380 804 3480 triginta
819 3378 903 3454 duo.

175 3669 192 3702 ⁸
206 3660 345 3737 menaeus
359 3657 485 3717 refertur.
517 3657 620 3715 Itidem
635 3657 679 3731 et]
693 3657 782 3732 poetis
795 3655 924 3732 refertur,
939 3658 1085 3715 identidem
1099 3665 1126 3714 et
1139 3676 1172 3716 ea
1186 3659 1237 3718 hoc

136 3741 206 3798 hc.
218 3741 320 3816 poetici
333 3739 463 3817 refertur,
475 3739 620 3796 identidem
631 3756 664 3795 ea
675 3738 726 3795 hoc
739 3737 775 3796 B.
789 3738 1108 3796 identidem-hocVen.
1150 3735 1166 3780 b
1179 3743 1236 3813 lot.

134 3825 193 3894 μοὺς
209 3820 345 3896 hiim]
369 3821 483 3878 rithmos
502 3827 529 3878 et
548 3827 669 3894 ptongus
689 3819 724 3875 Α.
749 3825 777 3876 et
796 3819 964 3894 prothongos
984 3819 1018 3875 C.
1044 3818 1186 3892 rhythmos
1209 3827 1237 3875 et

132 3901 289 3978 phthongos
302 3901 376 3959 Ven.
468 3911 483 3944 ⁰
497 3899 640 3972 melodiis]
657 3901 818 3957 meuduem
833 3899 866 3956 B.
956 3894 1081 3956 dniuem
1095 3895 1166 3970 alio]
1182 3916 1235 3954 ou-

136 3990 189 4040 tera
203 3990 230 4039 et
244 3983 301 4038 olio
314 3982 385 4040 hc.
400 3988 427 4040 et
441 3984 497 4040 atio
511 3981 547 4038 B.
643 3991 658 4025 e
673 3999 732 4038 uon
746 3981 794 4054 ex]
810 3998 865 4036 uon
879 3981 952 4054 quad
964 3997 999 4036 eu
1011 3979 1048 4039 B,
1141 3973 1155 4018 ¹
1166 3977 1235 4035 sub·

135 4061 217 4138 latio]
234 4063 385 4122 sublevatio
398 4063 434 4120 B.
448 4063 590 4120 sublatitio
604 4061 677 4118 Vsu.
692 4061 741 4137 qui
755 4077 812 4116 om.
828 4067 878 4116 aut
893 4062 984 4116 trium.
1104 4057 1237 4136 templi·

135 4145 215 4218 usse]
231 4145 350 4219 amplius
365 4144 436 4201 ΑΒ.
546 4140 563 4184 ¹²
577 4140 692 4215 modus]
708 4141 800 4196 modos
814 4141 849 4198 C.
867 4139 938 4196 Van.
1005 4177 1010 4185 .
1040 4135 1049 4180 Ι
1063 4139 1099 4196 ab
1113 4137 1236 4198 elatione

135 4225 179 4299 et]
196 4245 214 4282 o
227 4225 381 4282 sublatione
395 4225 429 4282 Α.
444 4243 462 4280 a
475 4224 659 4280 sublevatione
671 4223 707 4279 B.
723 4227 750 4277 et
763 4221 917 4278 sublatione
925 4219 1028 4295 finitur
1041 4220 1074 4276 C.
1098 4220 1237 4280 oblatione

135 4305 208 4362 Vsu.
373 4303 390 4348 ἱ
405 4305 519 4383 pedem]
536 4311 576 4361 est
587 4304 687 4378 pedum
701 4303 735 4358 C.
903 4297 913 4342 ¹
926 4298 1051 4374 duobus]
1067 4303 1184 4359 duorum
1198 4301 1234 4360 0.

134 4395 159 4428 Ν
173 4385 328 4461 Accidunt]
346 4388 488 4444 Accedunt
503 4385 573 4444 ΑΒ.
588 4383 663 4442 Veo.
745 4389 795 4424 Μ
809 4379 878 4438 arsis
892 4393 922 4438 et
935 4377 1039 4458 thesis]
1056 4385 1126 4441 arsis
1141 4383 1236 4441 thesis·

135 4483 188 4541 que
199 4467 309 4526 ΔΒΕ.
391 4465 480 4541 ”rel]
496 4474 523 4523 et
537 4465 612 4522 Veo.
666 4487 670 4500 ·
703 4472 719 4506 ⁰
734 4461 764 4520 H
766 4460 912 4540 eteroplici
926 4461 1236 4541 pentasyllabi—bina·

18 4546 30 4572 ⁸
135 4565 197 4606 rum
212 4565 280 4628 ergo
293 4547 465 4627 syllabarum
478 4547 587 4626 primus
602 4562 651 4624 pes
664 4542 821 4622 dibracbys.
834 4542 853 4602 i.
865 4541 997 4620 bibreris]
1010 4547 1155 4621 steroploci
1165 4564 1235 4621 pen·

656 4651 711 4714 ³1
