2980 5142
103 419 194 470 cae.
209 409 243 468 8.
352 397 416 468 De
431 395 549 493 aperie
560 406 748 492 poematos
764 399 971 472 communis.
1139 411 1209 472 443

103 579 498 679 '‘comprehendantur,
526 581 580 652 vei
610 579 706 678 quod
732 580 820 653 oiim
855 593 996 679 tpartee
1024 577 1213 656 Homerici

104 697 281 770 carminis
308 697 344 769 in
371 696 607 770 theatralibus
630 697 771 771 circulis
798 721 882 770 cum
914 698 1052 787 bacuio,
1077 696 1133 770 'id
1159 713 1215 771 est

104 812 222 911 virga,
250 812 543 912 pronuntiabant,
574 813 636 910 qui
671 815 717 886 ab
748 811 875 885 eodem
909 813 1073 885 Homero
1106 811 1213 887 *dicti

107 943 198 1002 sunt
217 927 446 1000 Homeristae.

163 1044 354 1116 Poematos
372 1043 596 1117 characteres
621 1057 706 1117 sunt
730 1043 779 1132 hi,
798 1041 925 1141 μακρὸς,
951 1044 1085 1142 βραχὺς,
1110 1045 1244 1138 uiroc„

107 1158 243 1258 ἀνθηρός.
280 1157 431 1257 ”Meropia
448 1175 513 1246 eet,
531 1173 571 1232 ut
589 1157 683 1258 apud
701 1157 895 1258 Virgilium
914 1183 997 1232 cum
1017 1157 1217 1232 narratione

110 1275 310 1362 character,
330 1289 370 1347 ut
393 1275 430 1348 in
458 1275 651 1348 undecimo
669 1275 731 1348 ubi
755 1275 800 1347 dc
817 1273 973 1349 Camilia
990 1277 1076 1350 facit
1100 1299 1218 1350 narra·

111 1390 252 1463 tionem
273 1389 336 1476 sic,

246 1505 366 1570 Pulaua
379 1505 417 1570 ab
430 1507 587 1571 iuvidiam
601 1519 720 1595 creg-no
735 1509 878 1595 circaque
890 1508 1053 1594 mperbue.

113 1619 193 1690 Aut
209 1630 251 1690 ut
270 1643 307 1690 se
327 1619 462 1692 habent
479 1618 625 1692 secundi
645 1633 682 1692 et
701 1619 796 1692 tertii
823 1619 915 1692 iibri.
967 1619 1092 1718 Βραχὺς
1109 1633 1162 1692 eet
1181 1633 1220 1691 ut

115 1733 154 1805 in
173 1732 313 1830 quinto,
329 1734 392 1806 ubi
411 1733 457 1806 de
474 1727 689 1834 Ganymede
706 1735 856 1808 strictim
876 1745 994 1808 narrat
1011 1736 1081 1808 sic:

210 1849 324 1912 Victori
338 1849 530 1937 chlamydem
544 1860 706 1928 auratam,
720 1849 836 1938 dqrrum
846 1851 990 1937 plurima
1004 1851 1122 1915 eirmm

205 1951 362 2038 Purpura
377 1952 556 2016 emartiatica
569 1953 689 2041 dirpiiei
705 1952 851 2016 Melitae
865 1955 1018 2030 macerit,

205 2054 412 2140 latenterque
423 2055 672 2140 puerstoudoeo
686 2057 800 2142 regius
814 2055 877 2118 Ida

211 2153 446 2240 Velaeeajamlo
461 2155 583 2222 fcervoa
596 2158 896 2245 curariquefitigat.

120 2277 229 2354 Miro<
246 2286 312 2358 est,
331 2288 370 2346 ut
388 2274 425 2346 in
444 2275 573 2372 primo,
889 2343 894 2372 ,

207 2389 298 2452 Huic
312 2391 473 2476 teonjuna
487 2390 631 2456 Siehaua
645 2399 715 2454 erut
728 2391 906 2456 dittaaimua
919 2387 998 2478 agri

207 2491 403 2568 Piericam,
415 2500 445 2556 et
459 2513 578 2580 magno
592 2495 717 2558 mirera
729 2493 861 2557 dilectata
874 2509 990 2558 amore.

121 2611 191 2684 Eat
208 2611 304 2702 enim
324 2612 498 2710 castigata
516 2613 681 2698 narratio,
704 2612 755 2685 ric
778 2625 902 2684 tamen
928 2624 969 2684 ut
985 2611 1107 2684 ornnia
1124 2632 1224 2684 com·

124 2728 231 2827 plexa
249 2727 306 2800 sit.

173 2842 321 2943 Ἀνθηρός,
340 2857 382 2918 ut
402 2845 439 2918 in
465 2845 631 2946 septime,
650 2846 710 2920 ubi
735 2844 982 2918 amoenitatem
1010 2841 1139 2916 inciae
1159 2842 1253 2914 {iu-6

125 2959 232 3034 minis
249 2960 486 3035 describendo
503 2961 589 3035 facit
606 2961 843 3034 narrationem
863 2959 933 3032 sic:

210 3079 311 3142 Hune
325 3081 523 3166 iraterfluvio
542 3079 724 3164 Tyberiuua
738 3098 860 3140 umoeuo

212 3177 408 3242 brontotas
425 3179 550 3264 rapidis
564 3188 594 3242 et
607 3179 825 3265 muttoflavue
839 3199 940 3243 arena

211 3281 254 3344 Ia
269 3302 357 3345 more
367 3283 572 3368 prorumpit‚·
597 3283 698 3346 oar-ie
711 3283 889 3369 circermqra
902 3300 1062 3368 ruptaque

211 3383 356 3447 Arauetae
369 3385 453 3470 ripia
468 3383 607 3447 autumes
621 3386 806 3470 etstuminie
821 3383 921 3448 iaiom

213 3485 350 3548 AEtirera
364 3485 540 3550 mulcebunt
553 3495 659 3565 cantu,
674 3485 802 3574 lucoque
815 3485 974 3551 volabant.

163 3731 184 3764 ¹
212 3723 503 3800 comprehendantur]
531 3725 794 3799 protendantur&
917 3733 931 3779 t
955 3722 1062 3802 partes]
1091 3737 1173 3798 pares
1194 3723 1229 3779 A.

128 3803 267 3878 paneri).
349 3802 406 3860 *id
421 3805 479 3878 est]
498 3807 568 3863 idem
583 3807 617 3864 C.
700 3801 1056 3878 taciturnitatem.
1137 3799 1230 3858 bMa.

129 3885 179 3959 κρὶς
191 3883 281 3951 enirn,
297 3895 328 3941 ut
341 3885 415 3962 apud
430 3885 515 3964 Verg.
530 3905 595 3943 eum
615 3885 644 3943 in
661 3884 812 3943 undecimo
826 3883 862 3942 de
876 3884 1008 3956 Metabo]
1025 3899 1131 3940 maeror
1145 3889 1185 3938 ert
1199 3889 1231 3939 ut

131 3965 205 4038 apud
222 3963 367 4038 Vergilium
387 3969 548 4024 uenatione
569 3967 714 4024 character
730 3973 762 4022 ut
783 3969 812 4022 in
834 3967 974 4022 undecimo
993 3963 1039 4020 ubi
1059 3964 1094 4019 de
1112 3963 1232 4018 Comitia

131 4045 202 4102 ΑΒ.
218 4045 328 4102 Macros
342 4053 382 4103 eat
396 4050 471 4121 apud
486 4048 627 4121 Virgilium
644 4050 672 4103 in
682 4047 737 4104 XI.
749 4047 796 4103 ubi
810 4047 843 4103 cie
859 4047 977 4102 Comitia
988 4045 1021 4102 C.
1045 4043 1157 4100 Maeror
1171 4061 1232 4099 cum

131 4125 318 4199 -Virgttium
332 4129 360 4181 ia
374 4129 478 4184 decimo
491 4131 525 4184 rte
540 4129 660 4184 Comitio
673 4127 748 4184 Ven.
838 4135 852 4168 θ
872 4125 987 4204 regnos]
1010 4143 1096 4199 regno
1116 4131 1179 4180 runt
1197 4123 1230 4181 B.

132 4201 353 4281 tquaepturimo
367 4208 401 4265 C.
465 4207 711 4266 ⁸Mteandroom.
727 4207 797 4266 ΑΒ.
822 4207 984 4264 Maeuaudro
999 4203 1070 4264 Ven.
1145 4201 1232 4263 fcer-

133 4303 188 4343 roe.
204 4286 300 4361 Mica]
322 4287 486 4365 caveres.
507 4307 592 4346 meror
604 4289 677 4348 Aur.
697 4289 716 4345 i.
732 4305 758 4345 e.
779 4305 913 4362 curruque
923 4287 1045 4363 fatigat.
1155 4284 1233 4342 asi.

134 4365 225 4424 chene
246 4369 319 4442 erat]
344 4369 457 4426 acheus
475 4377 545 4427 erat.
569 4371 596 4427 d.
621 4371 737 4444 apemdo
757 4369 791 4426 A.
817 4376 878 4424 erat
894 4369 922 4427 d.
939 4389 965 4425 a.
978 4387 1008 4442 p.
1024 4387 1047 4424 e.
1062 4385 1099 4425 m.
1115 4367 1141 4424 ei.
1159 4373 1178 4422 t.
1198 4365 1232 4424 B.

134 4443 328 4522 hvorticibus]
345 4450 609 4506 autoramento.
732 4446 741 4490 ¹
763 4449 856 4522 alveo]
873 4452 951 4506 atreo
965 4449 1060 4504 etircra
1079 4449 1235 4506 mulcebant

136 4529 345 4603 certatumque
362 4530 510 4604 (loquoque
524 4531 559 4589 B.
580 4533 691 4604 locoque
706 4531 753 4600 C.)
770 4529 909 4588 ooiabmt.
925 4529 1031 4587 ΑΒΕ.

639 4635 743 4696 3ιῖ
