2970 5134
22 421 106 466 Ae.
131 419 240 464 vm.
420 395 588 462 Demetro
601 399 825 464 choriambico.
1109 405 1171 468 551

15 573 77 634 dx
98 593 154 633 eo
176 579 303 632 autem
318 589 410 630 versu
433 565 589 654 dactylico
609 567 804 646 hexametro,
819 589 915 654 quem
937 568 1078 657 quinque
1098 570 1203 644 dno-7

15 671 86 758 2yli
106 683 152 735 et
172 667 344 755 spondius
358 669 408 732 vel
422 668 579 733 troehaeus
593 668 701 746 efficit,
716 668 863 756 adempte
877 669 997 756 syllaba
1011 671 1122 758 primo,
1139 673 1174 737 lit

15 770 297 859 nnapaestioum
314 769 517 834 hexametron
532 769 693 836 vcolobon.
739 770 847 856 Hujus
861 771 1059 858 exemplum:

231 877 304 932 'At
319 876 385 932 tulo
399 876 548 932 terribilem
560 878 678 933 sonuum
688 877 787 951 procul
800 893 855 933 ere
867 895 976 935 cunero.

19 979 203 1042 Remota
220 973 346 1064 syllaba
360 975 472 1062 priora,
486 975 522 1038 fit
537 998 643 1040 versus
657 975 754 1062 hujus
768 975 852 1040 modi
866 1001 874 1040 :

260 1081 340 1138 Tuta
354 1081 501 1138 terribilem
514 1083 632 1136 sonitem
642 1082 741 1154 procul
754 1099 808 1137 aere
821 1098 930 1138 canoro.

26 1187 183 1250 Versus
201 1197 404 1269 pentameter
417 1183 624 1270 enopaeetious
639 1183 785 1247 ¹oolobos
797 1183 834 1248 ht
849 1183 914 1248 itu:

319 1288 397 1346 tuta
411 1289 540 1346 terribilis
550 1289 716 1362 procul-are
729 1305 840 1344 cunm.

35 1393 140 1456 Item
159 1402 354 1455 tetrameter
365 1388 571 1475 enepaesticus
585 1387 711 1454 coloboe
725 1389 762 1452 fit
775 1387 838 1452 ite:

402 1493 502 1551 Sonuit
511 1495 611 1568 procul
624 1512 677 1550 oerc
691 1512 801 1550 cartoro.

47 1598 146 1661 Item
165 1595 315 1660 trimeter
329 1594 535 1684 nnnpoenticus
548 1593 674 1660 coloboe
687 1595 724 1659 fit
737 1594 801 1661 its:
870 1679 873 1694 .

443 1699 547 1756 Procul
559 1717 613 1756 oere
627 1717 736 1756 canoro.

318 1867 400 1930 Cer.
417 1863 516 1928 VIII.
539 1865 592 1927 Dc
606 1871 704 1927 metro
718 1863 936 1928 choriambico.

108 1994 252 2078 rAtque
265 1989 333 2054 hoec
347 1989 475 2076 quidem
490 2003 627 2076 quatuor
642 2002 752 2068 metra,
768 2011 841 2076 quae
856 2012 951 2076 supro
961 1991 1173 2078 exposuImus,
1190 2024 1200 2060 ι

64 2093 102 2156 id
124 2106 175 2156 est
200 2091 404 2178 dactylicum,
424 2090 603 2171 iambicum,
618 2090 808 2155 trochaicum
833 2107 864 2156 et
889 2095 1111 2178 annpaestioum
1134 2119 1173 2160 ex

68 2193 239 2282 disyllabis
246 2206 311 2257 uret
322 2192 487 2280 trisyllabis
498 2193 631 2281 pedibus
642 2192 829 2270 efficiuntur,
838 2208 954 2281 zprout
967 2195 1061 2260 unius
1070 2197 1174 2285 cujus-

74 2379 100 2438 si
115 2399 166 2456 per
180 2379 258 2458 leges
272 2378 401 2438 metricus
415 2377 442 2436 id
460 2378 518 2438 fieri
533 2377 604 2438 licu-
647 2379 805 2460 Grummet.
820 2399 849 2456 p.
863 2395 951 2455 2520.
973 2379 1064 2438 Aliter
1077 2393 1173 2440 autem

76 2459 155 2517 isset.
186 2459 242 2518 Hir
256 2458 295 2516 ite
303 2457 482 2534 jubentibus,
497 2459 606 2525 stetim,
646 2458 887 2517 Bedademetris
902 2479 930 2537 p.
942 2475 1030 2535 2375.
1048 2464 1093 2524 ¹At
1107 2464 1173 2520 tulo

78 2559 166 2616 quum
181 2539 237 2598 iste
250 2538 372 2617 primum
387 2539 521 2618 legerem,
536 2541 605 2596 nivi-
648 2540 795 2597 terribilem
815 2541 933 2596 sonitum
951 2543 1050 2614 procu
1071 2544 1172 2599 excitat

82 2621 130 2678 bru
164 2639 215 2698 pro
241 2621 356 2678 rombus
388 2619 605 2678 substituebnm.
647 2618 768 2676 horrido.
810 2619 891 2677 Beda
917 2639 953 2678 ex
978 2637 1056 2678 more
1078 2621 1172 2679 Mniiii
1299 2679 1305 2692 ,

84 2701 164 2758 Solet
186 2699 303 2757 Mallius
330 2712 487 2778 poetsnun,
500 2719 604 2770 versus,
647 2710 677 2756 et
702 2699 951 2776 grammaticorum
973 2700 1088 2776 Virgilii
1113 2721 1173 2760 ver·

84 2800 161 2837 nunc
181 2779 320 2846 addendo,
339 2799 415 2838 nuno
436 2779 605 2848 omittendo,
647 2797 709 2836 sum
724 2779 870 2848 schemati,
885 2780 960 2858 quod
972 2780 1174 2841 declaraturus

86 2861 209 2938 pluribus
223 2858 318 2918 metris
338 2859 495 2937 irreptare,
510 2873 543 2918 ut
556 2879 606 2938 pe-
647 2871 716 2928 ernt,
734 2859 970 2928 accommodavit,
985 2880 1038 2920 neo
1052 2861 1099 2919 ille
1113 2881 1173 2920 ver·

89 2939 155 2998 dum
177 2940 272 3018 magis,
288 2959 372 3017 quam
393 2939 541 2998 sententie
563 2959 606 2998 rs.
647 2959 695 2999 eus
722 2961 739 2998 e
766 2939 830 2998 Nic.
859 2939 981 3000 Heinsio
1010 2941 1046 3000 ed
1074 2941 1172 3022 Virgil.

91 3019 192 3078 tionem
207 3021 315 3078 hebent.
333 3019 406 3079 Vide
420 3039 481 3098 cap.
493 3021 546 3080 IV.
562 3039 572 3078 ι
578 3037 607 3094 3.
648 3022 753 3096 Georg.
780 3022 837 3080 111.
866 3039 935 3095 449.
974 3040 1025 3100 pro
1059 3023 1174 3081 alterius

92 3101 127 3156 V.
143 3117 169 3175 7.
186 3119 197 3157 r
202 3119 228 3174 3.
268 3099 402 3158 Judicent
422 3099 517 3158 idonei
532 3099 605 3159 arbi·
647 3109 739 3179 poete
752 3120 832 3159 versu
853 3099 948 3161 haberi
966 3101 1072 3160 debuit.
1115 3103 1173 3160 Pro
1224 3095 1232 3106 ”

95 3181 138 3248 tri,
161 3191 232 3238 totus
253 3181 333 3238 locus
354 3199 390 3237 an
412 3179 452 3238 its
471 3179 606 3240 constitui
648 3185 688 3240 At
709 3184 774 3239 tubo
794 3180 887 3239 Mullii
906 3180 1018 3240 codices
1038 3183 1194 3262 exhibent*

97 3260 197 3327 debeat.
217 3263 257 3318 Ec
279 3261 400 3318 omnibus
422 3267 514 3318 eutem
538 3276 618 3318 ono-¹
648 3262 696 3319 Ao
725 3263 800 3330 tubo,
829 3261 864 3319 de
891 3279 946 3338 qun
973 3261 1175 3340 orthographia

95 3343 179 3415 pettit
193 3341 304 3416 pulcher
317 3361 350 3397 oc
367 3359 480 3399 sonorus
490 3343 532 3416 fit
547 3361 607 3400 oer-
649 3340 705 3400 dixi
720 3340 755 3398 ud
771 3340 876 3418 praefnt.
889 3361 917 3398 o.
929 3355 957 3414 7.
974 3341 1092 3400 HEUS.

101 3439 150 3487 rus,
172 3422 216 3478 hoc
236 3423 334 3478 modo.-
363 3419 483 3480 Niribus
510 3441 609 3499 super·
690 3432 706 3464 ¹
729 3421 848 3495 colchos]
871 3420 992 3478 Codices
1013 3433 1042 3479 et
1065 3420 1122 3487 hic.
1145 3433 1175 3480 et

103 3499 197 3559 eminet
208 3503 295 3558 AEtnn
308 3509 358 3559 cet.
382 3501 499 3560 HEUS.
649 3500 678 3558 in
703 3502 895 3578 sequentibus.
920 3501 1077 3560 obtrudunt
1099 3503 1173 3560 eolo·

146 3583 306 3657 vsmtotm]
342 3581 430 3639 MSS.
467 3583 608 3657 colophon.
647 3582 731 3658 phou.
753 3579 820 3639 vid.
835 3580 871 3638 ed
885 3601 911 3640 c.
922 3581 956 3638 V.
970 3601 1000 3655 4.
1022 3583 1143 3640 HEUS.

107 3661 208 3720 HEUS.
690 3662 820 3736 tAtque]
832 3661 921 3720 MSS.
932 3663 1039 3737 Λόφις.
1055 3663 1174 3722 HEUS.

142 3751 160 3781 '¹
177 3743 210 3798 At
230 3743 293 3798 tubo
316 3743 475 3815 terribilem]
502 3741 609 3800 Versus
689 3753 720 3798 t!
751 3749 778 3798 et
810 3741 970 3817 trisyllabis]
1012 3743 1084 3800 Hoec
1117 3743 1176 3802 duo

109 3819 199 3899 Virgilii
217 3821 337 3879 exAEn.
353 3821 408 3880 IX.
424 3836 493 3898 503.
509 3819 570 3895 jum
592 3841 610 3880 s
649 3823 745 3888 verbs,
761 3821 789 3880 in
806 3822 928 3900 Guelph.
941 3833 1047 3879 temere
1059 3822 1175 3892 omines,

110 3900 257 3958 Terentiano
281 3901 317 3958 ad
340 3901 538 3960 declarandam
564 3921 608 3960 rs·
648 3914 827 3960 accesserunt
859 3921 894 3960 ex
927 3911 1047 3979 utroque
1087 3903 1174 3961 Paris.

112 3981 200 4038 tionem
221 3980 348 4039 carminis
372 3981 533 4061 anapestici
559 3983 608 4040 nd·
652 3982 769 4042 HEUS.

114 4059 200 4120 hibitus
222 4081 247 4139 p.
278 4079 366 4137 2423.
395 4075 425 4120 et
454 4077 540 4139 ²4²5·
569 4062 609 4120 ito
690 4070 808 4138 ¹prout
828 4065 909 4120 unius
929 4061 1070 4138 cujusque]
1089 4063 1174 4122 Puris.

114 4152 199 4209 temen,
217 4153 244 4199 ut
262 4141 308 4200 hic
329 4145 404 4200 dedit
429 4162 480 4220 pro
500 4146 607 4218 procul,
649 4161 704 4200 seo.
715 4161 769 4219 pro
783 4145 864 4200 unite
877 4141 1013 4216 cujusque.
1037 4143 1155 4202 HEUS.

117 4233 211 4299 utroque
228 4233 319 4280 sutem
344 4223 409 4282 loco
426 4242 480 4280 aere
498 4241 609 4284 recurvo
690 4233 706 4266 ⁸
730 4223 940 4298 quadrisylluhis
959 4225 1084 4297 pedibus]
1104 4225 1174 4282 Pos-

117 4300 209 4380 legutur.
251 4303 392 4362 Eumdem
421 4321 530 4360 versum
559 4322 607 4360 eo·
649 4300 736 4360 terius
748 4303 925 4370 vocabulum,
935 4301 1176 4383 quodaGuelph.

119 4381 178 4454 dem,
189 4402 234 4461 quo
246 4383 362 4442 Mallius
380 4383 409 4440 id
431 4382 509 4449 fecit,
523 4383 609 4441 modo
650 4382 756 4449 aberet,
782 4403 859 4442 nuno
883 4402 916 4441 ex
937 4397 1061 4462 utroque
1085 4383 1175 4443 Puris.

120 4462 260 4522 decumum
271 4463 306 4520 nd
321 4474 478 4542 anapestoe
491 4461 610 4521 transire
651 4462 769 4521 restitui.
791 4463 907 4523 HEUS.

119 4541 184 4614 juoit
209 4542 361 4601 Victorinus
396 4541 445 4600 lib.
474 4544 513 4602 11.
547 4543 609 4601 Art.
