3012 5084
795 38 840 313 l

20 269 21 272 Ἴ
123 330 201 382 car.
217 323 256 383 4.
496 307 561 383 De
580 307 868 410 orthographia.
1184 327 1230 408 27

118 517 200 590 qaae
219 517 322 566 nunc
339 517 364 564 a
382 489 490 564 nobis
515 491 683 566 scribitur
703 491 905 593 adspirandi
931 521 1059 570 vocem
1085 497 1233 572 obtinu-

117 609 198 699 isse,
212 623 250 682 et
274 635 298 682 a
315 607 457 682 nostrie
482 621 657 682 reanum
682 625 828 710 propter
854 611 1042 710 peregrina
1070 613 1231 706 nomina,

117 750 212 798 nunc
240 723 334 824 poni
367 737 407 796 et
439 735 524 798 ante
548 723 688 798 vocales
712 739 750 798 et
779 725 886 822 juxta
912 753 942 816 a,
971 739 1009 800 et
1034 737 1062 816 t,
1089 741 1185 826 etp,
1211 755 1232 804 c

118 853 236 914 samm
276 855 318 912 et
355 865 497 912 nomen
533 839 701 914 habuisse
734 851 828 940 get
862 867 967 914 nsum
1011 843 1230 942 praestitisse,

117 954 250 1053 ¹quad
268 981 375 1028 nunc
396 951 515 1028 Caius
536 980 601 1053 per
617 979 648 1044 c,
663 966 700 1026 et
721 967 739 1002 ¹²
754 955 890 1030 Cneiur
911 981 975 1055 per
991 981 1047 1046 cn,
1063 959 1228 1055 quamvis

118 1071 305 1168 utriusque
324 1069 482 1168 syllabae
499 1095 608 1142 sanus
621 1095 651 1169 g
666 1069 856 1168 exprimat,
879 1072 1094 1146 scribuntur.

164 1185 292 1284 ‘Ergo
307 1197 349 1258 et
365 1185 440 1259 alia
457 1199 627 1284 praeterea
640 1187 686 1258 ad
698 1185 763 1258 has
780 1185 914 1260 litteras
928 1187 1155 1286 pertinentia.
1183 1189 1226 1262 ln
1244 1229 1287 1266 m

120 1297 434 1399 dqimdaapieem
450 1299 615 1372 mcundae
628 1300 775 1412 syllabae
787 1301 973 1402 imponere
985 1303 1226 1392 debetisnam
1328 1373 1330 1378 .

120 1415 379 1490 adefervendo
392 1430 431 1488 et
443 1413 676 1513 demquenda
695 1417 736 1488 lit
755 1417 828 1488 tale
844 1417 940 1515 quod
958 1417 1177 1503 defmdetur,
1190 1416 1226 1490 id

120 1545 181 1616 est,
198 1531 396 1605 fraudetur
412 1545 557 1604 coctura
574 1545 611 1604 et
628 1530 820 1606 minuatur.
871 1532 1043 1608 Voealem
1070 1534 1226 1608 litteram
1243 1567 1288 1604 m

121 1647 134 1716 i
155 1671 221 1744 pro
239 1646 463 1720 consonanti
491 1645 670 1736 secedere,
686 1647 917 1721 manifestum
937 1661 993 1722 est
1016 1649 1054 1722 in
1080 1649 1136 1722 his
1164 1675 1228 1722 nu-

121 1762 294 1851 minibus,
323 1761 441 1849 Jane,
458 1759 596 1860 jecore,
625 1761 725 1850 Javi,
753 1764 965 1863 rjuoundo:
1017 1791 1083 1864 pru
1112 1763 1226 1838 vocali

123 1889 241 1950 sutem
260 1877 362 1950 valet
388 1876 549 1972 subjecta
571 1879 863 1966 consonantibus,
879 1895 916 1950 et
932 1879 1018 1952 facit
1033 1905 1131 1952 nane
1149 1879 1227 1950 bre-

122 2019 200 2066 vem
229 1991 412 2090 syllabam
440 2017 537 2064 nunc
563 1993 720 2090 longam,
744 2007 785 2066 ut
811 1994 912 2078 bibit,
934 1995 1044 2094 biga:
1071 2007 1106 2066 et
1125 1993 1227 2078 citat,

124 2109 235 2182 anis:
262 2107 357 2195 dies,
376 2106 475 2180 dicit.
526 2106 604 2180 Sibi
623 2121 742 2182 autem
761 2107 838 2208 ipsa
856 2109 1086 2208 subjungitur
1103 2109 1138 2181 in
1158 2107 1226 2198 his,

123 2238 164 2296 ut
179 2222 297 2323 *aija,
317 2221 457 2322 Traija,
474 2221 756 2322 Gaijas‚Aijae.
798 2223 1080 2296 taverniacum
1098 2249 1123 2296 n
1139 2224 1286 2306 seri-103

125 2337 253 2426 banda,
270 2339 450 2436 quatieris,
467 2337 619 2423 decima,
637 2339 779 2424 totiens,
795 2353 832 2412 et
853 2339 984 2412 similia
1010 2365 1074 2437 per
1098 2365 1226 2414 nume-

125 2479 227 2540 rum;
265 2453 521 2541 Athenienses,
554 2452 860 2541 Mediolanenses,
888 2453 1225 2554 Carthaginienses,

127 2579 162 2639 et
177 2568 336 2653 similia;
363 2581 424 2640 rat
440 2593 626 2667 aquatam,
638 2569 864 2656 hermonem,
881 2585 917 2642 et
940 2569 1071 2644 similia
1094 2569 1171 2642 sine
1187 2595 1224 2642 n.

128 2682 242 2757 Coma
274 2684 388 2758 ineisa
418 2711 490 2757 non
521 2686 685 2759 cesaries
711 2683 773 2758 sed
805 2685 962 2758 cesaries
988 2699 1044 2758 est
1073 2711 1094 2758 a
1124 2709 1226 2756 amna
1241 2717 1288 2764 104

128 2811 250 2872 ‘casa
303 2799 356 2872 Et
378 2799 416 2873 iu
438 2800 595 2896 eoquod
613 2813 668 2872 est
684 2825 810 2872 amans
828 2797 1048 2894 ‘adjicienda
1064 2811 1120 2872 est
1136 2797 1151 2870 i
1167 2797 1226 2870 lit-

127 2928 198 2989 tera
214 2916 253 2990 in
280 2915 445 3016 genitiva
464 2915 605 3013 plurali,
622 2915 650 2988 si
668 2914 813 3013 quando
836 2929 920 2988 sunt
944 2913 1145 3014 participia,
1163 2927 1225 2986 aut

127 3057 168 3104 ex
184 3031 387 3131 participiis
404 3032 576 3129 figurata:
601 3057 646 3104 ex
668 3031 876 3105 nominibus
894 3047 1014 3104 antem
1034 3055 1224 3130 nusquam,

127 3161 165 3220 ut
188 3156 291 3234 atas,
315 3161 353 3219 et
382 3145 523 3219 similia.
586 3147 895 3220 *Interamnium
921 3145 1150 3220 scribendum
1183 3159 1224 3220 at
1239 3190 1283 3240 ιο,

127 3261 369 3336 interlunium
379 3273 416 3332 et
433 3261 664 3334 trinoctium.-
691 3259 741 3334 ita
758 3261 1081 3348 internandiniam,
1095 3261 1221 3362 'quod

128 3405 256 3451 navem
274 3375 354 3449 dies
371 3374 517 3448 interae
533 3379 722 3452 continuos
747 3377 889 3460 habeat,
905 3401 977 3448 non
1002 3375 1099 3474 quad
1127 3403 1223 3450 nano

127 3493 181 3566 die
207 3493 266 3567 sit.
319 3491 408 3566 Non
433 3505 488 3566 est
504 3491 639 3584 cloaca,
656 3507 698 3566 ut
719 3491 865 3591 putatis,
882 3488 945 3563 sed
963 3489 1101 3580 claaca,
1118 3491 1220 3590 quasi

128 3610 315 3684 malaaca.
372 3607 551 3708 Cantagia
567 3607 662 3709 apud
680 3632 806 3681 omnes
831 3605 904 3678 fere
928 3621 1065 3682 veteres
1089 3607 1222 3706 scripta
1237 3637 1284 3688 10⁶

163 3853 187 3886 Β
201 3843 281 3921 quad
297 3861 375 3902 uuna
388 3843 488 3918 Caius]
505 3861 560 3920 qua
573 3861 649 3900 uuna
663 3839 751 3899 Gaius
766 3839 799 3896 P.
903 3849 920 3880 ¹²
933 3849 963 3896 et
976 3835 1083 3930 cneius
1097 3854 1147 3914 per
1160 3855 1175 3894 c
1188 3837 1219 3911 n]

128 3922 333 3982 etcaneiua
349 3921 383 3980 Ρ.
498 3921 586 3997 ⁰1n]
603 3923 681 4000 Erga
695 3921 727 3979 P.
868 3918 1035 3996 Pjucuuda]
1046 3917 1175 3992 jocundo
1190 3917 1219 3974 Ρ.

127 4001 460 4126 Μ
473 4001 568 4140 aa
584 3997 1008 4155 asuriz-tnnun
1099 3998 1219 4134 su

127 4085 278 4238 iiiiium]
293 4083 539 4222 iffinffiiiium
553 4163 587 4220 P.
667 4101 793 4239 ¹Jv¹quad]
808 4157 855 4236 qui
872 4157 907 4217 P.
1009 4123 1015 4135 ·
