3100 5142
158 453 239 502 car.
254 448 287 504 2.
593 431 657 503 De
669 434 832 529 pedibus.
1181 450 1253 510 ³05

207 614 503 713 Amphibrachys
520 640 565 686 ex
587 616 697 704 brevi,
717 617 837 714 longa,
860 631 896 690 et
922 618 1033 707 brevi,
1050 631 1286 720 temporums

157 743 339 828 quattuor,
365 741 405 801 ut
432 729 579 802 dicaris.
615 729 728 804 Hunc
761 730 818 803 alii
855 733 1014 818 mesiten,
1049 733 1108 808 alii
1136 733 1257 806 stalan

157 844 437 944 appellaverunt.

213 959 381 1034 Creticus
403 985 447 1032 ex
467 959 585 1055 longa,
608 959 720 1048 brevi,
736 973 773 1032 et
794 961 912 1058 longa,
929 975 1131 1060 temporum
1151 963 1257 1060 quin·
1272 992 1302 1027 ιο

157 1101 240 1172 que,
258 1089 299 1148 ut
315 1077 478 1158 sanitas,·
506 1091 543 1147 et
565 1073 663 1146 hunc
681 1075 739 1148 alii
758 1076 1046 1174 amphimacrum
1063 1079 1254 1176 appellant.

207 1189 445 1288 Tetrasyllabi
464 1187 574 1288 pedes
592 1213 743 1264 numero
761 1189 954 1264 sexdecim.
982 1190 1257 1267 Proseleusma-
1272 1221 1298 1256 ιι

157 1306 263 1390 tiras,
286 1306 349 1403 qai
374 1307 417 1378 fit
441 1329 486 1378 ex
517 1303 658 1376 duobus
684 1303 914 1403 pyrrhichiis,
938 1303 975 1378 id
1000 1317 1126 1378 estex
1151 1321 1257 1402 quat-

155 1435 239 1493 tuor
266 1421 432 1492 brevibus
457 1417 614 1517 syllabis,
637 1431 674 1491 et
699 1431 755 1492 est
776 1431 980 1517 temporum
1010 1431 1256 1516 quattuor,1ut

156 1533 323 1608 habilior.

207 1649 455 1746 Drspondeus,
472 1649 534 1745 qui
562 1652 604 1722 fit
627 1675 671 1722 ex
697 1647 838 1722 duobus
865 1648 1044 1748 spondeis,
1069 1647 1105 1722 id
1131 1661 1186 1724 est
1210 1677 1256 1724 ex
1271 1677 1301 1714 η

156 1777 326 1860 quattuor
360 1763 476 1862 longis
506 1765 665 1862 syllabis,
690 1778 895 1863 temporum
926 1777 1021 1852 octo,
1051 1777 1093 1838 ut
1120 1764 1255 1839 Mace-

156 1889 271 1952 nates.

204 1994 352 2068 Ionicus
376 1995 504 2078 minor,
521 1996 582 2092 qui
612 1997 653 2068 fit
677 2019 722 2068 ex
747 1995 957 2093 pyrrhichio
974 2009 1011 2069 et
1028 1995 1199 2094 spondeo,
1217 1995 1254 2068 id
1270 2024 1298 2070 13

156 2121 211 2180 est
236 2133 281 2182 ex
306 2107 445 2180 duabus
474 2109 642 2182 brevibus
669 2121 705 2182 et
726 2108 866 2182 duabus
895 2109 1024 2209 longis,
1048 2122 1252 2210 temporum

156 2247 230 2312 sex,
246 2236 288 2296 ut
306 2223 514 2298 Diomedes.

206 2337 352 2412 Ionicrrs
375 2337 504 2436 mcy'm,
521 2338 582 2434 qui
606 2339 649 2410 fit
671 2363 717 2410 ex
743 2339 902 2438 spondeo
918 2352 956 2412 et
979 2341 1198 2438 pyrrhichio,
1217 2340 1253 2413 id
1270 2368 1300 2414 ¹4

156 2465 223 2540 est,
240 2477 285 2524 ex
304 2449 443 2524 duabus
460 2452 578 2550 longis
597 2452 743 2550 syllabis
760 2466 797 2526 et
814 2452 954 2526 duabus
966 2454 1146 2539 brevibus,
1163 2467 1254 2527 tcm-

155 2593 286 2666 porum
305 2593 380 2656 sex,
398 2581 439 2642 at
454 2567 649 2642 Janonias.
1241 2571 1243 2574 ’

207 2681 457 2778 Anrisprsnn,
474 2681 534 2778 qui
563 2683 606 2752 fit
630 2706 675 2754 ex
696 2681 817 2754 iambo
835 2694 871 2754 et
896 2681 1064 2769 trochaeo,
1082 2679 1117 2753 id
1137 2695 1191 2754 est
1208 2707 1253 2754 ex
1270 2711 1300 2759 τε

155 2796 254 2868 brevi
272 2795 410 2870 duabus
436 2795 554 2895 longis
572 2807 609 2868 et
625 2795 737 2884 brevi,
760 2795 796 2868 id
816 2807 871 2868 est
887 2809 1093 2894 temporum
1121 2821 1195 2886 sex,
1213 2811 1254 2869 ut

159 2909 436 3009 clytemnestra.

208 3026 458 3116 Choriamhm,
476 3026 538 3124 qui
553 3028 595 3100 fit
608 3052 654 3100 ex
671 3023 829 3098 trochaeo
842 3023 915 3096 sive
929 3023 1053 3096 chorio
1065 3037 1102 3096 et
1119 3026 1253 3114 iambo,
1268 3037 1298 3090 1⁶

155 3143 192 3216 id
214 3158 331 3217 estex
355 3143 473 3240 longa,
490 3141 628 3215 duabus
656 3139 833 3227 brevibus,
849 3151 885 3212 et
911 3138 1030 3236 longa,
1048 3151 1252 3238 temporum

155 3283 229 3348 sex,
246 3271 288 3330 ut
304 3255 485 3331 nobilitas.

204 3371 433 3459 ‘Diiambaa
451 3370 513 3468 qui
532 3372 573 3442 fit
591 3369 790 3454 exduobus
808 3368 948 3453 iambis,
966 3367 1002 3440 id
1020 3379 1136 3440 estex
1155 3367 1297 3446 brevia

154 3500 192 3560 ct
217 3489 336 3586 longa,
361 3499 399 3560 et
425 3487 511 3559 item
540 3485 638 3559 brevi
666 3497 702 3558 et
730 3485 837 3583 longa
864 3483 1022 3583 syllabis,
1048 3497 1251 3584 temporum

155 3629 230 3689 sex,
248 3617 288 3674 ut
299 3603 567 3702 propinquitas.

204 3717 447 3805 Ditrachans,
464 3717 526 3814 qui
544 3729 582 3789 et
599 3715 789 3803 dichorius,
807 3713 869 3813 qui
888 3715 930 3786 fit
947 3739 993 3786 ex
1015 3713 1157 3788 duobus
1183 3728 1254 3788 tro-
1269 3737 1298 3786 rs

154 3833 275 3920 chaeis,
293 3832 366 3906 sive
383 3831 527 3919 choriis,
545 3832 649 3906 idest
666 3856 711 3905 ex
728 3831 848 3930 longa,
866 3829 976 3918 brevi,
989 3829 1125 3902 etitem
1144 3830 1254 3926 longa

154 3959 191 4021 ct
207 3947 317 4032 brevi,
335 3959 541 4046 temporum
561 3973 635 4038 sex,
653 3959 694 4020 ut
712 3947 895 4021 dimicare.

202 4063 391 4160 Epitritns
413 4065 564 4160 primns,
586 4063 648 4161 qui
676 4064 718 4134 fit
740 4087 784 4135 ex
812 4061 934 4134 iambo
958 4071 995 4131 et
1020 4055 1193 4158 spondeo,
1215 4054 1252 4128 id
1268 4091 1296 4142 ¹⁹

152 4191 271 4253 estex
296 4179 393 4252 brevi
417 4190 453 4251 et
476 4179 590 4253 tribus
617 4177 734 4276 longis
761 4175 919 4274 syllabis,
938 4187 1142 4271 temporum
1171 4195 1252 4271 sep-

151 4307 240 4380 tem,
257 4307 299 4368 ut
314 4295 495 4369 venenati.

202 4409 394 4511 Epitritus
409 4410 600 4500 secandas,
616 4407 678 4507 qui
705 4407 748 4479 fit
770 4429 816 4477 ex
841 4402 998 4476 trochaeo
1018 4415 1055 4476 et
1081 4401 1252 4502 spondeo,
1265 4435 1297 4472 ιο

563 4565 752 4624 cDisiambus
766 4559 846 4622 Med.

682 4667 742 4715 nr
