<?xml version="1.0" encoding="UTF-8"?>
<!DOCTYPE html PUBLIC "-//W3C//DTD XHTML 1.0 Transitional//EN"
    "http://www.w3.org/TR/xhtml1/DTD/xhtml1-transitional.dtd">
<html xmlns="http://www.w3.org/1999/xhtml" xml:lang="en" lang="en">
 <head>
  <title>
</title>
<meta http-equiv="Content-Type" content="text/html;charset=utf-8" />
  <meta name='ocr-system' content='tesseract 3.04.00' />
  <meta name='ocr-capabilities' content='ocr_page ocr_carea ocr_par ocr_line ocrx_word'/>
</head>
<body>
  <div class='ocr_page' id='page_1' title='image "./scriptoreslatin00gaisgoog_0411.png"; bbox 0 0 3082 5140; ppageno 0'>
   <div class='ocr_carea' id='block_1_1' title="bbox 172 325 1288 418">
    <p class='ocr_par' dir='ltr' id='par_1_1' title="bbox 172 325 1288 418">
     <span class='ocr_line' id='line_1_1' title="bbox 172 325 1288 418; baseline 0.003 -21"><span class='ocrx_word' id='word_1_1' title='bbox 172 349 268 400; x_wconf 74' lang='lat' dir='ltr'>cnr.</span> <span class='ocrx_word' id='word_1_2' title='bbox 283 343 318 402; x_wconf 80' lang='lat'>2.</span> <span class='ocrx_word' id='word_1_3' title='bbox 533 326 600 399; x_wconf 88' lang='lat' dir='ltr'>De</span> <span class='ocrx_word' id='word_1_4' title='bbox 616 325 758 401; x_wconf 58' lang='lat' dir='ltr'>Matris</span> <span class='ocrx_word' id='word_1_5' title='bbox 778 328 990 401; x_wconf 66' lang='lat' dir='ltr'>manum.</span> <span class='ocrx_word' id='word_1_6' title='bbox 1216 341 1288 418; x_wconf 82' lang='grc'>393</span> 
     </span>
    </p>
   </div>
   <div class='ocr_carea' id='block_1_2' title="bbox 172 509 1331 4078">
    <p class='ocr_par' dir='ltr' id='par_1_2' title="bbox 172 509 1331 4078">
     <span class='ocr_line' id='line_1_2' title="bbox 172 509 1290 612; baseline 0.004 -30"><span class='ocrx_word' id='word_1_7' title='bbox 172 509 290 610; x_wconf 88' lang='lat' dir='ltr'>“ipsi</span> <span class='ocrx_word' id='word_1_8' title='bbox 319 523 510 585; x_wconf 88' lang='lat' dir='ltr'>occurrent</span> <span class='ocrx_word' id='word_1_9' title='bbox 537 511 702 601; x_wconf 85' lang='lat' dir='ltr'>orationi,</span> <span class='ocrx_word' id='word_1_10' title='bbox 730 513 797 612; x_wconf 88' lang='lat' dir='ltr'>ipsi</span> <span class='ocrx_word' id='word_1_11' title='bbox 827 513 975 610; x_wconf 88' lang='lat' dir='ltr'>inquam</span> <span class='ocrx_word' id='word_1_12' title='bbox 1005 537 1043 584; x_wconf 91' lang='lat' dir='ltr'>se</span> <span class='ocrx_word' id='word_1_13' title='bbox 1069 509 1230 600; x_wconf 77' lang='lat' dir='ltr'>oderent,</span> <span class='ocrx_word' id='word_1_14' title='bbox 1252 527 1290 586; x_wconf 88' lang='lat' dir='ltr'>et</span> 
     </span>
     <span class='ocr_line' id='line_1_3' title="bbox 172 625 1288 727; baseline 0 -26"><span class='ocrx_word' id='word_1_15' title='bbox 172 639 203 670; x_wconf 78' lang='lat'>‘⁶</span> <span class='ocrx_word' id='word_1_16' title='bbox 223 626 494 727; x_wconf 89' lang='lat' dir='ltr'>respondebunt</span> <span class='ocrx_word' id='word_1_17' title='bbox 511 652 583 700; x_wconf 91' lang='lat' dir='ltr'>uon</span> <span class='ocrx_word' id='word_1_18' title='bbox 601 627 730 701; x_wconf 88' lang='lat' dir='ltr'>vocati.</span> <span class='ocrx_word' id='word_1_19' title='bbox 782 625 1018 700; x_wconf 79' lang='lat' dir='ltr'>Consuetudo</span> <span class='ocrx_word' id='word_1_20' title='bbox 1035 625 1146 700; x_wconf 90' lang='lat' dir='ltr'>modo</span> <span class='ocrx_word' id='word_1_21' title='bbox 1163 626 1225 699; x_wconf 91' lang='lat' dir='ltr'>illa</span> <span class='ocrx_word' id='word_1_22' title='bbox 1241 627 1288 701; x_wconf 85' lang='lat' dir='ltr'>sit</span> 
     </span>
     <span class='ocr_line' id='line_1_4' title="bbox 173 739 1287 840; baseline 0.001 -24"><span class='ocrx_word' id='word_1_23' title='bbox 173 741 402 816; x_wconf 79' lang='lat' dir='ltr'>“scribendi</span> <span class='ocrx_word' id='word_1_24' title='bbox 428 756 536 840; x_wconf 87' lang='lat' dir='ltr'>atque</span> <span class='ocrx_word' id='word_1_25' title='bbox 562 739 704 816; x_wconf 89' lang='lat' dir='ltr'>dicendi</span> <span class='ocrx_word' id='word_1_26' title='bbox 732 757 773 817; x_wconf 91' lang='lat' dir='ltr'>ut</span> <span class='ocrx_word' id='word_1_27' title='bbox 799 743 986 818; x_wconf 84' lang='lat' dir='ltr'>sententiae</span> <span class='ocrx_word' id='word_1_28' title='bbox 1012 742 1130 816; x_wconf 89' lang='lat' dir='ltr'>verbis</span> <span class='ocrx_word' id='word_1_29' title='bbox 1157 742 1287 816; x_wconf 87' lang='lat' dir='ltr'>finian-</span> 
     </span>
     <span class='ocr_line' id='line_1_5' title="bbox 177 858 1287 957; baseline 0.002 -27"><span class='ocrx_word' id='word_1_30' title='bbox 177 866 203 903; x_wconf 87' lang='lat'><strong>“</strong></span> <span class='ocrx_word' id='word_1_31' title='bbox 222 871 292 946; x_wconf 91' lang='lat' dir='ltr'>tur,</span> <span class='ocrx_word' id='word_1_32' title='bbox 309 884 508 957; x_wconf 89' lang='lat' dir='ltr'>eorumque</span> <span class='ocrx_word' id='word_1_33' title='bbox 525 859 714 932; x_wconf 88' lang='lat' dir='ltr'>verborum</span> <span class='ocrx_word' id='word_1_34' title='bbox 736 859 880 955; x_wconf 91' lang='lat' dir='ltr'>junctio</span> <span class='ocrx_word' id='word_1_35' title='bbox 897 871 1065 932; x_wconf 88' lang='lat' dir='ltr'>nascatur</span> <span class='ocrx_word' id='word_1_36' title='bbox 1081 885 1102 930; x_wconf 89' lang='lat' dir='ltr'>a</span> <span class='ocrx_word' id='word_1_37' title='bbox 1118 858 1287 957; x_wconf 83' lang='lat' dir='ltr'>proceris,</span> 
     </span>
     <span class='ocr_line' id='line_1_6' title="bbox 178 965 1287 1076; baseline 0.002 -30"><span class='ocrx_word' id='word_1_38' title='bbox 178 982 205 1017; x_wconf 90' lang='lat'>“</span> <span class='ocrx_word' id='word_1_39' title='bbox 225 965 267 1048; x_wconf 84' lang='lat' dir='ltr'>ac</span> <span class='ocrx_word' id='word_1_40' title='bbox 294 973 428 1064; x_wconf 89' lang='lat' dir='ltr'>liberis,</span> <span class='ocrx_word' id='word_1_41' title='bbox 457 974 618 1048; x_wconf 86' lang='lat' dir='ltr'>maxime</span> <span class='ocrx_word' id='word_1_42' title='bbox 653 975 774 1061; x_wconf 89' lang='lat' dir='ltr'>heroo,</span> <span class='ocrx_word' id='word_1_43' title='bbox 802 989 864 1049; x_wconf 91' lang='lat' dir='ltr'>aut</span> <span class='ocrx_word' id='word_1_44' title='bbox 895 1001 1023 1076; x_wconf 87' lang='lat' dir='ltr'>paeane</span> <span class='ocrx_word' id='word_1_45' title='bbox 1052 972 1180 1072; x_wconf 90' lang='lat' dir='ltr'>priore,</span> <span class='ocrx_word' id='word_1_46' title='bbox 1210 971 1287 1048; x_wconf 84' lang='lat' dir='ltr'>iaut</span> 
     </span>
     <span class='ocr_line' id='line_1_7' title="bbox 178 1089 1285 1188; baseline 0.001 -26"><span class='ocrx_word' id='word_1_47' title='bbox 178 1101 206 1132; x_wconf 79' lang='lat'>‘⁶</span> <span class='ocrx_word' id='word_1_48' title='bbox 224 1089 367 1176; x_wconf 90' lang='lat' dir='ltr'>cretico,</span> <span class='ocrx_word' id='word_1_49' title='bbox 379 1089 440 1162; x_wconf 85' lang='lat' dir='ltr'>sod</span> <span class='ocrx_word' id='word_1_50' title='bbox 455 1090 552 1164; x_wconf 92' lang='lat' dir='ltr'>varie</span> <span class='ocrx_word' id='word_1_51' title='bbox 564 1090 805 1188; x_wconf 77' lang='lat' dir='ltr'><strong>distincteque</strong></span> <span class='ocrx_word' id='word_1_52' title='bbox 820 1089 1002 1163; x_wconf 81' lang='lat' dir='ltr'>considat:</span> <span class='ocrx_word' id='word_1_53' title='bbox 1029 1102 1175 1162; x_wconf 89' lang='lat' dir='ltr'>notatur</span> <span class='ocrx_word' id='word_1_54' title='bbox 1187 1089 1285 1164; x_wconf 90' lang='lat' dir='ltr'>enim</span> 
     </span>
     <span class='ocr_line' id='line_1_8' title="bbox 180 1205 1286 1306; baseline 0.002 -28"><span class='ocrx_word' id='word_1_55' title='bbox 180 1215 207 1250; x_wconf 88' lang='lat'>“</span> <span class='ocrx_word' id='word_1_56' title='bbox 227 1206 385 1280; x_wconf 85' lang='lat' dir='ltr'>maxime</span> <span class='ocrx_word' id='word_1_57' title='bbox 402 1207 602 1281; x_wconf 85' lang='lat' dir='ltr'>similitudo</span> <span class='ocrx_word' id='word_1_58' title='bbox 619 1207 655 1280; x_wconf 94' lang='lat' dir='ltr'>in</span> <span class='ocrx_word' id='word_1_59' title='bbox 674 1205 973 1306; x_wconf 82' lang='lat' dir='ltr'>conquiescendo.</span> <span class='ocrx_word' id='word_1_60' title='bbox 1004 1205 1100 1279; x_wconf 87' lang='lat' dir='ltr'>Etsi</span> <span class='ocrx_word' id='word_1_61' title='bbox 1118 1206 1225 1306; x_wconf 89' lang='lat' dir='ltr'>primi</span> <span class='ocrx_word' id='word_1_62' title='bbox 1243 1233 1286 1280; x_wconf 93' lang='lat' dir='ltr'>ac</span> 
     </span>
     <span class='ocr_line' id='line_1_9' title="bbox 181 1321 1286 1423; baseline -0.003 -26"><span class='ocrx_word' id='word_1_63' title='bbox 181 1322 396 1421; x_wconf 86' lang='lat' dir='ltr'>“postremi</span> <span class='ocrx_word' id='word_1_64' title='bbox 423 1323 532 1423; x_wconf 83' lang='lat' dir='ltr'>pedes</span> <span class='ocrx_word' id='word_1_65' title='bbox 560 1337 644 1397; x_wconf 89' lang='lat' dir='ltr'>sunt</span> <span class='ocrx_word' id='word_1_66' title='bbox 664 1326 731 1395; x_wconf 90' lang='lat' dir='ltr'>bac</span> <span class='ocrx_word' id='word_1_67' title='bbox 749 1323 887 1395; x_wconf 89' lang='lat' dir='ltr'>ratione</span> <span class='ocrx_word' id='word_1_68' title='bbox 907 1321 1048 1411; x_wconf 86' lang='lat' dir='ltr'>servati,</span> <span class='ocrx_word' id='word_1_69' title='bbox 1067 1321 1175 1394; x_wconf 89' lang='lat' dir='ltr'>medii</span> <span class='ocrx_word' id='word_1_70' title='bbox 1202 1349 1286 1422; x_wconf 90' lang='lat' dir='ltr'>pos·</span> 
     </span>
     <span class='ocr_line' id='line_1_10' title="bbox 179 1437 1286 1540; baseline 0.002 -30"><span class='ocrx_word' id='word_1_71' title='bbox 179 1443 206 1481; x_wconf 76' lang='lat'>‘⁶</span> <span class='ocrx_word' id='word_1_72' title='bbox 223 1451 308 1511; x_wconf 88' lang='lat' dir='ltr'>sunt</span> <span class='ocrx_word' id='word_1_73' title='bbox 323 1439 446 1528; x_wconf 89' lang='lat' dir='ltr'>latere,</span> <span class='ocrx_word' id='word_1_74' title='bbox 463 1441 575 1514; x_wconf 90' lang='lat' dir='ltr'>modo</span> <span class='ocrx_word' id='word_1_75' title='bbox 592 1467 638 1514; x_wconf 92' lang='lat' dir='ltr'>ne</span> <span class='ocrx_word' id='word_1_76' title='bbox 656 1439 826 1514; x_wconf 86' lang='lat' dir='ltr'>circuitus</span> <span class='ocrx_word' id='word_1_77' title='bbox 853 1439 929 1540; x_wconf 89' lang='lat' dir='ltr'>ipse</span> <span class='ocrx_word' id='word_1_78' title='bbox 946 1440 1135 1512; x_wconf 90' lang='lat' dir='ltr'>verborum</span> <span class='ocrx_word' id='word_1_79' title='bbox 1160 1437 1207 1512; x_wconf 90' lang='lat' dir='ltr'>sit</span> <span class='ocrx_word' id='word_1_80' title='bbox 1223 1453 1286 1512; x_wconf 90' lang='lat' dir='ltr'>aut</span> 
     </span>
     <span class='ocr_line' id='line_1_11' title="bbox 180 1552 1286 1656; baseline 0.001 -31"><span class='ocrx_word' id='word_1_81' title='bbox 180 1561 210 1596; x_wconf 88' lang='lat'><strong><em>“</em></strong></span> <span class='ocrx_word' id='word_1_82' title='bbox 227 1555 366 1630; x_wconf 87' lang='lat' dir='ltr'>brevior</span> <span class='ocrx_word' id='word_1_83' title='bbox 381 1582 490 1654; x_wconf 91' lang='lat' dir='ltr'>quarn</span> <span class='ocrx_word' id='word_1_84' title='bbox 510 1555 634 1630; x_wconf 76' lang='lat' dir='ltr'>kaures</span> <span class='ocrx_word' id='word_1_85' title='bbox 652 1566 858 1656; x_wconf 85' lang='lat' dir='ltr'>expectant,</span> <span class='ocrx_word' id='word_1_86' title='bbox 871 1566 934 1628; x_wconf 88' lang='lat' dir='ltr'>aut</span> <span class='ocrx_word' id='word_1_87' title='bbox 951 1552 1093 1653; x_wconf 87' lang='lat' dir='ltr'>longior</span> <span class='ocrx_word' id='word_1_88' title='bbox 1104 1579 1213 1651; x_wconf 90' lang='lat' dir='ltr'>quam</span> <span class='ocrx_word' id='word_1_89' title='bbox 1232 1553 1286 1628; x_wconf 92' lang='lat' dir='ltr'>vi-</span> 
     </span>
     <span class='ocr_line' id='line_1_12' title="bbox 181 1667 1331 1771; baseline -0.005 -29"><span class='ocrx_word' id='word_1_90' title='bbox 181 1680 206 1712; x_wconf 89' lang='lat'><strong>“</strong></span> <span class='ocrx_word' id='word_1_91' title='bbox 223 1682 403 1769; x_wconf 74' lang='lat' dir='ltr'>rerutque</span> <span class='ocrx_word' id='word_1_92' title='bbox 426 1671 547 1744; x_wconf 87' lang='lat' dir='ltr'>anima</span> <span class='ocrx_word' id='word_1_93' title='bbox 564 1670 731 1771; x_wconf 92' lang='lat' dir='ltr'>patiatur.</span> <span class='ocrx_word' id='word_1_94' title='bbox 783 1669 973 1743; x_wconf 79' lang='lat' dir='ltr'>Clausulas</span> <span class='ocrx_word' id='word_1_95' title='bbox 992 1681 1112 1742; x_wconf 88' lang='lat' dir='ltr'>autem</span> <span class='ocrx_word' id='word_1_96' title='bbox 1132 1667 1331 1768; x_wconf 80' lang='lat' dir='ltr'>diligen-16</span> 
     </span>
     <span class='ocr_line' id='line_1_13' title="bbox 180 1785 1284 1885; baseline 0.001 -27"><span class='ocrx_word' id='word_1_97' title='bbox 180 1794 207 1828; x_wconf 91' lang='lat'><strong>“</strong></span> <span class='ocrx_word' id='word_1_98' title='bbox 223 1786 296 1859; x_wconf 86' lang='lat' dir='ltr'>tius</span> <span class='ocrx_word' id='word_1_99' title='bbox 321 1787 429 1861; x_wconf 90' lang='lat' dir='ltr'>etiam</span> <span class='ocrx_word' id='word_1_100' title='bbox 461 1786 652 1860; x_wconf 84' lang='lat' dir='ltr'>servandas</span> <span class='ocrx_word' id='word_1_101' title='bbox 676 1812 752 1858; x_wconf 84' lang='lat' dir='ltr'>esse</span> <span class='ocrx_word' id='word_1_102' title='bbox 779 1785 930 1858; x_wconf 82' lang='lat' dir='ltr'>arbitror</span> <span class='ocrx_word' id='word_1_103' title='bbox 954 1811 1064 1883; x_wconf 91' lang='lat' dir='ltr'>quam</span> <span class='ocrx_word' id='word_1_104' title='bbox 1092 1785 1284 1885; x_wconf 84' lang='lat' dir='ltr'>superiora,</span> 
     </span>
     <span class='ocr_line' id='line_1_14' title="bbox 179 1899 1285 2000; baseline 0 -26"><span class='ocrx_word' id='word_1_105' title='bbox 179 1907 206 1942; x_wconf 79' lang='lat'>‘⁴</span> <span class='ocrx_word' id='word_1_106' title='bbox 222 1899 320 1998; x_wconf 90' lang='lat' dir='ltr'>quod</span> <span class='ocrx_word' id='word_1_107' title='bbox 345 1900 456 1974; x_wconf 86' lang='lat' dir='ltr'>iubis</span> <span class='ocrx_word' id='word_1_108' title='bbox 475 1900 635 1974; x_wconf 85' lang='lat' dir='ltr'>maxime</span> <span class='ocrx_word' id='word_1_109' title='bbox 660 1900 833 2000; x_wconf 85' lang='lat' dir='ltr'>perfectio</span> <span class='ocrx_word' id='word_1_110' title='bbox 851 1915 959 1999; x_wconf 89' lang='lat' dir='ltr'>atque</span> <span class='ocrx_word' id='word_1_111' title='bbox 982 1901 1160 1974; x_wconf 87' lang='lat' dir='ltr'>absolutio</span> <span class='ocrx_word' id='word_1_112' title='bbox 1178 1899 1285 1974; x_wconf 91' lang='lat' dir='ltr'>¹indi-</span> 
     </span>
     <span class='ocr_line' id='line_1_15' title="bbox 181 2015 1285 2116; baseline 0.002 -28"><span class='ocrx_word' id='word_1_113' title='bbox 181 2023 208 2058; x_wconf 89' lang='lat'>“</span> <span class='ocrx_word' id='word_1_114' title='bbox 224 2029 336 2089; x_wconf 87' lang='lat' dir='ltr'>catur.</span> <span class='ocrx_word' id='word_1_115' title='bbox 365 2015 466 2089; x_wconf 88' lang='lat' dir='ltr'>Nam</span> <span class='ocrx_word' id='word_1_116' title='bbox 483 2042 606 2090; x_wconf 87' lang='lat' dir='ltr'>versus</span> <span class='ocrx_word' id='word_1_117' title='bbox 623 2043 728 2115; x_wconf 74' lang='lat' dir='ltr'>aeque</span> <span class='ocrx_word' id='word_1_118' title='bbox 745 2017 862 2116; x_wconf 89' lang='lat' dir='ltr'>prima</span> <span class='ocrx_word' id='word_1_119' title='bbox 879 2030 916 2090; x_wconf 92' lang='lat' dir='ltr'>et</span> <span class='ocrx_word' id='word_1_120' title='bbox 933 2017 1051 2090; x_wconf 88' lang='lat' dir='ltr'>media</span> <span class='ocrx_word' id='word_1_121' title='bbox 1068 2029 1104 2090; x_wconf 92' lang='lat' dir='ltr'>et</span> <span class='ocrx_word' id='word_1_122' title='bbox 1122 2029 1285 2090; x_wconf 83' lang='lat' dir='ltr'>extrema</span> 
     </span>
     <span class='ocr_line' id='line_1_16' title="bbox 180 2131 1284 2231; baseline 0.001 -28"><span class='ocrx_word' id='word_1_123' title='bbox 180 2138 302 2230; x_wconf 86' lang='lat' dir='ltr'>“pars</span> <span class='ocrx_word' id='word_1_124' title='bbox 327 2131 536 2222; x_wconf 91' lang='lat' dir='ltr'>attenditur,</span> <span class='ocrx_word' id='word_1_125' title='bbox 555 2132 617 2231; x_wconf 94' lang='lat' dir='ltr'>qui</span> <span class='ocrx_word' id='word_1_126' title='bbox 643 2131 851 2206; x_wconf 87' lang='lat' dir='ltr'>debilitatur</span> <span class='ocrx_word' id='word_1_127' title='bbox 876 2132 912 2206; x_wconf 92' lang='lat' dir='ltr'>in</span> <span class='ocrx_word' id='word_1_128' title='bbox 939 2158 1156 2230; x_wconf 90' lang='lat' dir='ltr'>quacunque</span> <span class='ocrx_word' id='word_1_129' title='bbox 1182 2145 1284 2231; x_wconf 92' lang='lat' dir='ltr'>parte</span> 
     </span>
     <span class='ocr_line' id='line_1_17' title="bbox 180 2245 1284 2347; baseline 0 -29"><span class='ocrx_word' id='word_1_130' title='bbox 180 2254 206 2288; x_wconf 89' lang='lat'>“</span> <span class='ocrx_word' id='word_1_131' title='bbox 223 2245 421 2320; x_wconf 88' lang='lat' dir='ltr'>titubatum</span> <span class='ocrx_word' id='word_1_132' title='bbox 439 2263 505 2322; x_wconf 89' lang='lat' dir='ltr'>est.</span> <span class='ocrx_word' id='word_1_133' title='bbox 556 2249 600 2322; x_wconf 91' lang='lat' dir='ltr'>In</span> <span class='ocrx_word' id='word_1_134' title='bbox 620 2249 781 2322; x_wconf 92' lang='lat' dir='ltr'>oratione</span> <span class='ocrx_word' id='word_1_135' title='bbox 807 2263 927 2322; x_wconf 89' lang='lat' dir='ltr'>autem</span> <span class='ocrx_word' id='word_1_136' title='bbox 947 2247 1051 2347; x_wconf 89' lang='lat' dir='ltr'>pauci</span> <span class='ocrx_word' id='word_1_137' title='bbox 1076 2247 1193 2346; x_wconf 88' lang='lat' dir='ltr'>prima</span> <span class='ocrx_word' id='word_1_138' title='bbox 1210 2273 1284 2319; x_wconf 88' lang='lat' dir='ltr'>cer-</span> 
     </span>
     <span class='ocr_line' id='line_1_18' title="bbox 181 2361 1285 2464; baseline -0.001 -29"><span class='ocrx_word' id='word_1_139' title='bbox 181 2369 205 2404; x_wconf 92' lang='lat'>“</span> <span class='ocrx_word' id='word_1_140' title='bbox 222 2375 324 2448; x_wconf 93' lang='lat' dir='ltr'>nunt,</span> <span class='ocrx_word' id='word_1_141' title='bbox 349 2375 530 2463; x_wconf 90' lang='lat' dir='ltr'>postrema</span> <span class='ocrx_word' id='word_1_142' title='bbox 552 2363 725 2463; x_wconf 84' lang='lat' dir='ltr'>plerique,</span> <span class='ocrx_word' id='word_1_143' title='bbox 743 2365 914 2460; x_wconf 89' lang='lat' dir='ltr'>quoniam</span> <span class='ocrx_word' id='word_1_144' title='bbox 932 2377 1106 2464; x_wconf 85' lang='lat' dir='ltr'>apparent</span> <span class='ocrx_word' id='word_1_145' title='bbox 1122 2375 1158 2434; x_wconf 90' lang='lat' dir='ltr'>et</span> <span class='ocrx_word' id='word_1_146' title='bbox 1180 2361 1285 2434; x_wconf 91' lang='lat' dir='ltr'>intel-</span> 
     </span>
     <span class='ocr_line' id='line_1_19' title="bbox 181 2475 1284 2576; baseline 0 -27"><span class='ocrx_word' id='word_1_147' title='bbox 181 2485 205 2520; x_wconf 91' lang='lat'>“</span> <span class='ocrx_word' id='word_1_148' title='bbox 222 2477 392 2576; x_wconf 83' lang='lat' dir='ltr'>ligantur.</span> <span class='ocrx_word' id='word_1_149' title='bbox 443 2477 623 2552; x_wconf 86' lang='lat' dir='ltr'>Varianda</span> <span class='ocrx_word' id='word_1_150' title='bbox 640 2493 736 2568; x_wconf 88' lang='lat' dir='ltr'>sunt,</span> <span class='ocrx_word' id='word_1_151' title='bbox 753 2505 799 2550; x_wconf 92' lang='lat' dir='ltr'>ne</span> <span class='ocrx_word' id='word_1_152' title='bbox 824 2491 887 2550; x_wconf 89' lang='lat' dir='ltr'>aut</span> <span class='ocrx_word' id='word_1_153' title='bbox 913 2478 1116 2551; x_wconf 89' lang='lat' dir='ltr'>animorum</span> <span class='ocrx_word' id='word_1_154' title='bbox 1137 2475 1284 2572; x_wconf 87' lang='lat' dir='ltr'>judiciis</span> 
     </span>
     <span class='ocr_line' id='line_1_20' title="bbox 182 2592 1284 2692; baseline 0.001 -28"><span class='ocrx_word' id='word_1_155' title='bbox 182 2602 205 2636; x_wconf 90' lang='lat'><strong>“</strong></span> <span class='ocrx_word' id='word_1_156' title='bbox 223 2592 455 2692; x_wconf 85' lang='lat' dir='ltr'>repudientur</span> <span class='ocrx_word' id='word_1_157' title='bbox 472 2605 535 2666; x_wconf 86' lang='lat' dir='ltr'>aut</span> <span class='ocrx_word' id='word_1_158' title='bbox 551 2594 691 2667; x_wconf 88' lang='lat' dir='ltr'>aurium</span> <span class='ocrx_word' id='word_1_159' title='bbox 711 2593 886 2667; x_wconf 82' lang='lat' dir='ltr'>satietate.</span> <span class='ocrx_word' id='word_1_160' title='bbox 911 2593 999 2668; x_wconf 93' lang='lat' dir='ltr'>Duo</span> <span class='ocrx_word' id='word_1_161' title='bbox 1016 2593 1113 2667; x_wconf 89' lang='lat' dir='ltr'>enim</span> <span class='ocrx_word' id='word_1_162' title='bbox 1133 2607 1196 2666; x_wconf 89' lang='lat' dir='ltr'>aut</span> <span class='ocrx_word' id='word_1_163' title='bbox 1213 2605 1284 2666; x_wconf 88' lang='lat' dir='ltr'>tres</span> 
     </span>
     <span class='ocr_line' id='line_1_21' title="bbox 182 2707 1285 2809; baseline -0.002 -27"><span class='ocrx_word' id='word_1_164' title='bbox 182 2721 205 2753; x_wconf 90' lang='grc'><strong>“</strong></span> <span class='ocrx_word' id='word_1_165' title='bbox 223 2707 296 2782; x_wconf 88' lang='lat' dir='ltr'>fere</span> <span class='ocrx_word' id='word_1_166' title='bbox 313 2723 399 2783; x_wconf 85' lang='lat' dir='ltr'>sunt</span> <span class='ocrx_word' id='word_1_167' title='bbox 414 2709 567 2782; x_wconf 84' lang='lat' dir='ltr'>extremi</span> <span class='ocrx_word' id='word_1_168' title='bbox 586 2708 750 2784; x_wconf 87' lang='lat' dir='ltr'>servandi</span> <span class='ocrx_word' id='word_1_169' title='bbox 769 2724 805 2781; x_wconf 89' lang='lat' dir='ltr'>et</span> <span class='ocrx_word' id='word_1_170' title='bbox 823 2709 969 2782; x_wconf 89' lang='lat' dir='ltr'>notandi</span> <span class='ocrx_word' id='word_1_171' title='bbox 990 2707 1110 2809; x_wconf 86' lang='lat' dir='ltr'>pedes,</span> <span class='ocrx_word' id='word_1_172' title='bbox 1127 2708 1155 2780; x_wconf 90' lang='lat' dir='ltr'>si</span> <span class='ocrx_word' id='word_1_173' title='bbox 1176 2707 1285 2780; x_wconf 91' lang='lat' dir='ltr'>modo</span> 
     </span>
     <span class='ocr_line' id='line_1_22' title="bbox 182 2825 1286 2924; baseline -0.002 -26"><span class='ocrx_word' id='word_1_174' title='bbox 182 2833 205 2868; x_wconf 90' lang='lat'><strong><em>“</em></strong></span> <span class='ocrx_word' id='word_1_175' title='bbox 223 2851 297 2898; x_wconf 90' lang='lat' dir='ltr'>non</span> <span class='ocrx_word' id='word_1_176' title='bbox 323 2825 483 2898; x_wconf 88' lang='lat' dir='ltr'>breviora</span> <span class='ocrx_word' id='word_1_177' title='bbox 508 2838 546 2898; x_wconf 91' lang='lat' dir='ltr'>et</span> <span class='ocrx_word' id='word_1_178' title='bbox 571 2825 753 2924; x_wconf 80' lang='lat' dir='ltr'>mpraecisa</span> <span class='ocrx_word' id='word_1_179' title='bbox 767 2837 873 2896; x_wconf 88' lang='lat' dir='ltr'>erunt</span> <span class='ocrx_word' id='word_1_180' title='bbox 895 2825 1089 2924; x_wconf 88' lang='lat' dir='ltr'>superiora,</span> <span class='ocrx_word' id='word_1_181' title='bbox 1106 2851 1197 2922; x_wconf 87' lang='lat' dir='ltr'>quos</span> <span class='ocrx_word' id='word_1_182' title='bbox 1223 2837 1286 2897; x_wconf 89' lang='lat' dir='ltr'>aut</span> 
     </span>
     <span class='ocr_line' id='line_1_23' title="bbox 182 2939 1287 3039; baseline -0.002 -25"><span class='ocrx_word' id='word_1_183' title='bbox 182 2953 206 2985; x_wconf 88' lang='lat'><strong>“</strong></span> <span class='ocrx_word' id='word_1_184' title='bbox 223 2940 383 3030; x_wconf 86' lang='lat' dir='ltr'>choreus,</span> <span class='ocrx_word' id='word_1_185' title='bbox 401 2955 461 3016; x_wconf 90' lang='lat' dir='ltr'>aut</span> <span class='ocrx_word' id='word_1_186' title='bbox 484 2943 624 3030; x_wconf 86' lang='lat' dir='ltr'>heroos,</span> <span class='ocrx_word' id='word_1_187' title='bbox 641 2954 704 3014; x_wconf 89' lang='lat' dir='ltr'>aut</span> <span class='ocrx_word' id='word_1_188' title='bbox 730 2941 884 3014; x_wconf 86' lang='lat' dir='ltr'>alternos</span> <span class='ocrx_word' id='word_1_189' title='bbox 911 2967 988 3014; x_wconf 88' lang='lat' dir='ltr'>esse</span> <span class='ocrx_word' id='word_1_190' title='bbox 1014 2939 1205 3039; x_wconf 91' lang='lat' dir='ltr'>oportebit,</span> <span class='ocrx_word' id='word_1_191' title='bbox 1223 2953 1287 3012; x_wconf 89' lang='lat' dir='ltr'>aut</span> 
     </span>
     <span class='ocr_line' id='line_1_24' title="bbox 183 3055 1285 3156; baseline -0.004 -26"><span class='ocrx_word' id='word_1_192' title='bbox 183 3068 206 3100; x_wconf 90' lang='lat'><strong>“</strong></span> <span class='ocrx_word' id='word_1_193' title='bbox 224 3057 259 3130; x_wconf 89' lang='lat' dir='ltr'>iu</span> <span class='ocrx_word' id='word_1_194' title='bbox 286 3083 410 3156; x_wconf 82' lang='lat' dir='ltr'>poeane</span> <span class='ocrx_word' id='word_1_195' title='bbox 436 3058 498 3130; x_wconf 92' lang='lat' dir='ltr'>illo</span> <span class='ocrx_word' id='word_1_196' title='bbox 524 3057 755 3155; x_wconf 61' lang='lat' dir='ltr'>”posteriore</span> <span class='ocrx_word' id='word_1_197' title='bbox 773 3081 880 3156; x_wconf 87' lang='lat' dir='ltr'>quem</span> <span class='ocrx_word' id='word_1_198' title='bbox 908 3055 1119 3129; x_wconf 82' lang='lat' dir='ltr'>Aristoteles</span> <span class='ocrx_word' id='word_1_199' title='bbox 1144 3055 1285 3154; x_wconf 91' lang='lat' dir='ltr'>probat,</span> 
     </span>
     <span class='ocr_line' id='line_1_25' title="bbox 181 3171 1327 3271; baseline -0.003 -25"><span class='ocrx_word' id='word_1_200' title='bbox 181 3184 285 3246; x_wconf 87' lang='lat' dir='ltr'>“aut</span> <span class='ocrx_word' id='word_1_201' title='bbox 309 3173 341 3244; x_wconf 91' lang='lat' dir='ltr'>ei</span> <span class='ocrx_word' id='word_1_202' title='bbox 369 3173 444 3271; x_wconf 87' lang='lat' dir='ltr'>pari</span> <span class='ocrx_word' id='word_1_203' title='bbox 470 3173 613 3246; x_wconf 90' lang='lat' dir='ltr'>cretico.</span> <span class='ocrx_word' id='word_1_204' title='bbox 666 3173 809 3246; x_wconf 90' lang='lat' dir='ltr'>Horum</span> <span class='ocrx_word' id='word_1_205' title='bbox 829 3172 1092 3246; x_wconf 86' lang='lat' dir='ltr'>vicissitudines</span> <span class='ocrx_word' id='word_1_206' title='bbox 1115 3171 1283 3259; x_wconf 87' lang='lat' dir='ltr'>efficient,</span> <span class='ocrx_word' id='word_1_207' title='bbox 1299 3205 1327 3256; x_wconf 71' lang='grc' dir='ltr'>η</span> 
     </span>
     <span class='ocr_line' id='line_1_26' title="bbox 182 3285 1285 3383; baseline -0.002 -23"><span class='ocrx_word' id='word_1_208' title='bbox 182 3295 262 3360; x_wconf 90' lang='lat' dir='ltr'>“ut</span> <span class='ocrx_word' id='word_1_209' title='bbox 288 3313 404 3382; x_wconf 88' lang='lat' dir='ltr'>neque</span> <span class='ocrx_word' id='word_1_210' title='bbox 429 3287 453 3360; x_wconf 92' lang='lat' dir='ltr'>ii</span> <span class='ocrx_word' id='word_1_211' title='bbox 481 3288 666 3376; x_wconf 87' lang='lat' dir='ltr'>satientur,</span> <span class='ocrx_word' id='word_1_212' title='bbox 684 3286 746 3383; x_wconf 92' lang='lat' dir='ltr'>qui</span> <span class='ocrx_word' id='word_1_213' title='bbox 773 3288 932 3376; x_wconf 87' lang='lat' dir='ltr'>audient,</span> <span class='ocrx_word' id='word_1_214' title='bbox 955 3286 1099 3360; x_wconf 87' lang='lat' dir='ltr'>fastidio</span> <span class='ocrx_word' id='word_1_215' title='bbox 1118 3285 1285 3358; x_wconf 88' lang='lat' dir='ltr'>similitu-</span> 
     </span>
     <span class='ocr_line' id='line_1_27' title="bbox 181 3399 1284 3501; baseline -0.001 -27"><span class='ocrx_word' id='word_1_216' title='bbox 181 3411 205 3444; x_wconf 89' lang='lat'><strong>“</strong></span> <span class='ocrx_word' id='word_1_217' title='bbox 221 3401 327 3490; x_wconf 88' lang='lat' dir='ltr'>dinis,</span> <span class='ocrx_word' id='word_1_218' title='bbox 345 3429 411 3476; x_wconf 89' lang='lat' dir='ltr'>nec</span> <span class='ocrx_word' id='word_1_219' title='bbox 439 3429 503 3474; x_wconf 86' lang='lat' dir='ltr'>nos</span> <span class='ocrx_word' id='word_1_220' title='bbox 529 3400 565 3474; x_wconf 92' lang='lat' dir='ltr'>id</span> <span class='ocrx_word' id='word_1_221' title='bbox 583 3399 681 3498; x_wconf 94' lang='lat' dir='ltr'>quod</span> <span class='ocrx_word' id='word_1_222' title='bbox 707 3401 880 3474; x_wconf 87' lang='lat' dir='ltr'>faciemus</span> <span class='ocrx_word' id='word_1_223' title='bbox 897 3429 1006 3501; x_wconf 85' lang='lat' dir='ltr'>opera</span> <span class='ocrx_word' id='word_1_224' title='bbox 1024 3401 1145 3476; x_wconf 88' lang='lat' dir='ltr'>dedita</span> <span class='ocrx_word' id='word_1_225' title='bbox 1168 3401 1284 3475; x_wconf 86' lang='lat' dir='ltr'>facere</span> 
     </span>
     <span class='ocr_line' id='line_1_28' title="bbox 182 3516 1284 3592; baseline 0 -2"><span class='ocrx_word' id='word_1_226' title='bbox 182 3528 205 3562; x_wconf 90' lang='lat'><strong>“</strong></span> <span class='ocrx_word' id='word_1_227' title='bbox 222 3516 436 3590; x_wconf 86' lang='lat' dir='ltr'>videamur.”</span> <span class='ocrx_word' id='word_1_228' title='bbox 486 3517 637 3590; x_wconf 88' lang='lat' dir='ltr'>⁰Postea</span> <span class='ocrx_word' id='word_1_229' title='bbox 654 3517 726 3589; x_wconf 86' lang='lat' dir='ltr'>sic:</span> <span class='ocrx_word' id='word_1_230' title='bbox 753 3517 923 3590; x_wconf 88' lang='lat' dir='ltr'>“Verum</span> <span class='ocrx_word' id='word_1_231' title='bbox 953 3533 993 3590; x_wconf 93' lang='lat' dir='ltr'>ut</span> <span class='ocrx_word' id='word_1_232' title='bbox 1019 3519 1055 3592; x_wconf 90' lang='lat' dir='ltr'>in</span> <span class='ocrx_word' id='word_1_233' title='bbox 1080 3545 1182 3592; x_wconf 89' lang='lat' dir='ltr'>versu</span> <span class='ocrx_word' id='word_1_234' title='bbox 1207 3519 1284 3590; x_wconf 89' lang='lat' dir='ltr'>vul-</span> 
     </span>
     <span class='ocr_line' id='line_1_29' title="bbox 181 3630 1284 3733; baseline 0 -29"><span class='ocrx_word' id='word_1_235' title='bbox 181 3644 204 3677; x_wconf 91' lang='lat'><strong>“</strong></span> <span class='ocrx_word' id='word_1_236' title='bbox 223 3659 303 3733; x_wconf 85' lang='lat' dir='ltr'>gua,</span> <span class='ocrx_word' id='word_1_237' title='bbox 321 3633 348 3705; x_wconf 83' lang='lat' dir='ltr'>si</span> <span class='ocrx_word' id='word_1_238' title='bbox 368 3646 422 3706; x_wconf 88' lang='lat' dir='ltr'>eat</span> <span class='ocrx_word' id='word_1_239' title='bbox 442 3645 647 3732; x_wconf 88' lang='lat' dir='ltr'>peccatum,</span> <span class='ocrx_word' id='word_1_240' title='bbox 664 3630 773 3721; x_wconf 90' lang='lat' dir='ltr'>videt,</span> <span class='ocrx_word' id='word_1_241' title='bbox 791 3631 842 3706; x_wconf 87' lang='lat' dir='ltr'>sic</span> <span class='ocrx_word' id='word_1_242' title='bbox 859 3632 887 3705; x_wconf 88' lang='lat' dir='ltr'>si</span> <span class='ocrx_word' id='word_1_243' title='bbox 908 3633 993 3728; x_wconf 92' lang='lat' dir='ltr'>quid</span> <span class='ocrx_word' id='word_1_244' title='bbox 1012 3634 1049 3706; x_wconf 89' lang='lat' dir='ltr'>in</span> <span class='ocrx_word' id='word_1_245' title='bbox 1069 3647 1189 3707; x_wconf 86' lang='lat' dir='ltr'>nostra</span> <span class='ocrx_word' id='word_1_246' title='bbox 1206 3659 1284 3705; x_wconf 86' lang='lat' dir='ltr'>ora·</span> 
     </span>
     <span class='ocr_line' id='line_1_30' title="bbox 180 3745 1282 3846; baseline -0.004 -25"><span class='ocrx_word' id='word_1_247' title='bbox 180 3757 202 3792; x_wconf 92' lang='lat'><strong>“</strong></span> <span class='ocrx_word' id='word_1_248' title='bbox 221 3749 319 3821; x_wconf 89' lang='lat' dir='ltr'>tione</span> <span class='ocrx_word' id='word_1_249' title='bbox 336 3747 526 3836; x_wconf 88' lang='lat' dir='ltr'>claudicat,</span> <span class='ocrx_word' id='word_1_250' title='bbox 544 3746 664 3836; x_wconf 87' lang='lat' dir='ltr'>sentit,</span> <span class='ocrx_word' id='word_1_251' title='bbox 681 3745 742 3820; x_wconf 88' lang='lat' dir='ltr'>sed</span> <span class='ocrx_word' id='word_1_252' title='bbox 770 3761 885 3846; x_wconf 84' lang='lat' dir='ltr'>poetoe</span> <span class='ocrx_word' id='word_1_253' title='bbox 906 3775 977 3822; x_wconf 90' lang='lat' dir='ltr'>non</span> <span class='ocrx_word' id='word_1_254' title='bbox 997 3747 1161 3846; x_wconf 83' lang='lat' dir='ltr'>ignoscit,</span> <span class='ocrx_word' id='word_1_255' title='bbox 1178 3747 1282 3818; x_wconf 83' lang='lat' dir='ltr'>nobis</span> 
     </span>
     <span class='ocr_line' id='line_1_31' title="bbox 180 3859 1282 3956; baseline -0.005 -18"><span class='ocrx_word' id='word_1_256' title='bbox 180 3873 203 3907; x_wconf 92' lang='lat'><strong>“</strong></span> <span class='ocrx_word' id='word_1_257' title='bbox 221 3861 397 3938; x_wconf 88' lang='lat' dir='ltr'>concedit.</span> <span class='ocrx_word' id='word_1_258' title='bbox 448 3861 565 3936; x_wconf 89' lang='lat' dir='ltr'>Taciti</span> <span class='ocrx_word' id='word_1_259' title='bbox 583 3876 706 3936; x_wconf 86' lang='lat' dir='ltr'>tumen</span> <span class='ocrx_word' id='word_1_260' title='bbox 724 3887 849 3936; x_wconf 89' lang='lat' dir='ltr'>omnes</span> <span class='ocrx_word' id='word_1_261' title='bbox 871 3891 943 3938; x_wconf 93' lang='lat' dir='ltr'>non</span> <span class='ocrx_word' id='word_1_262' title='bbox 962 3889 1040 3936; x_wconf 85' lang='lat' dir='ltr'>esse</span> <span class='ocrx_word' id='word_1_263' title='bbox 1065 3859 1167 3944; x_wconf 90' lang='lat' dir='ltr'>illud,</span> <span class='ocrx_word' id='word_1_264' title='bbox 1185 3859 1282 3956; x_wconf 95' lang='lat' dir='ltr'>quod</span> 
     </span>
     <span class='ocr_line' id='line_1_32' title="bbox 180 3976 1027 4078; baseline -0.007 -25"><span class='ocrx_word' id='word_1_265' title='bbox 180 3990 205 4024; x_wconf 89' lang='lat'>“</span> <span class='ocrx_word' id='word_1_266' title='bbox 221 3979 392 4064; x_wconf 83' lang='lat' dir='ltr'>diximus,</span> <span class='ocrx_word' id='word_1_267' title='bbox 412 3992 537 4078; x_wconf 88' lang='lat' dir='ltr'>aptum</span> <span class='ocrx_word' id='word_1_268' title='bbox 556 3977 830 4077; x_wconf 86' lang='lat' dir='ltr'>perfectumque</span> <span class='ocrx_word' id='word_1_269' title='bbox 848 3976 1027 4050; x_wconf 86' lang='lat' dir='ltr'>cernunt.”</span> 
     </span>
    </p>
   </div>
   <div class='ocr_carea' id='block_1_3' title="bbox 181 4280 1281 4532">
    <p class='ocr_par' dir='ltr' id='par_1_3' title="bbox 181 4280 1281 4532">
     <span class='ocr_line' id='line_1_33' title="bbox 222 4280 1280 4359; baseline 0 -18"><span class='ocrx_word' id='word_1_270' title='bbox 222 4289 296 4351; x_wconf 69' lang='lat' dir='ltr'>laur</span> <span class='ocrx_word' id='word_1_271' title='bbox 308 4293 414 4350; x_wconf 61' lang='lat' dir='ltr'>cratim</span> <span class='ocrx_word' id='word_1_272' title='bbox 428 4311 486 4349; x_wconf 78' lang='lat' dir='ltr'>om,</span> <span class='ocrx_word' id='word_1_273' title='bbox 502 4291 578 4348; x_wconf 67' lang='lat' dir='ltr'>ven,</span> <span class='ocrx_word' id='word_1_274' title='bbox 595 4289 658 4348; x_wconf 73' lang='grc' dir='ltr'>ΑΜ,</span> <span class='ocrx_word' id='word_1_275' title='bbox 739 4280 756 4332; x_wconf 78' lang='lat'>11</span> <span class='ocrx_word' id='word_1_276' title='bbox 771 4281 866 4354; x_wconf 86' lang='lat' dir='ltr'>aures]</span> <span class='ocrx_word' id='word_1_277' title='bbox 883 4299 927 4339; x_wconf 84' lang='lat' dir='ltr'>rea</span> <span class='ocrx_word' id='word_1_278' title='bbox 942 4281 1013 4338; x_wconf 90' lang='lat' dir='ltr'>Ven.</span> <span class='ocrx_word' id='word_1_279' title='bbox 1103 4281 1112 4326; x_wconf 93' lang='lat'>¹</span> <span class='ocrx_word' id='word_1_280' title='bbox 1127 4282 1280 4359; x_wconf 89' lang='lat' dir='ltr'>iudicatur]</span> 
     </span>
     <span class='ocr_line' id='line_1_34' title="bbox 181 4359 1281 4448; baseline -0.005 -18"><span class='ocrx_word' id='word_1_281' title='bbox 181 4371 308 4432; x_wconf 87' lang='lat' dir='ltr'>rideatur</span> <span class='ocrx_word' id='word_1_282' title='bbox 323 4372 398 4432; x_wconf 89' lang='lat' dir='ltr'>Ven.</span> <span class='ocrx_word' id='word_1_283' title='bbox 480 4381 505 4412; x_wconf 81' lang='lat'>¹²¹</span> <span class='ocrx_word' id='word_1_284' title='bbox 519 4368 637 4448; x_wconf 74' lang='lat' dir='ltr'>praecisa</span> <span class='ocrx_word' id='word_1_285' title='bbox 650 4365 748 4440; x_wconf 85' lang='lat' dir='ltr'>erunt]</span> <span class='ocrx_word' id='word_1_286' title='bbox 764 4359 923 4444; x_wconf 59' lang='lat' dir='ltr'>§cesserint</span> <span class='ocrx_word' id='word_1_287' title='bbox 936 4362 1009 4420; x_wconf 87' lang='lat' dir='ltr'>Ven.</span> <span class='ocrx_word' id='word_1_288' title='bbox 1085 4363 1281 4442; x_wconf 78' lang='lat' dir='ltr'>nposteriore]</span> 
     </span>
     <span class='ocr_line' id='line_1_35' title="bbox 181 4445 889 4532; baseline -0.014 -20"><span class='ocrx_word' id='word_1_289' title='bbox 181 4453 326 4532; x_wconf 83' lang='lat' dir='ltr'>superiore</span> <span class='ocrx_word' id='word_1_290' title='bbox 339 4454 414 4512; x_wconf 88' lang='lat' dir='ltr'>Ven.</span> <span class='ocrx_word' id='word_1_291' title='bbox 434 4450 502 4510; x_wconf 84' lang='lat' dir='ltr'>Ald.</span> <span class='ocrx_word' id='word_1_292' title='bbox 585 4461 600 4492; x_wconf 91' lang='lat'><strong>⁰</strong></span> <span class='ocrx_word' id='word_1_293' title='bbox 615 4445 724 4528; x_wconf 84' lang='lat' dir='ltr'>postes]</span> <span class='ocrx_word' id='word_1_294' title='bbox 740 4446 786 4507; x_wconf 90' lang='lat' dir='ltr'>Sc.</span> <span class='ocrx_word' id='word_1_295' title='bbox 800 4462 825 4502; x_wconf 88' lang='lat' dir='ltr'>c.</span> <span class='ocrx_word' id='word_1_296' title='bbox 840 4459 889 4519; x_wconf 77' lang='lat'>51.</span> 
     </span>
    </p>
   </div>
   <div class='ocr_carea' id='block_1_4' title="bbox 703 4553 767 4614">
    <p class='ocr_par' dir='ltr' id='par_1_4' title="bbox 703 4553 767 4614">
     <span class='ocr_line' id='line_1_36' title="bbox 703 4553 767 4614; baseline -0.016 0"><span class='ocrx_word' id='word_1_297' title='bbox 703 4553 767 4614; x_wconf 72' lang='lat' dir='ltr'>au</span> 
     </span>
    </p>
   </div>
   <div class='ocr_carea' id='block_1_5' title="bbox 0 0 1548 5140">
    <p class='ocr_par' dir='ltr' id='par_1_5' title="bbox 0 0 1548 5140">
     <span class='ocr_line' id='line_1_37' title="bbox 0 0 1548 5140; baseline 0 0"><span class='ocrx_word' id='word_1_298' title='bbox 0 0 1548 5140; x_wconf 95' lang='lat' dir='ltr'> </span> 
     </span>
    </p>
   </div>
  </div>
 </body>
</html>
