3124 5120
176 301 185 341 l

165 393 260 490 tlAP.
279 425 314 482 2.
438 409 503 481 De
519 409 655 484 Melita
669 435 737 508 per
754 407 941 506 sapatum»
957 417 1016 510 ᾀο.
1207 429 1271 488 141

280 589 416 666 Carula·
432 594 661 668 ”monarcha
672 595 780 693 ponti
794 597 960 696 ratisque
974 597 1179 672 restitutor.

175 709 223 782 ln
234 705 435 803 ¹‘ejusmodi
453 707 550 782 enim
565 709 726 784 versibus
741 712 984 786 membrorum
1002 711 1192 786 manifesta
1203 712 1277 786 dis-
1293 743 1322 780 ιο

174 823 288 898 cretio
305 835 382 910 est;
405 835 510 922 ⁰quae
527 837 648 898 autem
667 851 713 898 ex
726 823 869 898 duobus
887 825 1107 925 imperfectis
1122 827 1222 918 colis,
1237 830 1275 902 id

174 953 232 1011 est
249 938 433 1029 membris,
449 939 696 1030 conciliantur,
713 939 774 1013 vix
797 955 852 1014 est
869 965 992 1014 eorum
1012 943 1274 1041 separationem

174 1053 463 1152 divisionemque
504 1081 731 1154 cognoscere,
769 1057 807 1128 in
852 1055 907 1128 his
949 1055 1140 1157 praecipue,
1174 1071 1276 1157 tquoe

174 1167 338 1241 minimae
355 1169 577 1267 proceritatis
594 1193 758 1245 connexa
768 1171 994 1270 junguntur:
1021 1173 1179 1272 exempli
1196 1201 1276 1272 gra-

174 1281 238 1371 tia,
254 1283 284 1354 si
302 1282 349 1356 sit
360 1281 558 1357 iambicum
572 1283 767 1359 dimetrum
783 1289 1046 1378 catalecticum,
1057 1301 1094 1361 et
1107 1303 1276 1386 sequatur

174 1396 395 1497 dactylicum
414 1398 609 1472 dimetrum
630 1399 979 1499 brachycatalectum
998 1401 1059 1488 its,

325 1515 469 1590 Dicuto
485 1525 564 1590 rese
579 1518 692 1590 amia.

175 1627 272 1702 Cum
291 1630 339 1702 sit
353 1630 526 1704 traditum
545 1631 666 1705 colum
686 1633 736 1704 ita
752 1631 901 1706 demum
918 1631 1029 1728 justre
1052 1632 1274 1731 proceritatis
1290 1664 1315 1698 ιι

174 1746 304 1845 accipi,
321 1745 348 1818 si
367 1745 491 1820 decem
510 1759 546 1820 et
563 1761 645 1822 octo
662 1748 887 1848 temporibus
904 1749 1124 1848 suppleatur.
1177 1749 1273 1822 Cum

174 1877 297 1934 autem
318 1889 383 1935 nec
401 1861 470 1935 coli
489 1887 696 1936 mensuram
715 1862 868 1936 brevitas
886 1863 954 1936 ista
968 1863 1147 1949 conficiat,
1158 1889 1272 1961 quan·

174 1990 254 2050 tum
273 2003 294 2050 a
314 1977 461 2077 perfecti
473 2003 595 2052 versus
614 2003 779 2052 mensura
796 1977 988 2066 discordet,
1001 1979 1145 2075 rutique
1160 1981 1274 2054 mani-

174 2091 306 2165 festum
325 2105 391 2183 est,
405 2119 489 2166 cum
508 2093 626 2168 colum
646 2095 764 2188 portio
780 2117 901 2166 versus
918 2119 995 2166 esse
1012 2092 1181 2169 tradatur.

225 2207 320 2280 Sunt
337 2207 425 2282 item
453 2233 535 2305 quae
553 2209 707 2308 primam
726 2207 958 2294 trochaicam,
976 2207 1170 2282 secundam
1186 2209 1316 2282 cho-12

175 2323 368 2413 ambicam,
385 2326 528 2399 tertiam
545 2325 779 2412 trochaicam,
797 2325 858 2398 sed
882 2339 919 2398 et
935 2341 1098 2422 quartam
1117 2325 1273 2424 'syllaba

174 2437 373 2512 breviorem
403 2439 695 2540 conjugationem
724 2440 892 2524 habeant,
919 2465 1073 2536 quorum
1105 2443 1273 2540 exempla

174 2554 389 2653 plerumque
400 2555 495 2655 apud
507 2557 666 2630 comicos
677 2554 820 2655 Diphili
833 2552 1071 2628 etMenandri
1084 2553 1272 2627 oomoediis

175 2669 412 2768 reperiuntur.
463 2671 598 2746 Verum
625 2671 702 2746 haec
727 2671 899 2744 hactenus
917 2668 1098 2743 noscenda
1115 2682 1210 2757 sunt,
1228 2695 1273 2743 ne
1288 2705 1317 2752 13

176 2783 263 2879 quid
293 2811 357 2884 per
386 2786 604 2886 imperitiam
631 2785 842 2886 praeteriisse
864 2784 1070 2870 videamur;
1097 2783 1272 2881 ‘alioquin

175 2913 213 2972 et
230 2900 375 2974 vitanda
401 2917 438 2974 et
463 2901 662 3003 respuenda
688 2915 781 2976 sunt.
832 2899 932 2974 Nam
955 2899 1135 2999 vperfecto
1158 2911 1273 2999 poetoe

174 3015 266 3090 levia
291 3031 329 3088 et
353 3041 481 3090 sonora
511 3017 680 3092 sectanda
699 3031 795 3106 sunt,
818 3042 899 3116 quae
925 3029 1045 3090 autem
1073 3015 1213 3114 fragosa
1238 3029 1275 3090 et

175 3159 311 3232 aspera,
337 3133 527 3208 Wdiscendi
553 3160 672 3219 causa,
697 3160 769 3207 non
798 3147 838 3206 ut
866 3131 1053 3206 imitentur
1078 3130 1139 3204 sed
1166 3145 1207 3204 ut
1224 3130 1275 3204 vi-

175 3261 308 3339 tentur,
320 3251 498 3324 noscenda
514 3265 609 3324 sunt.
635 3253 811 3338 Quorum,
823 3247 916 3320 sicut
932 3261 969 3319 et
982 3247 1132 3320 aliorum
1148 3258 1271 3320 '‘com-
1289 3284 1319 3332 14

175 3365 346 3464 plurium,
364 3379 488 3439 auctor
504 3381 541 3440 et
558 3393 685 3466 parens
703 3365 815 3438 fertur
827 3363 1068 3437 Archilochus
1086 3363 1273 3462 singularis

176 3481 317 3552 artificii
344 3481 380 3552 in
402 3481 648 3580 excogitandis
666 3508 708 3553 ac
725 3477 922 3553 formandis
941 3478 1041 3552 novis
1061 3479 1195 3570 metris,
1210 3479 1272 3576 qui

176 3596 313 3696 primus
330 3597 465 3698 epodos
482 3597 653 3671 excitavit
671 3595 757 3670 alios
776 3593 965 3684 breviores,
982 3593 1070 3668 alios
1084 3593 1273 3696 longiores,

216 3853 240 3884 Ν
255 3841 421 3916 monarcha]
439 3853 570 3900 menoeta
583 3841 613 3898 P.
777 3850 793 3882 ¹¹
809 3839 983 3918 hujusmodi]
999 3838 1137 3918 ejusmodi
1152 3838 1228 3897 enim
1244 3839 1277 3897 P.

175 3931 192 3964 ⁰
205 3923 281 4001 quae]
297 3919 345 3998 qui
361 3923 391 3980 P.
551 3921 656 3998 Pquae]
673 3921 723 3997 qni
736 3921 766 3978 P.
929 3931 1000 3977 (lest
1015 3917 1104 3992 vario]
1122 3919 1226 3976 salario
1239 3919 1270 3977 l‘.

176 3999 313 4082 rurique]
331 4015 361 4061 et
375 4003 471 4079 utique
485 4003 516 4060 P.
599 3997 890 4078 ⁸syllaba]syllabam
908 4001 938 4060 1².
1034 3997 1199 4076 tattoquin]
1219 3999 1273 4076 §od

175 4083 299 4162 alioquin
315 4087 347 4143 P.
480 4093 495 4123 ¹
511 4081 650 4160 profecto]
668 4081 793 4158 perlecto
807 4081 837 4138 P.
961 4087 980 4114 '⁶
995 4079 1135 4154 discendi]
1154 4079 1223 4140 dicis
1242 4082 1274 4139 P.

175 4175 191 4207 ¹
205 4165 409 4244 couurlurium]
424 4163 646 4241 compluriorum
663 4163 695 4220 P.

220 4381 251 4420 ιι
278 4365 368 4420 decem
392 4369 419 4418 et
440 4369 501 4418 octo
525 4361 701 4434 tenporibus]
746 4356 1273 4424 manifestumvideri‚sedintamcon·

174 4443 343 4502 Monuimur
362 4461 447 4519 supra
468 4441 522 4513 (11.
543 4458 571 4513 4.
592 4441 656 4516 lin.)
681 4439 703 4498 si
745 4437 1274 4516 stantescripturaconsidersmussane

175 4527 264 4583 decem
277 4533 303 4581 et
314 4527 432 4598 quinque
446 4521 576 4598 leguntur
590 4540 703 4579 sensum
745 4519 875 4597 snrplius.
897 4519 1049 4576 CAMER.
