3124 5120
148 441 230 492 car.
249 431 286 493 8.
474 419 537 491 De
560 419 788 493 Tetrametro
805 445 923 494 versu
1185 417 1249 490 161

347 601 537 676 AEresed
552 627 693 676 cancro.

147 717 256 802 Quod
299 729 355 789 est
397 729 552 790 metrum
595 717 806 818 phallicum.
858 717 998 792 Juncto
1036 715 1150 805 omni,
1192 719 1253 788 liet
1268 745 1298 794 14

19 831 20 852 ¹
147 859 270 908 versus
289 831 510 927 hujusmodi,

198 951 255 1022 Ar
273 949 362 1022 tulta
380 947 578 1021 terribilem
595 947 752 1020 sortitum
771 947 870 1020 dedit
885 972 959 1020 oere
970 947 1037 1022 sed
1051 973 1209 1021 cartoro.-

19 1135 20 1154 ,
147 1065 243 1163 quod
252 1063 401 1162 quidam
414 1065 667 1137 hexametrum
679 1061 829 1136 heroum
838 1061 1139 1157 drepmwttaazr
1150 1061 1251 1134 dixe-

149 1191 241 1252 runt.
286 1176 388 1251 Huic
400 1203 546 1276 quoque
564 1176 660 1251 idern
679 1177 836 1277 epodum
862 1177 1023 1250 subdidit
1047 1178 1250 1250 trimetrum

149 1319 289 1366 versum
325 1293 520 1366 iambicum
551 1293 814 1381 catalecticum,
841 1291 877 1364 id
912 1305 967 1364 est
995 1291 1124 1364 ultima
1152 1305 1251 1390 parte

150 1407 384 1481 inminutum.
436 1407 551 1504 Cujus
585 1407 794 1507 exemplum
831 1423 951 1480 noster
986 1407 1162 1480 Horatius
1195 1433 1294 1483 se-15

148 1535 252 1597 cutus
270 1535 337 1610 est,
354 1522 415 1594 illa
432 1521 512 1612 ode,

197 1637 366 1711 Solvitur
382 1637 480 1710 ocris
497 1637 621 1738 lryents
633 1647 751 1740 grata
767 1638 846 1712 vice
860 1637 957 1710 ver-is
974 1646 1010 1710 el
1027 1635 1175 1711 Favoni.

148 1751 297 1826 Dehinc
314 1751 476 1827 trimeter
492 1754 723 1827 catalecticus
740 1753 818 1825 vice
835 1751 953 1852 epodi‚

303 1867 546 1970 statuatque
560 1871 677 1944 siccus
693 1869 869 1942 vrcclinae
885 1870 1040 1944 carinas.

149 1983 277 2081 Itaque
296 1983 326 2056 si
344 1983 517 2083 superiori
535 2012 646 2060 unam
663 1985 893 2084 ‘dempserim
910 2001 947 2058 et
968 1984 1122 2057 inferiori
1140 1983 1251 2058 tradi-

147 2098 240 2172 deris
266 2099 456 2197 syllabam,
473 2101 536 2174 fiet
557 2101 618 2175 hic
642 2101 804 2174 trimeter
821 2101 997 2175 iambicus
1023 2100 1250 2190 acatalectus,

149 2214 207 2288 ille
226 2215 358 2288 herous
377 2216 607 2302 hexameter3
631 2219 702 2292 hnc
719 2217 840 2302 modo,

248 2329 416 2404 Solvitur
432 2331 532 2404 utris
547 2331 672 2430 lryems
684 2341 801 2432 grato
816 2333 895 2406 vice
908 2333 1007 2406 veris
1024 2341 1059 2405 et
1074 2329 1161 2419 foui,

251 2445 491 2546 Trclrurthtre
507 2449 623 2522 siccas
640 2447 812 2522 machine
830 2447 1029 2521 coticulas.

148 2563 295 2644 Quanta
312 2575 433 2636 autern
453 2575 616 2660 atquem
636 2561 822 2662 profundae
848 2563 933 2636 artis
959 2561 1107 2634 scientia
1125 2560 1163 2634 in
1182 2561 1248 2634 hac
1264 2578 1293 2630 1⁶

148 2675 253 2774 spodi
280 2677 510 2752 conclusione
538 2679 781 2754 Archilochus
809 2705 893 2752 usus
928 2677 986 2766 sit,
1020 2677 1167 2750 interest
1195 2675 1250 2750 di-

19 2787 21 2852 ?
148 2819 238 2865 cere.
289 2791 388 2864 Nam
415 2819 499 2866 cum
528 2795 649 2892 magni
671 2793 888 2868 &aestimaret
913 2793 1066 2893 priorem
1093 2819 1248 2880 versum,

147 2906 250 3004 cujus
268 2907 386 3005 prima
402 2908 521 3006 portio
537 2921 678 2982 constat
695 2935 741 2983 ex
762 2909 873 2982 berno
891 2921 1109 2998 tetrametro,
1128 2908 1164 2981 id
1182 2923 1248 2998 est,

249 3021 414 3095 Solvitur
431 3023 528 3096 ocris
544 3023 670 3122 lyevrs
683 3034 799 3123 gruta
815 3024 918 3096 vice.-

148 3151 184 3210 et
206 3151 417 3235 sequentem
445 3141 615 3236 epodum‚
640 3137 725 3236 hqui
749 3165 769 3211 e
790 3139 954 3212 trimetro
979 3137 1135 3211 iambico
1152 3151 1248 3210 cata·

149 3254 277 3328 lectico
295 3253 467 3341 substitit,
484 3252 519 3326 id
537 3267 603 3344 est,

252 3367 493 3466 Trclruntque
506 3369 622 3442 siccas
637 3367 811 3443 muclrirur
829 3369 986 3442 tamnus.

149 3482 259 3556 simili
285 3483 445 3556 clausula
474 3483 686 3562 terminatos
717 3483 752 3556 in
783 3469 939 3558 eundcin
965 3483 1089 3558 cadere
1120 3507 1248 3554 nume-

149 3624 241 3688 rum,
270 3597 370 3672 ¹cum
397 3597 546 3672 dirersae
571 3598 718 3672 rationis
745 3598 836 3672 inter
859 3625 897 3672 se
922 3597 1133 3698 generisque
1151 3597 1247 3670 vide-

148 3727 282 3798 rentur,
299 3714 434 3814 quippc
450 3740 533 3788 curn
552 3714 642 3786 alter
654 3712 833 3812 dactylico
851 3727 977 3802 metro,
991 3715 1080 3786 alter
1092 3711 1247 3786 iambico

150 3841 346 3917 censeatur,
363 3841 485 3904 tamen
512 3828 712 3926 adjiciendo
734 3829 858 3926 majori
886 3830 1059 3928 syllabam
1079 3841 1115 3901 et
1132 3827 1248 3900 detra·

188 4035 453 4115 impressori->aliid
470 4041 488 4098 l.
502 4045 726 4118 περιττοσῦλλαβον
736 4043 778 4101 vel
792 4045 1030 4120 ιεριττοσυλλάβως.
1106 4051 1120 4082 ²
1134 4040 1244 4098 demse-

151 4117 199 4194 ris]
213 4119 369 4197 dempseris
382 4133 412 4179 et
426 4120 550 4180 inferiori
565 4123 711 4182 tradideris
726 4123 860 4201 syllabam
873 4124 904 4181 P.
996 4119 1084 4196 soni]
1103 4121 1197 4178 fsboni
1215 4121 1244 4177 P.

149 4199 344 4277 testimaret]
362 4201 457 4281 magui
471 4201 626 4288 aestimaret
638 4205 668 4261 P.
718 4201 811 4282 ¹¹crui]
826 4204 901 4282 quod
916 4205 946 4262 P.
996 4199 1120 4278 ¹quum]
1136 4219 1200 4260 cum
1213 4201 1244 4257 P.

192 4393 237 4453 ις.
260 4397 323 4436 cere
332 4379 447 4455 scroti]
472 4380 556 4438 Forte
577 4399 675 4439 verum
718 4379 821 4460 legitur
834 4382 903 4438 ceris
917 4389 943 4437 et
958 4380 1013 4444 orti,
1025 4390 1057 4436 ut
1070 4389 1182 4435 tuntum
1198 4377 1246 4434 liat

149 4455 185 4514 sit
203 4471 233 4515 et
251 4459 306 4516 hoc
320 4459 393 4526 loco,
407 4471 467 4516 erat
488 4460 565 4518 enim
587 4459 676 4538 scrip·
717 4461 864 4528 detractio,
877 4458 1028 4517 nonedam
1041 4459 1170 4515 mutatio.
1181 4457 1244 4514 CA-

149 4549 211 4596 tura
224 4539 422 4615 perturbatior.
441 4539 469 4598 id
486 4540 561 4616 quod
578 4552 677 4618 postea
718 4541 817 4597 MER.

790 4658 815 4706 Y
