3100 5142
146 409 231 464 car.
247 400 284 462 8.
310 388 376 462 De
390 388 640 486 Antispaatico
656 397 771 504 aratro
787 399 823 464 et
841 403 918 488 qao
932 387 1129 486 speciebus.
1181 397 1249 476 ⁹9¹

145 570 340 670 ‘[Constat
373 573 472 647 enim
507 573 778 646 Pherecratium
810 571 1083 674 antispasticum
1115 567 1251 670 duplici

144 687 376 762 Pherecratio
392 687 574 788 dactylico
591 689 773 787 copulato.

231 805 333 868 Nunc
346 813 376 868 te
390 803 513 868 Bacclte
526 825 651 884 canam,
668 823 723 867 nec
735 825 800 868 noa
814 801 984 888 eylveatria
999 801 1126 890 tecam]

308 1011 373 1086 De
387 1012 556 1086 trimetro
573 1010 888 1112 brachycatalecto
904 1011 1088 1086 Procilio.
1261 1031 1278 1084 ⁶

194 1145 452 1242 Antis-pactum
485 1145 692 1219 trimetrum
727 1143 1081 1244 brachycatalectom
1111 1139 1250 1218 Praei-

143 1261 236 1335 liam
254 1263 298 1335 fit
314 1261 464 1360 thippio
482 1262 599 1351 tertio,
617 1261 732 1334 tribus
750 1260 927 1345 trochaeis,

324 1376 533 1463 Trabantqae
546 1397 633 1440 nanc
647 1377 802 1440 machina
814 1377 970 1438 corbum.

145 1483 231 1558 Hoc
249 1486 359 1558 etiam
377 1485 659 1584 ithyphallicum
676 1486 954 1584 antispasticom
971 1497 1210 1582 nuncupatur.
1268 1484 1271 1490 ’

255 1699 322 1772 De
338 1709 552 1776 tetrametro
564 1725 660 1798 paro
676 1701 911 1798 antispastico
928 1697 1138 1772 acatalecto.
1260 1725 1274 1780 t

192 1831 491 1929 Antiapcsticum
512 1843 765 1906 tetrametrum
784 1858 921 1930 param
946 1831 1187 1906 acatalectum
1205 1834 1247 1906 fit

143 1961 317 2046 quattuor
332 1947 549 2047 antispastis,

230 2065 331 2149 Refer
345 2064 446 2127 Mara
455 2085 571 2151 precor
583 2063 675 2127 dolce
687 2063 781 2128 mehe
796 2084 867 2127 voce
880 2062 1021 2127 hecnam
1033 2083 1138 2128 sacra.

144 2174 317 2248 Graecum
336 2175 544 2274 exemplum
565 2201 636 2246 non
652 2173 804 2274 repperi.

380 2387 443 2462 De
459 2397 673 2462 tetrametro
689 2387 890 2462 acatalecto
906 2389 1029 2462 micto.
1258 2403 1274 2452 8

193 2519 491 2618 Antirpasticom
508 2529 761 2594 tetrametrum
778 2518 1019 2594 acatalectom
1035 2521 1189 2594 mictum
1205 2524 1248 2596 fit

144 2637 355 2736 antispasto,
373 2635 596 2726 choriambo,
613 2635 741 2736 hippio
756 2651 895 2734 quarto,
914 2635 1039 2736 hippio
1056 2635 1174 2710 tertio.

231 2753 388 2818 Sacerdos
401 2753 513 2816 memes
525 2754 599 2816 bene
614 2754 835 2842 aaafirmoas't
848 2754 892 2817 ad
905 2763 991 2818 artes
1005 2755 1112 2820 bonor.

144 2864 306 2948 Quidam
330 2863 488 2964 imperiti
515 2863 561 2938 de
591 2865 662 2938 hoc
691 2879 806 2939 metro
835 2866 1043 2965 exemplum
1071 2866 1248 2940 dederunt

142 2981 234 3055 illud
254 2983 511 3070 Horatianum,
933 3073 937 3082 ι

231 3097 364 3162 Nullam
386 3099 465 3160 Vara
478 3117 572 3161 caera
585 3098 648 3160 alte
655 3098 755 3184 prior
768 3099 887 3183 senem
900 3097 1052 3162 arborem.

143 3209 255 3295 Quod
273 3223 337 3284 aut
351 3207 629 3308 Asclepiadeum
648 3221 713 3294 est,
727 3207 821 3282 sicut
834 3221 917 3281 ante
934 3209 1143 3298 monstravi,
1161 3236 1247 3283 con-

143 3341 243 3400 stans
261 3323 433 3424 spondeo,
449 3323 679 3413 choriambis,

231 3439 364 3505 Nullam
384 3439 391 3524 Ι
414 3441 600 3504 Vareeccra
618 3437 624 3524 Ι
643 3441 707 3502 ata
717 3441 814 3525 prior
832 3438 838 3526 Ι
856 3441 975 3504 severis
988 3440 1153 3525 artiorem.

143 3554 221 3624 Aut
255 3549 479 3641 Phalecium,
505 3563 674 3622 constans
709 3549 880 3647 spondeo,
906 3549 1062 3650 dactylo,
1096 3551 1245 3650 syllaba,

143 3666 302 3764 dactylo,
320 3665 469 3764 syllaba,
486 3663 627 3738 duobus
643 3662 808 3762 dactylis.

231 3782 364 3846 Nullam
384 3781 390 3864 Ι
414 3783 494 3846 Vara
506 3795 612 3854 caetra
631 3781 637 3866 Ι
656 3782 720 3845 vite
731 3777 836 3867 prilos
855 3779 860 3868 Ι
878 3781 997 3845 secem
1015 3778 1022 3868 Ι
1040 3783 1194 3846 arborem.

229 3993 294 4067 De
311 4001 525 4068 tetrametro
542 3991 723 4090 Sapphico
742 3991 919 4088 Priapeia
936 3993 1157 4068 catalectico.
1256 4022 1273 4073 9

194 4127 487 4224 Amispasticum
516 4135 770 4200 tetrametrum
805 4124 1055 4200 catalecticum
1087 4125 1245 4224 Sapphi-

146 4269 226 4318 tum
243 4243 458 4341 Priapeium
485 4244 527 4315 tit
553 4241 726 4340 spondeo,
747 4240 904 4339 dactylo,
931 4241 1082 4314 bacchio
1101 4240 1178 4336 (sed
1204 4255 1252 4314 ut.

187 4436 200 4468 ⁸
215 4426 473 4564 Capitol-tecum
487 4444 544 4483 om.
557 4424 591 4483 L.
646 4421 788 4502 ehippio]
804 4422 897 4496 bippto
912 4423 994 4478 tertio
1006 4421 1040 4480 L.
1080 4421 1111 4482 ‚¹¹
1125 4425 1244 4497 mneos]

146 4525 246 4565 canent
285 4548 292 4566 .

644 4613 746 4695 rp2
