3100 5142
300 337 377 400 3³0
629 323 745 398 Atilii
768 323 1028 398 Fon-tuditani
1275 346 1359 395 aaa.
1380 344 1407 394 ι.

262 525 290 574 ¹⁸
354 509 482 584 Ram
508 533 621 584 uuum
652 535 766 608 genus
794 509 965 584 carminis
991 507 1039 582 de
1066 533 1141 606 qao
1167 507 1260 580 nihil
1286 505 1411 580 adhuc

302 625 477 712 diximus,

474 739 552 802 Non
566 739 643 804 abur
656 761 755 828 noque
767 761 901 804 mm

473 841 552 906 Meo
563 844 685 908 millet
697 847 733 907 in
746 843 837 908 dono
848 843 994 908 laum

303 951 354 1026 Et
379 952 449 1026 hoo
474 969 665 1054 sumptum
691 955 738 1026 ab
754 955 890 1038 Alcaeo,
906 967 944 1026 et
966 955 1013 1026 ab
1038 952 1101 1026 illo
1117 963 1312 1024 tractatum
1338 950 1413 1022 fre-

262 1097 291 1150 19
303 1083 466 1167 quenter,
478 1087 515 1144 et
533 1071 579 1144 ab
594 1069 749 1144 Horatio
765 1069 879 1142 semel
891 1069 1042 1142 omuino
1053 1067 1310 1168 compositum.
1337 1069 1412 1140 Est

304 1201 425 1259 autem
453 1185 664 1270 iambicum,
681 1201 719 1258 et
736 1185 895 1284 primam
913 1183 1061 1282 quidem
1080 1209 1224 1258 oomma
1241 1209 1328 1256 cum
1345 1183 1411 1254 tri-

306 1317 423 1378 metro
440 1328 543 1376 versu
556 1303 683 1400 junge,
700 1301 764 1385 sic,

476 1419 599 1484 Beatus
613 1419 666 1482 illae
678 1439 742 1482 non
756 1417 835 1480 ebor
846 1437 945 1504 neque
957 1439 1101 1482 mna.

306 1529 499 1629 insequens
516 1543 638 1602 autem
657 1543 813 1602 metrum
831 1527 1106 1602 Archilochium
1124 1527 1308 1601 iambicon
1326 1553 1408 1602 cur-

305 1661 383 1718 tum
405 1646 526 1733 habet,
543 1645 647 1742 cujus
664 1643 886 1743 exemplum,

482 1767 972 1856 mmmmm
985 1769 1125 1832 m.

304 1895 342 1954 et
359 1879 440 1968 hoc,

476 1994 555 2058 Meo
569 1996 692 2060 renidet
705 1999 741 2060 in
755 1999 845 2062 domo
858 1997 1004 2061 lom.

261 2129 293 2168 ²⁰
355 2104 491 2180 Omnia
503 2131 563 2179 me
575 2121 688 2180 metra
699 2109 900 2184 Horatiana
910 2123 1137 2211 persecutum
1149 2108 1332 2184 existimo.
1358 2107 1405 2180 ll-

305 2221 367 2297 lud
393 2223 431 2296 in
458 2235 575 2296 totum
603 2241 767 2300 naturam
793 2239 991 2300 metrorum
1015 2251 1230 2326 cognoscere
1247 2225 1404 2297 volentes

305 2364 453 2439 possum
466 2337 817 2428 admonemetiamsi
830 2369 903 2414 non
914 2342 1036 2416 omnia
1046 2339 1405 2443 oompmheodiquae·

305 2479 450 2553 cunque
471 2454 566 2556 apud
589 2457 756 2532 ⁰Graeoos
781 2461 905 2558 poitas
927 2471 1079 2557 possunt
1104 2457 1253 2532 inveniri
1283 2471 1404 2542 metra,

306 2569 403 2668 squae
428 2585 514 2645 sunt
532 2573 628 2673 apud
654 2575 796 2673 lyricos,
814 2574 979 2672 tragicos,
996 2587 1034 2646 et
1056 2575 1214 2647 comicos
1241 2573 1403 2644 innume·

306 2687 435 2760 nabiles
453 2689 577 2787 figuras
598 2691 915 2790 compositionum,
933 2703 1073 2762 tantum
1102 2715 1161 2762 me
1186 2703 1310 2762 tamen
1338 2690 1402 2760 hoc

306 2801 398 2876 libro
423 2819 670 2895 consecutum,
695 2833 803 2904 quem
831 2805 978 2906 &paucis
1000 2804 1129 2877 diebus
1153 2807 1340 2904 composui
1369 2815 1401 2874 et

306 2920 481 2993 memoria
505 2922 760 2996 tantummodo
785 2922 989 3019 adjuvante,
1007 2936 1046 2994 ut
1063 2921 1307 3019 quodcunque
1333 2946 1402 2992 me-

306 3045 404 3106 tmm
418 3063 551 3110 novum
570 3037 699 3135 aliquis
713 3065 751 3110 se
768 3035 968 3111 hinvenisse
979 3035 1163 3134 judicarit,
1176 3034 1221 3109 ad
1236 3037 1314 3108 laaec
1326 3061 1401 3132 quae

306 3145 527 3224 ¹enumeravi
544 3153 670 3252 utique
687 3153 878 3238 reseratum
900 3179 982 3227 oum
1001 3153 1125 3226 omnia
1139 3167 1252 3224 matra
1269 3151 1401 3224 varien-

306 3277 376 3352 tur,
406 3281 469 3340 aut
499 3269 711 3365 adjectione,
742 3283 804 3344 aut
836 3268 1093 3358 *detractionu
1122 3287 1185 3342 aut
1213 3267 1401 3341 concinna-

263 3403 291 3440 τι
307 3379 416 3470 tione,
430 3395 492 3454 aut
508 3385 785 3482 permutatione.
811 3383 903 3458 Esse
920 3388 1006 3460 alias
1023 3385 1159 3485 species
1175 3411 1249 3457 non
1268 3383 1399 3483 ignoro,

307 3493 367 3566 sed
389 3494 466 3568 haec
484 3511 568 3570 sunt
586 3501 901 3597 praestaotissimae.
952 3499 1167 3597 Adjeotiooe
1184 3500 1245 3586 ita,

393 3635 540 3700 Solvitur
552 3639 638 3700 acria
650 3637 758 3722 lyam
766 3649 870 3726 grato
885 3641 952 3703 vice
965 3641 1051 3704 nafis
1064 3647 1095 3702 et
1108 3639 1247 3702 Fauoni.

311 3769 460 3844 accessit
475 3769 573 3842 enim
594 3767 703 3842 heroo
721 3785 837 3844 metro
854 3771 1003 3872 syllaba,
1020 3798 1100 3871 quoe
1117 3797 1257 3844 versum
1277 3772 1398 3846 faceret

312 3885 523 3985 longiorem.
573 3883 820 3973 Detractione,
838 3901 1023 3984 tanquam,

400 4027 610 4115 Troianique
623 4029 722 4093 εἱεοω
738 4030 890 4094 machino
902 4031 1042 4095 corinna.

349 4291 500 4368 corneos]
521 4281 628 4352 Graeooa
645 4303 742 4370 pnatm
762 4294 800 4352 V.
930 4291 1101 4370 ¹quomodo]
1124 4313 1184 4372 quoe
1204 4293 1239 4350 V.
1261 4297 1314 4368 quo
1326 4291 1395 4350 Med.

307 4381 325 4428 t
334 4373 446 4448 paucis]
462 4382 488 4432 et
500 4379 596 4450 poncia
611 4377 646 4432 V.
749 4371 914 4449 tuamne]
930 4377 1059 4434 inuentae
1075 4377 1109 4432 V.
1213 4371 1393 4445 laniamerovi]

307 4457 428 4512 onumen
442 4453 477 4510 V.
560 4453 572 4491 ¹¹
587 4457 767 4528 detractione]
784 4457 980 4514 detractionum
995 4457 1030 4514 V.
