3082 5140
306 381 381 458 ros
501 381 694 458 cem·
711 381 978 484 nemmem
994 387 1040 462 a.
1055 386 1208 464 nerra..

435 567 504 634 Pro
518 575 601 634 ene
609 569 725 657 pincia
739 571 878 636 mentm
892 574 989 638 meir
1000 575 1149 662 contigit,

306 669 354 744 et,
435 755 603 844 Aquilonis
616 753 737 820 stridor
746 755 876 846 gelidus
889 757 1021 822 molitur
1034 758 1135 822 nives.

307 917 454 1018 Recipit
480 917 517 992 in
545 931 647 1018 parte
675 917 795 1020 prima
825 919 1017 1018 gressionis
1047 919 1261 1022 spondeum,
1279 935 1318 996 et
1344 923 1411 997 alio

306 1035 387 1108 loco
404 1033 577 1134 dactylon
595 1047 633 1108 et
654 1049 874 1136 anapaestou,
888 1049 926 1110 et
951 1061 1016 1134 pro
1039 1035 1162 1110 iambo
1185 1036 1356 1112 chorium
1378 1055 1411 1112 et
1524 1095 1525 1120 ,

277 1149 528 1248 stribracbyn.
571 1149 632 1224 Fit
650 1149 868 1250 syllabarum
889 1151 1188 1252 paucissimamm
1206 1151 1411 1243 duodecim,

305 1265 544 1366 plurimarum
573 1267 830 1367 septendecim.
892 1267 1038 1368 Recipit
1065 1283 1229 1368 tempora
1256 1271 1412 1370 plurima

305 1379 542 1482 undeviginti,
560 1381 778 1483 paucissima
803 1384 988 1460 tredecim.
1039 1383 1213 1458 Comicus
1230 1387 1411 1462 trimetros

305 1499 398 1572 solet
417 1498 532 1598 magia
551 1498 586 1572 iu
606 1499 730 1572 breves
750 1497 876 1574 minui.
927 1499 1412 1600 TrimetrosHipponactius
1524 1491 1525 1522 ³

305 1615 436 1716 pedem
456 1615 694 1690 novissimum
719 1641 907 1690 assumens
931 1616 1134 1716 spondeum
1159 1619 1216 1691 vel
1245 1620 1410 1696 chorium

305 1733 386 1806 talis
404 1745 469 1820 est,

436 1849 680 1936 Culeatibropne
693 1847 980 1936 lympllufintr'bus
996 1869 1128 1936 semper.

307 1967 467 2043 Eosdem
496 1965 617 2067 pedes,
635 1993 726 2067 quos
752 1967 882 2066 reliqui
912 1967 1078 2056 trimetri,
1103 1981 1232 2067 praeter
1262 1970 1412 2042 novissi-

306 2109 422 2174 mum,
438 2083 577 2184 recipit,
593 2102 630 2156 et
653 2096 891 2174 tetrametros,
906 2083 968 2182 qui
987 2082 1118 2157 [satine
1135 2083 1335 2182 quadratus
1352 2113 1412 2158 vo-

275 2213 416 2274 ocatur.
468 2197 667 2272 Choriacus
685 2199 766 2274 talis
784 2211 851 2287 est,
1524 2187 1525 2198 ¹

437 2323 518 2386 Telo
518 2323 648 2408 famuli
663 2323 725 2388 tela
736 2343 871 2410 propere
884 2323 1028 2410 ψὴν
1042 2343 1091 2386 rue
1109 2322 1228 2388 Tirone.

305 2443 452 2544 Recipit
477 2442 624 2516 eosdem
651 2443 774 2544 pedes,
804 2443 968 2545 pervenit
995 2443 1040 2517 ad
1066 2458 1203 2544 septem
1236 2457 1275 2518 et
1305 2445 1409 2519 semi·
1524 2435 1525 2464 ³

303 2561 447 2660 pedem,
465 2585 651 2633 summum
679 2559 808 2660 pedem
836 2563 971 2660 patitur.
987 2571 1050 2634 aut
1067 2559 1241 2634 creticum
1269 2576 1334 2635 aut
1351 2561 1411 2635 da-

304 2675 459 2776 ctylum.
510 2675 727 2749 Octonarius
747 2675 899 2766 iambus,

347 2807 489 2874 Proinde
499 2815 528 2872 et
538 2807 595 2873 aba
609 2815 639 2872 te
650 2810 796 2897 regimen
807 2805 915 2898 Argos
925 2807 1001 2873 dum
1012 2815 1059 2874 est
1064 2807 1208 2898 ponetur
1216 2811 1409 2876 consulenda.

305 2935 548 3037 Septenarius,

402 3051 444 3114 H
443 3073 485 3116 aec
498 3049 659 3116 bellicosus
670 3053 723 3116 cni
736 3061 841 3140 poter,
852 3059 955 3116 mater
968 3051 1048 3116 cluet
1058 3051 1224 3118 Minerva.

304 3176 456 3253 Constat
473 3205 518 3252 ex
536 3179 690 3278 pedibus
706 3177 834 3252 iisdem
853 3179 992 3253 ionicus
1010 3179 1246 3279 septenarius,

435 3295 531 3358 Ibunt
545 3294 630 3358 mola
644 3293 729 3358 viere
745 3295 911 3358 Veroeream
925 3317 1082 3362 wronam.

279 3421 452 3502 tlonicus
469 3421 585 3518 major
601 3435 667 3510 est,

434 3535 495 3598 Ille
509 3537 590 3600 ictus
604 3547 690 3602 retro
705 3539 816 3604 cecidit
830 3539 866 3602 in
880 3547 986 3604 nutem
999 3541 1146 3628 rupinus

307 3661 433 3739 Habet
448 3660 576 3736 vitium
596 3663 634 3738 in
653 3667 757 3742 tertia
775 3667 935 3767 syllaba;
963 3667 1093 3759 minor,

434 3779 610 3846 Metasoris
617 3790 751 3872 patrue
764 3785 895 3850 verbera
908 3785 1043 3872 lingum.

353 3909 563 4011 l’ercipiuut
580 3909 689 4012 pedes
707 3913 867 3988 maxime
884 3911 1135 4011 pyrrhichium
1155 3927 1193 3988 et
1209 3914 1407 4015 spondeos:

304 4039 342 4100 et
369 4027 485 4101 solent
518 4025 623 4102 divisi
658 4027 804 4128 syllabis
840 4027 956 4126 longis
991 4029 1151 4131 plurium
1186 4031 1406 4130 syllabarum

275 4131 279 4142 ’
304 4141 414 4240 pedes
429 4144 629 4218 admittere.
680 4144 960 4246 Aristophanius
978 4159 1193 4247 anapestus,

389 4268 508 4332 Aemo
516 4271 611 4356 ponti
623 4291 683 4357 per
683 4271 782 4358 steca
795 4269 923 4338 Colchos
933 4269 1067 4358 &alque
1077 4269 1199 4336 delente
1209 4269 1344 4335 adieri.

305 4382 451 4483 Recipit
477 4387 586 4485 pedes
612 4403 868 4486 quaternorum
897 4401 1116 4488 temporum,
1134 4389 1252 4466 omnis
1280 4388 1407 4488 implet

274 4498 412 4600 spedes
430 4513 568 4599 septem
587 4516 623 4576 ot
641 4504 873 4603 semipedem.
921 4503 1140 4604 Auapaestus
1158 4502 1372 4590 octonarius,
