3082 5140
159 417 240 466 car.
256 407 313 467 28.
507 395 715 468 Demetrio
735 393 899 467 Horatii.
1182 403 1254 466 355

158 575 270 650 Nasci
289 591 412 650 autem
432 577 572 664 videtur
590 579 635 650 ab
652 578 800 652 Alcaico
818 575 1149 675 'hendecasyllabm
1273 588 1302 639 ¹6

299 686 401 777 'unt
414 688 574 766 ‘Artatus
588 703 651 766 rai
661 695 789 788 μεγάλω
805 691 892 774 Aria.

157 806 220 892 Et,
293 920 383 984 Vides
396 927 434 984 ut
448 920 515 983 alta
528 928 588 985 atet
601 923 676 985 uiae
690 921 871 986 candidum.

160 1029 284 1126 Hujus
310 1029 339 1102 si
365 1029 520 1128 primam
554 1032 728 1130 syllabam
759 1031 796 1104 in
827 1030 999 1104 ultimum
1025 1028 1261 1120 transtuleris,

159 1145 267 1218 facies
287 1143 626 1242 hendecasyllabum
647 1145 885 1244 Sapphicum,

289 1259 343 1322 dea
356 1267 393 1322 ut
406 1259 474 1322 ulto
487 1268 547 1323 stet
560 1262 635 1324 uiue
648 1261 819 1324 candidum
833 1261 876 1322 oi.

160 1369 300 1450 Quarto
317 1368 398 1441 loco
410 1369 572 1442 clausula
588 1384 642 1443 est
659 1369 860 1444 hexametri
877 1393 923 1441 ex
937 1367 1083 1468 dactylo
1100 1383 1137 1441 et
1154 1395 1261 1467 spon-

159 1487 240 1569 deo,
260 1499 301 1555 ut
318 1495 383 1572 est,
1206 1502 1208 1508 ·

291 1599 426 1663 Primus
439 1599 479 1663 ao
491 1600 570 1664 aa.

160 1707 332 1806 Denique
349 1709 378 1782 si
399 1710 493 1783 hanc
518 1709 623 1782 tollas
649 1721 686 1782 et
712 1707 952 1782 Horatianam
978 1707 1136 1805 adjicias,
1152 1708 1261 1782 facies

161 1823 340 1922 integrum
362 1823 626 1912 hexametrum,

290 1937 392 2002 Arma
407 1941 572 2025 mnusque
585 1957 664 2002 cauo
683 1937 795 2024 Trojoe
808 1941 864 2026 qul
879 1942 995 2004 terruit
1008 1939 1126 2004 urbem,

159 2045 299 2121 Eadem
331 2048 491 2121 clausula
523 2061 559 2120 et
589 2047 625 2120 in
653 2049 905 2146 anapaesticam
938 2051 1124 2150 syzygiam
1155 2047 1306 2138 cadit,17

160 2188 245 2234 nam
274 2163 302 2236 si
323 2161 457 2262 jungas
484 2163 578 2236 hanc
604 2161 656 2237 illi
673 2163 881 2262 Virgilianae
905 2163 1099 2238 dimetrum
1123 2191 1263 2265 anapae·

162 2277 294 2350 sticum
312 2277 434 2364 facies,
452 2289 504 2367 ut,

291 2392 424 2456 Primus
437 2393 477 2456 ab
491 2394 558 2456 oris
572 2394 689 2456 terruit
702 2393 822 2459 urbem.

163 2501 258 2574 Haec
276 2501 401 2575 eadem
421 2501 530 2574 habet
547 2501 833 2574 choriambicum
852 2501 1030 2574 dimetron
1051 2505 1262 2602 hypercata-

162 2616 292 2688 lecton.

274 2779 320 2864 [1.
335 2781 380 2864 3.]
407 2779 464 2845 Sic
478 2789 507 2844 te
521 2780 598 2844 diuo
607 2789 721 2866 potens
737 2781 852 2867 Cypri,
1279 2805 1308 2852 ιε

406 2882 598 2966 Siofratres
612 2882 745 2944 Helenae
758 2881 864 2946 liuida
878 2881 1004 2969 sydera.

161 2985 284 3058 Tertia
313 2981 381 3056 ode
410 2983 545 3057 dicolos
576 2997 643 3069 est,
670 2983 779 3056 habet
808 2983 965 3083 primum
996 2983 1260 3082 octosyllabum

161 3099 457 3187 Anacreontium,
488 3123 596 3195 quem
632 3111 669 3170 et
703 3099 944 3197 Glyconicum
981 3113 1122 3188 vocant,
1153 3098 1262 3170 habet

162 3213 338 3311 originem
358 3213 403 3284 ab
423 3213 544 3297 heroo,
562 3225 703 3286 constat
720 3239 765 3286 ex
789 3213 948 3312 spondeo
966 3230 1002 3286 et
1019 3213 1160 3286 duobus
1178 3213 1261 3285 dac-

161 3329 258 3425 tylis.
310 3325 412 3400 Huic
440 3327 468 3399 si
499 3327 632 3426 jungas
661 3325 950 3427 heptasyllabum
980 3327 1261 3418 Pherecratium‚

162 3443 224 3538 qui
247 3455 453 3516 constater
481 3441 640 3538 spondeo
667 3445 718 3514 ‘et
743 3443 887 3544 dactylo
912 3459 949 3516 et
976 3443 1147 3544 spondeo,
1167 3443 1262 3516 Pria·

161 3584 273 3655 peum
292 3556 412 3647 facies,
429 3555 544 3654 qualis
563 3557 658 3654 apud
677 3556 895 3650 Homerum,

262 3674 415 3768 Κουρῆτές
431 3677 460 3744 τ’
478 3673 626 3768 ἐμάχοντο
643 3671 694 3744 καὶ
711 3673 842 3747 Αἰτωλοὶ
858 3679 1061 3774 μενεχάρμαι.

165 3783 215 3859 Et

216 3843 227 3876 ³
291 3887 516 3970 [morosumque
529 3883 587 3948 ooli
602 3883 687 3948 dedit
701 3893 730 3948 et
744 3895 937 3951 contemnere
952 3896 1067 3951 ocutos.

161 3987 470 4060 'Anacreonteum
488 3999 555 4070 est,

203 4193 215 4226 Ι
230 4183 477 4262 hendecasyllabo]
493 4183 572 4241 addit
587 4185 621 4242 V.
636 4209 653 4239 u
666 4181 732 4250 aaa}
745 4196 857 4242 πολλων
871 4209 974 4258 rapam
987 4197 1091 4258 ωμιλαις.
1209 4199 1222 4246 t
1236 4197 1263 4246 et

162 4266 271 4340 dactylo
285 4273 313 4323 et
324 4269 441 4340 spondeo
458 4269 604 4340 priapeum
615 4263 708 4338 facies
729 4266 820 4337 quotis
840 4269 915 4339 opud
937 4267 1085 4322 Homerum
1105 4291 1263 4343 κουρητεςτε

162 4369 272 4417 pexam
293 4370 337 4402 και
358 4356 458 4404 meatu
478 4367 618 4418 μινιχαρμε
641 4351 670 4400 et
689 4346 852 4417 immotoque
874 4347 927 4402 coli
947 4348 1023 4402 dedit
1046 4354 1073 4404 et
1095 4355 1264 4408 communen

163 4433 254 4484 ventos
267 4434 478 4484 ooomeouteum
493 4435 532 4482 est
549 4447 617 4499 pomo
629 4447 681 4496 μαε
695 4434 798 4498 osseos
813 4426 872 4492 soe
887 4427 928 4482 uri
942 4439 999 4484 etc.
1016 4427 1051 4484 V.
1071 4434 1263 4506 οτι-μενεχάρ-

162 4529 210 4578 μαι
226 4526 283 4564 οιιι.
298 4506 364 4564 edd.
446 4517 462 4548 V
476 4505 711 4578 Anacreonteum]
730 4507 947 4562 Anacreontiron
962 4505 1039 4564 Mad.
1055 4519 1084 4564 et
1098 4509 1150 4566 Gr.
1165 4529 1223 4567 om.

667 4615 768 4671 ΖΗ
