3012 5084
273 417 321 479 48
470 425 473 432 ·
661 403 781 480 Morir'
800 403 988 480 Victorini
1255 427 1328 478 ara.
1348 429 1381 478 r.

275 617 295 662 a
312 603 435 663 tenore
452 615 517 663 suo
535 615 606 660 non
633 589 863 674 ‘inmutetun
881 603 1039 662 attamen
1062 587 1259 660 infirmiora
1276 588 1381 689 paria

275 706 409 778 sociata
434 705 663 806 'praestantur
679 705 734 776 his
760 729 842 800 quac
859 729 904 775 ex
930 701 1059 802 impari
1076 701 1237 792 veniunt,
1253 703 1379 800 ‘quod

206 901 210 908 .
230 846 262 892 ³4
276 823 343 892 sub
360 821 529 920 exemplo
547 821 660 918 magis
687 819 854 919 aperiam.
905 819 1009 892 Sicut
1026 819 1122 892 enim
1143 818 1294 890 minime
1310 845 1380 918 par

275 935 320 1008 ad
339 935 527 1010 nitendum
547 935 659 1007 virtus
676 947 731 1006 est
747 933 836 1007 asini
856 935 957 1007 mulo
974 933 1171 1030 conjuncti,
1184 959 1269 1006 cum
1287 933 1380 1006 alter

277 1051 441 1138 alterum,
464 1063 610 1149 propter
631 1049 914 1145 inaequalitatem
943 1062 1079 1122 naturae
1109 1074 1183 1120 non
1206 1045 1379 1148 hrospon-

276 1165 394 1238 dentis
423 1165 569 1250 viribus,
596 1165 685 1238 dum
713 1163 893 1263 jungitur,
919 1164 1085 1236 debilitat
1113 1163 1235 1264 potius
1264 1191 1374 1262 quam

270 1281 386 1376 juvat,
403 1279 454 1351 ita
472 1279 541 1350 hoc
559 1292 595 1351 et
614 1279 669 1351 his
688 1279 826 1365 litteris,
839 1305 919 1376 quae
936 1304 979 1352 ex
999 1279 1129 1379 impari
1148 1277 1379 1376 copulatione

277 1395 437 1484 veniunt,
456 1392 751 1492 ¹intellegendum
771 1408 836 1483 est,
854 1408 895 1467 ut
912 1392 1050 1492 jugatae
1076 1393 1259 1466 instabiles
1282 1419 1379 1465 sem-

277 1537 341 1610 per
363 1523 399 1582 et
425 1510 571 1583 lubricae
594 1510 679 1598 sint,
696 1507 782 1606 quia
805 1535 877 1581 non
904 1507 978 1607 pari
1004 1521 1066 1580 aut
1090 1508 1218 1603 aequali
1244 1507 1377 1580 virtute

232 1625 451 1700 renituntur.
479 1625 551 1698 Hos
568 1638 702 1712 tamen,
718 1638 761 1696 ut
777 1651 884 1723 supra
900 1623 1071 1712 diximus,
1088 1624 1156 1696 sub
1172 1649 1247 1696 uno
1264 1649 1380 1696 enun-

277 1741 367 1812 tiatu
395 1739 609 1834 conjunctae,
632 1763 865 1814 communem
893 1739 1081 1836 syllabam,
1106 1737 1227 1811 divisse
1253 1753 1376 1810 autem

278 1853 422 1952 longam
450 1851 617 1926 efficient.
668 1853 785 1927 Mutae
809 1879 894 1932 vero
915 1867 952 1924 et
975 1853 1204 1926 semivocales
1227 1853 1380 1927 utlibet

279 1967 450 2067 appositae
468 1984 641 2066 correptae
654 1969 766 2042 vocali
786 1995 929 2068 semper
945 1969 1091 2067 longam
1106 1968 1279 2067 syllabam
1298 1966 1380 2040 red-

277 2083 380 2156 dunt.

234 2213 266 2274 ³⁶
331 2197 427 2270 Illud
446 2198 567 2288 etiam,
582 2197 824 2272 ltadmonente
840 2199 1040 2288 occasione,
1053 2197 1294 2270 intimandum
1313 2210 1383 2286 est,

280 2313 415 2387 litteras
433 2313 605 2411 quasdam
624 2332 746 2386 contra
764 2313 940 2387 rationem
961 2328 1109 2402 caturca,
1127 2312 1230 2385 metri
1257 2337 1385 2385 neces-

281 2431 397 2518 sitate,
414 2453 512 2501 nunc
526 2428 687 2528 produci,
705 2443 758 2516 ut,

381 2541 630 2642 Italiomsato
643 2541 838 2644 prffagus.

282 2685 379 2732 nunc
397 2658 539 2758 corripi,
556 2673 609 2746 ut,

382 2773 539 2848 Favere
558 2771 753 2847 Leucaten.

283 2888 378 2961 Cum
395 2887 543 2984 quidam
570 2888 604 2960 in
626 2892 695 2962 hoc
720 2888 874 2987 primam
895 2889 993 2960 verbi
1022 2889 1237 2987 positionem
1264 2915 1336 2962 non
1364 2918 1388 2964 a

269 3001 406 3103 ferveo
424 3003 485 3075 sed
499 3002 640 3103 ajerrro
658 3017 808 3077 tractam
824 3003 1072 3095 ¹contendant‚
1088 3005 1290 3102 meritoque
1306 3031 1390 3078 cor-

239 3117 427 3214 arripiant.
476 3117 615 3190 Eadem
643 3120 749 3192 metri
776 3119 854 3216 lege
877 3119 987 3192 etiam
1008 3135 1246 3194 consonantes
1272 3121 1391 3220 gemi-

285 3245 427 3317 nantur,
447 3243 497 3320 ut,

484 3345 692 3443 Relliqnios
711 3347 900 3420 Danaum.

286 3461 347 3548 Et,
387 3557 547 3632 Rettulit
563 3559 943 3660 Argolicosnlgentio
958 3587 1066 3658 pomo
1084 3574 1252 3661 tyranno.

286 3671 347 3761 Et,

387 3771 605 3846 Redduncre
621 3783 722 3846 retro
740 3773 848 3872 longe
863 3775 1018 3872 mcapita
1036 3776 1153 3848 ardun
1171 3775 1216 3848 ab
1234 3775 1319 3848 ictu.

328 3955 342 3987 θ
356 3947 536 4022 immutetur]
553 3947 711 4006 inmutetur
725 3949 755 4006 P.
805 3945 1008 4026 fprmranrur]
1025 3963 1186 4028 prestantur
1200 3951 1230 4006 P.
1280 3957 1297 4004 t
1310 3951 1391 4026 quod

288 4025 340 4084 snb
354 4027 497 4104 exemplo]
513 4049 575 4104 quoe
590 4031 642 4087 sub
653 4029 781 4106 exemplo
796 4029 884 4106 magis
899 4031 930 4086 P.
1048 4028 1064 4072 h
1077 4029 1327 4108 respondentibus]
1345 4049 1392 4087 re-

289 4106 456 4182 spondentis
470 4107 501 4164 P.
582 4107 590 4153 i
606 4109 820 4188 intelligendum
835 4113 891 4186 est]
910 4107 1131 4188 intellegendum
1146 4122 1191 4168 cst
1206 4109 1236 4167 P.
1306 4106 1391 4166 kad-

290 4187 439 4260 monente]
451 4201 635 4246 ammonente
650 4191 679 4246 P.
767 4187 978 4263 lcontendant]
995 4190 1174 4249 contendunt
1188 4191 1218 4246 Ρ.
1305 4199 1393 4247 mco-

289 4265 362 4342 pitn]
377 4265 472 4342 lrapita
483 4269 512 4324 P.

331 4453 379 4510 33.
421 4437 603 4513 prestantur]
650 4438 816 4516 [aagendam
900 4457 948 4513 37.
965 4439 1117 4498 redduxere
1131 4441 1221 4514 retro]
1236 4438 1394 4496 Notandus

287 4525 402 4591 prmtot
430 4519 588 4592 (praetant)
615 4520 656 4576 ln'r
678 4537 738 4593 qarae
762 4530 817 4576 etc.
859 4517 938 4588 locus
957 4521 992 4576 V.
1009 4518 1160 4586 AEneidos,
1178 4519 1227 4577 ubi
1249 4517 1332 4596 vulgo
1351 4517 1395 4575 lo-

291 4595 441 4654 CAMER.
857 4601 942 4677 glun,
957 4601 1096 4658 uiduam
1109 4609 1193 4658 retro.
1208 4597 1361 4656 CAMER.
