3124 5120
317 425 364 486 84
703 406 823 480 Marii
842 405 1028 480 Victorini

469 592 636 666 Paratus
651 615 755 663 omne
775 587 931 662 Caesaris
942 587 1174 686 periculum,-

317 709 344 783 si
363 707 534 804 adjeceris
551 707 710 805 longam,
727 704 859 777 efficies
876 704 1114 792 trochaicum,
1131 716 1183 791 ut,

469 821 505 896 0
514 830 675 919 paratus
692 843 796 892 omne
816 816 972 892 Caesoris
984 820 1202 917 periculum.
1309 882 1312 892 .

317 937 455 1010 Rursus
473 935 657 1008 trochaico
674 934 703 1006 si
721 933 888 1007 detrahas
905 934 1060 1033 primam
1081 935 1268 1034 syllabam,
1286 933 1416 1006 iambi-

316 1079 399 1126 cum
419 1051 563 1136 efficies,
580 1051 679 1123 velut
696 1065 762 1139 est,

470 1163 578 1239 celer
594 1163 780 1262 ‘phaselus
795 1164 860 1238 ille
875 1189 979 1265 quem
996 1164 1137 1238 uidetis.

288 1281 392 1368 aaut
421 1306 504 1355 cum
536 1293 556 1344 ⁸
566 1280 753 1380 dactylicis
782 1279 996 1381 anupaestica
1029 1279 1221 1363 sociantur,
1251 1277 1415 1350 similiter

317 1398 479 1486 ἐπιπλοκὴν
495 1397 633 1484 iussistis
649 1397 839 1494 τετρᾶσημον
854 1395 1001 1483 faciunt,
1019 1407 1071 1483 ut,

465 1511 585 1586 Arma
602 1511 792 1610 virumque
808 1535 907 1584 carro.

287 1625 419 1706 ⁶Huic
436 1631 463 1698 si
483 1626 695 1700 accesserint
713 1627 793 1699 duae
811 1627 946 1714 breves,
963 1625 1027 1696 fiet
1045 1621 1292 1721 anapaesticus,
1309 1633 1361 1708 ut,

465 1740 570 1812 Ades
586 1765 692 1813 armo
708 1741 897 1839 virumque
914 1763 1015 1812 cano.

290 1891 304 1942 7
319 1853 457 1926 Rursus
473 1853 612 1949 adjecta
630 1854 737 1952 longa
754 1857 817 1928 fiet
834 1853 1074 1952 ”dactylicus
1091 1867 1143 1940 ut,

465 1965 546 2040 Pro
565 1969 651 2041 ades
668 1994 772 2042 arma
789 1969 974 2067 trinamque
992 1992 1089 2042 cano.

317 2083 445 2164 ‘Quod
465 2082 611 2180 adaeque
628 2100 669 2156 ut
687 2111 793 2183 supra
816 2112 879 2184 per
895 2084 984 2157 duas
1008 2083 1144 2182 species
1162 2081 1335 2156 variatum
1359 2096 1415 2154 est

316 2195 515 2296 ¹¹dactylici
540 2211 578 2270 et
604 2199 822 2298 anapaestici
848 2214 886 2272 et
913 2199 994 2271 ideo
1019 2198 1152 2285 δυαδικὴ,
1172 2196 1207 2269 id
1234 2211 1300 2286 est,
1325 2196 1415 2269 dua-

288 2336 399 2386 srum
416 2313 610 2412 amplexio.
661 2315 889 2388 Tetrasemos
910 2327 1032 2387 autem
1054 2326 1201 2411 propter
1225 2310 1416 2408 ¹quattuor

316 2439 493 2528 tempore,
518 2428 650 2525 quibus
679 2442 832 2526 uterque
865 2455 929 2527 pes
962 2427 1178 2513 extenditur,
1204 2426 1414 2526 appellatur,

288 2543 380 2641 oqui
399 2544 436 2615 in
454 2542 747 2642 conjugationem
765 2543 922 2642 copulati
940 2541 1111 2616 octasemi
1129 2545 1233 2614 fiunt.
1279 2541 1414 2614 Obser-

316 2658 417 2730 vabis
446 2677 567 2732 autem
603 2659 640 2731 in
669 2659 737 2732 hac
765 2659 884 2756 specie
912 2685 1053 2758 semper
1082 2658 1170 2732 duas
1198 2659 1325 2730 breves
1351 2671 1415 2728 aut

317 2785 342 2819 ²¹¹
354 2772 506 2870 adjicere
523 2788 584 2847 aut
601 2773 788 2846 detrahere
813 2773 957 2870 longam
980 2799 1101 2858 uuam,
1118 2785 1135 2820 ¹¹
1146 2773 1230 2870 quie
1248 2785 1302 2844 est
1320 2785 1415 2845 uter-

275 2926 305 2960 ιο
316 2913 388 2985 que
418 2913 481 2986 pes
516 2887 730 2986 trisyllabos.
797 2888 921 2960 Tertia
948 2889 1095 2974 ἐπιπλοκὴ
1128 2901 1182 2958 est
1217 2886 1252 2958 in
1287 2885 1413 2957 ionicis

316 3001 458 3074 duobus
493 3014 530 3073 et
564 3003 800 3076 0eh0riansbo
838 3017 875 3075 et
905 3001 1113 3101 antispasto,
1139 3027 1220 3098 quse
1253 3000 1414 3098 τετμδικὴ

316 3117 559 3190 rhexasemos
586 3117 727 3204 dicitur,
753 3116 789 3189 id
816 3130 881 3206 est,
907 3117 1089 3215 amplexio
1111 3115 1257 3214 quadra,
1283 3127 1415 3211 squat-

274 3265 302 3301 ιι
316 3241 398 3301 tuor
421 3231 517 3303 enim
545 3230 653 3329 pedes
673 3232 739 3304 sibi
759 3245 888 3305 mutuo
908 3245 1206 3306 'connectuntur
1255 3229 1415 3328 Tempo-

314 3342 413 3416 ribus
439 3359 559 3416 autem
586 3370 650 3417 sex
675 3356 884 3420 ‘constanti
912 3373 996 3419 nam
1023 3372 1107 3420 curn
1134 3346 1182 3418 sit
1207 3345 1266 3418 hic
1291 3369 1413 3436 versus

316 3458 425 3532 ionici
444 3459 604 3548 minoris,

415 3569 609 3672 Deaseoit
626 3574 695 3647 dea
712 3575 799 3648 belli
815 3575 1036 3649 dominatrix
1051 3573 1239 3674 Phrygas.

356 3796 529 3874 ¹Phaselus]
546 3799 736 3859 PhasellusP.
819 3803 1013 3892 sdactylioes]
1030 3802 1212 3862 dactilicisP.
1282 3799 1414 3878 hdsety-

315 3878 398 3954 licus]
415 3878 582 3958 dactylicum
598 3881 630 3937 P
645 3880 689 3938 ed.
702 3883 782 3938 Cam.
835 3879 957 3958 ¹Quod]
974 3882 1030 3944 Qui
1046 3884 1077 3940 P
1126 3881 1143 3924 ¹¹
1158 3881 1307 3959 daotvlrce]
1324 3881 1414 3940 dacti-

315 3957 362 4016 lici
376 3959 407 4017 P
465 3958 474 4002 ¹
488 3962 623 4038 quatuor]
640 3962 818 4036 quattuorP.
881 3963 1036 4040 ”adijere]
1053 3960 1162 4020 adicere
1177 3963 1208 4020 P
1290 3961 1412 4037 ¹²quod]

315 4041 427 4177 §.¹5:1¹5
478 4039 1414 4197 «ι(1111111110111111111οω1111111111

315 4199 487 4273 ⁸constant]
504 4200 665 4258 constatP.

358 4349 842 4426 11.Daasrrrtdeol›ellaclomina·
884 4354 988 4413 sectam
1009 4353 1170 4422 continens,
1188 4375 1250 4432 quae
1270 4354 1414 4432 usquein

314 4431 370 4486 trio
385 4430 527 4507 Phrygas]
553 4431 742 4492 Catelecticus
757 4444 842 4492 tetra·
884 4434 944 4491 aliis
964 4434 1100 4512 exemplis
1120 4435 1248 4494 adductis
1269 4437 1415 4512 requiren-

313 4523 412 4576 meter,
443 4511 550 4570 nullam
580 4512 752 4570 seutentiam
778 4531 843 4590 per·
884 4515 929 4580 da,
945 4533 1009 4572 cum
1025 4513 1061 4572 de
1074 4516 1220 4575 autoribus
1235 4527 1346 4574 mutum
1369 4535 1415 4574 as·
