3076 5140
129 389 202 440 cae.
213 383 249 442 4.
295 368 360 440 De
375 393 524 442 nurnero
540 365 834 442 Horarumrum
851 394 1033 444 vacuum.
1146 383 1215 460 2³7

129 551 301 650 reperitur.
329 543 426 626 Item
442 551 638 626 dimetrum
657 551 815 652 epodum
836 553 980 626 heroico
996 553 1113 626 versui
1132 555 1218 626 sub-

123 683 209 762 nort,
225 694 286 758 uc,

218 783 349 858 Mollia
363 782 500 856 inertia
518 807 585 856 ear
601 791 743 856 tantam
760 781 954 884 diffiderit
969 785 1052 858 imis

221 900 445 974 Obliuionem
460 899 635 972 smrribtra.

128 1015 301 1105 Similiter,
1233 1037 1261 1088 7²

218 1132 305 1204 Nos·
321 1140 403 1203 crat
419 1140 455 1203 et
472 1129 556 1202 celo
561 1125 742 1230 fulgebat
760 1127 848 1202 luno
864 1155 990 1203 aerario

219 1248 324 1320 Inter
339 1247 484 1320 nrinorc
499 1245 632 1320 odera.

130 1361 206 1442 Quo
220 1362 389 1461 exemplo
405 1361 474 1450 bis,
490 1387 556 1435 noc
582 1361 750 1461 amplius,
773 1361 811 1432 in
834 1360 975 1455 epodon
1002 1359 1095 1432 libro
1111 1375 1218 1459 poeta
1253 1433 1256 1440 ,

131 1501 206 1550 usus
221 1493 284 1550 est
336 1477 381 1550 ln
399 1476 529 1548 ultima
545 1477 628 1562 ode,
645 1501 726 1573 qnae
743 1491 808 1560 est,

216 1593 305 1666 Jum
314 1591 398 1692 jam
416 1588 557 1692 efficaci
573 1592 618 1666 do
635 1614 764 1664 munus
777 1591 949 1680 scientio,

130 1705 287 1782 trimetris
304 1707 475 1780 omnibus
492 1707 570 1780 siue
586 1705 704 1805 epodo
722 1733 807 1780 usus
824 1719 891 1778 est.

171 1823 217 1895 Et
235 1824 408 1896 hactenus
426 1821 543 1920 epodi.
592 1823 630 1895 Si
648 1847 721 1919 qua
737 1847 820 1893 vero
837 1833 923 1894 suut
940 1820 1010 1892 alia
1026 1819 1217 1919 dequibus
1234 1851 1263 1902 73

132 1960 193 2008 non
216 1937 389 2024 diximus,
412 1965 459 2012 ex
486 1937 554 2026 his,
573 1937 667 2012 sicut
692 1963 798 2036 supra
826 1936 1115 2026 memoravimus,
1140 1963 1218 2008 nas-

130 2067 260 2143 cuntur,
278 2067 341 2125 sut
360 2052 529 2126 detractis
555 2067 618 2125 aut
642 2051 790 2146 adjectis
813 2051 961 2124 cuilibet
978 2066 1094 2125 metro
1111 2053 1218 2152 sylla-

132 2165 188 2252 bis,
209 2193 328 2264 neque
355 2168 448 2240 ullus
474 2167 546 2240 lere
572 2181 758 2266 poetarum
782 2163 919 2264 estqui
947 2167 1003 2240 vel
1029 2168 1140 2266 lyrica
1162 2169 1217 2240 vel

130 2279 321 2356 fabularum
340 2281 468 2356 choros
494 2283 685 2382 scripserit,
703 2283 765 2380 qui
784 2310 857 2356 non
876 2283 943 2355 sibi
965 2283 1111 2382 aliquod
1138 2311 1219 2382 pro-

130 2396 235 2492 prium
265 2423 379 2495 genus
404 2399 452 2469 ob
477 2397 829 2472 commendationem
856 2427 898 2472 ac
921 2397 1132 2472 memoriam
1164 2399 1216 2470 sui

132 2516 275 2588 nominis
304 2517 460 2589 finxerit.
512 2517 661 2589 Aemate
689 2543 732 2588 eo
756 2527 853 2614 'quo
881 2515 1047 2589 scribitur
1072 2541 1217 2588 cannen
1236 2541 1265 2593 7⁴

131 2633 287 2719 seculare,
304 2631 408 2727 cujus
426 2631 583 2716 initium,

218 2747 364 2834 Pliade,
377 2745 627 2845 silvarumque
639 2755 769 2843 potens
787 2747 928 2830 Iliona,

221 2863 403 2936 Lucidum
422 2862 501 2935 culi
517 2862 636 2944 demis,
653 2888 674 2934 o
693 2860 833 2934 colendi

218 2977 371 3076 Semper
388 2987 425 3050 et
442 2977 543 3066 culli,
561 2977 648 3050 date
663 3003 739 3074 quo
752 3001 951 3073 precamur

321 3094 498 3190 Tempore
513 3119 630 3179 sucro,

130 3206 459 3307 hendecasyllabum
479 3223 534 3282 est
551 3207 788 3306 sapphicum,
805 3205 919 3280 tribus
945 3205 1127 3277 continuis
1145 3229 1221 3276 ver-

129 3321 229 3411 sibus,
253 3322 371 3422 epodo
395 3337 524 3420 quarto
553 3325 656 3422 epico
682 3322 850 3412 dimoero,
874 3323 919 3395 de
948 3322 1079 3419 quibus
1105 3321 1141 3395 in
1169 3349 1222 3396 se-

129 3437 237 3510 cunda
253 3439 322 3510 ode
340 3437 418 3511 libri
435 3439 542 3538 primi
561 3439 777 3526 carminum,
794 3439 896 3535 cujus
914 3439 1072 3528 initium,

217 3551 307 3626 Jam
323 3555 417 3628 sotis
433 3555 544 3628 terris
561 3556 655 3628 nivis
672 3563 783 3653 utque
799 3554 897 3642 dim,

128 3668 205 3740 satis
222 3663 360 3746 dictum
378 3685 443 3748 est.

136 3915 231 3998 Cas.
251 3919 325 3999 IV.
363 3923 428 4004 De
448 3949 615 4004 numero
633 3922 988 4004 wHorutr'unorum
1009 3947 1209 4003 versuum.

172 4077 306 4150 Omnia
321 4091 442 4152 autem
462 4078 558 4177 apud
584 4078 780 4153 Horatium
797 4094 871 4153 tam
891 4077 1092 4154 carminum
1111 4105 1219 4178 quum

127 4190 230 4290 ἐπῳδῶν
258 4205 372 4267 metra
401 4208 507 4268 erunt
540 4207 714 4268 ¹numero
745 4193 980 4294 undeviginti,
1009 4192 1070 4280 sic,
1099 4193 1222 4268 Ascle-

162 4434 261 4508 'quo]
279 4432 356 4509 quod
370 4433 402 4491 Ρ.
483 4443 507 4476 V
521 4433 745 4493 Horatianorum
760 4433 905 4508 versuum]
924 4451 1021 4490 eorum
1036 4433 1068 4490 P.
1139 4439 1155 4474 ¹
1170 4449 1222 4488 un·

128 4510 258 4590 deviginti
273 4515 406 4588 numero]
425 4532 544 4572 numero
559 4513 732 4594 undeviginti
748 4515 779 4570 P.
