3012 5084
137 311 220 364 csP.
233 303 275 364 8.
297 291 368 364 De
381 291 564 368 Mensura
577 293 777 394 langorum
791 310 826 372 et
840 299 938 374 brev.
951 299 1192 398 aylluburum.
1218 317 1267 392 ⁴9

134 473 336 571 Siquidem
366 478 453 550 artis
479 479 630 575 poeticae
658 479 694 552 in
711 507 755 554 eo
772 481 846 556 vim
871 483 1123 582 rationemque
1148 485 1311 560 subet-a

133 603 229 661 sterc
257 590 502 664 manifestum
531 593 583 682 fit,
603 607 643 665 ut
669 597 776 668 rerba
801 621 864 668 seu
890 599 1039 672 nomina
1066 611 1183 672 metro
1210 625 1264 674 re-

6 702 9 733 ¹
132 706 360 802 pugnantia,
383 705 440 776 rel
468 706 650 805 corripiat,
675 709 731 780 vel
757 725 873 800 acuat,
901 711 1082 788 Interdum
1108 715 1264 799 minuat,

3 926 4 931 ,
130 833 184 906 nt,

236 919 449 1016 Appment
466 919 548 992 ruri
565 931 721 995 ”nantes
742 921 799 1024 [in
813 925 968 1024 gurgite
983 925 1114 1028 uasto]

132 1049 211 1122 Aut
229 1050 332 1121 forte
350 1048 502 1140 dividat,
520 1063 573 1140 ut,

238 1163 397 1260 Septem
413 1165 579 1263 subjecto
596 1167 717 1240 moni.

134 1277 252 1350 Unde
271 1279 416 1376 species
435 1279 754 1358 innumerabilium
773 1285 971 1383 figurarum
993 1299 1143 1385 reperta
1168 1305 1263 1364 sunt.
1338 1371 1341 1377 ,

132 1391 184 1464 Et
200 1393 330 1466 Graeci
345 1395 510 1467 maxime
527 1396 775 1472 schematibus
794 1401 850 1474 his
864 1415 1030 1491 utuntur,
1040 1403 1175 1500 quibus
1189 1431 1263 1480 ma-

125 1505 188 1600 jor
206 1535 253 1582 ac
273 1508 476 1606 speciosior
493 1511 640 1586 licentia
657 1526 712 1586 est
728 1515 984 1615 corrumpendi
1004 1517 1192 1592 sermonis.

151 1765 273 1848 Car.
294 1769 423 1851 VIII.
452 1774 519 1855 De
538 1776 745 1858 Mensura
765 1779 982 1886 longorum
1001 1795 1041 1861 et
1059 1783 1241 1864 murium

573 1905 837 2010 syllabarum.

186 2073 299 2145 Inter
327 2070 503 2144 Metricos
530 2086 568 2146 et
596 2075 759 2150 Musicos
785 2090 933 2176 propter
960 2078 1098 2177 ⁰spatia
1121 2093 1265 2178 tempo-

134 2215 220 2259 rum
251 2214 338 2284 quae
364 2187 512 2286 syllabis
538 2189 919 2287 Peonprehenduntur‚
950 2217 1022 2264 non
1054 2219 1162 2292 parva
1191 2193 1264 2268 dis·

137 2305 266 2376 sensio
283 2317 352 2374 est.
404 2303 501 2376 Nam
522 2303 659 2376 Musici
679 2330 750 2376 non
781 2317 932 2378 ‘lomnes
957 2307 1050 2378 inter
1076 2333 1114 2380 se
1137 2307 1293 2406 longam

139 2434 205 2490 aut
229 2419 379 2490 'breves
404 2417 479 2516 pari
501 2443 669 2491 mensura
686 2418 894 2508 consistere,
914 2419 1093 2516 siquidem
1111 2433 1148 2494 et
1166 2421 1263 2495 brevi

141 2533 362 2622 breviorem,
382 2545 420 2604 et
446 2531 557 2631 longa
582 2533 782 2630 longiorem
807 2533 932 2606 dicant
955 2560 1062 2632 posse
1087 2535 1264 2633 syllabam

143 2648 243 2720 fieri:
267 2643 417 2719 Metriei
437 2661 572 2734 autem,
588 2659 697 2745 prout
711 2647 890 2745 cujusque
909 2647 1057 2744 syllaba
1075 2646 1265 2744 longitudo

143 2788 186 2834 ac
211 2761 372 2834 brevitas
396 2761 516 2852 fuerit,
534 2762 584 2833 ita
602 2777 809 2859 temporum
838 2763 955 2860 spatia
971 2761 1127 2848 definiri,
1146 2787 1265 2858 neque

145 2877 241 2950 brevi
269 2876 486 2964 breviorem,
504 2889 568 2948 aut
585 2876 693 2974 longa
711 2876 927 2974 longiorem,
944 2901 1055 2973 quam
1081 2889 1208 2948 natura
1227 2877 1262 2948 in

145 2993 369 3088 syllabarum
388 2991 637 3062 enuntiatione
663 2990 828 3088 protulit,
845 3017 951 3088 posse
976 2990 1136 3087 aliquam
1165 3014 1266 3087 repe-

145 3107 214 3178 riri.
266 3105 328 3178 Ad
357 3106 448 3188 haec‚
468 3103 618 3192 Musici,
645 3105 725 3200 'qui
753 3119 961 3204 temporum
990 3104 1138 3178 arbitrio
1156 3103 1292 3202 sylla-s

146 3221 206 3294 bas
223 3220 466 3294 committunt
489 3219 526 3290 in
546 3218 765 3316 rhythmicis
788 3217 1100 3292 modulationibus
1125 3231 1188 3290 aut
1211 3217 1264 3316 ly-

144 3335 224 3409 ricis
242 3334 491 3422 cantionibus,
510 3358 574 3430 per
591 3330 783 3404 circuitum
812 3333 956 3430 longius
981 3335 1157 3406 textentae
1181 3357 1265 3430 pro·

145 3450 387 3535 nuntiationis
420 3462 495 3522 tam
527 3447 645 3544 longis
674 3446 867 3543 longiores,
901 3473 1012 3544 quam
1044 3473 1165 3520 rursus
1200 3471 1266 3544 per

146 3568 412 3666 correptionem
436 3563 614 3637 breviores
641 3562 823 3647 brevibus,
845 3563 1046 3659 proferunt.
1095 3562 1292 3638 Afferunt4

146 3683 252 3754 etiam
272 3680 457 3777 exempla,
470 3705 553 3775 quae
570 3677 607 3750 in
622 3677 782 3750 metricis
800 3675 955 3775 pedibus
973 3701 1096 3750 secum
1117 3677 1264 3766 laniant,

146 3809 345 3868 asserentes
372 3793 578 3867 accessione
603 3790 882 3864 consonantium
908 3803 1094 3862 momenta
1121 3803 1261 3888 tempo-

145 3937 222 3982 rum
242 3933 428 3983 erescere:
458 3921 668 4002 'tamquam
689 3903 945 3978 Ttnsandrns
961 3917 1104 3976 constat
1121 3902 1262 3976 duabus

182 4088 199 4119 ¹¹
212 4087 319 4134 nantes
334 4073 363 4131 in
379 4072 491 4152 gurgite
505 4069 598 4152 vasto]
617 4083 718 4130 nautes
732 4073 765 4129 P.
828 4081 844 4114 ⁰
858 4071 967 4147 spacia]
986 4067 1078 4146 spatia
1088 4067 1120 4126 P.
1135 4079 1166 4124 et
1179 4064 1261 4125 intra.

143 4155 471 4233 reomprebenduntur]
495 4153 768 4228 conprehendantur
782 4151 815 4208 P.
939 4159 955 4204 ‘t
976 4148 1091 4222 omnes]
1114 4145 1209 4204 omnis
1229 4147 1261 4204 P.

142 4237 289 4310 rboeves]
319 4233 415 4292 brevis
438 4236 472 4292 P.
596 4234 677 4308 ¹qui
699 4231 876 4306 temporum]
900 4227 1090 4285 obelus—in
1115 4245 1206 4304 marg.
1228 4226 1261 4284 P.

141 4315 304 4388 testante]
321 4325 437 4372 extenta
453 4313 485 4370 P.
600 4323 616 4354 v
631 4325 768 4388 tanquam
780 4308 991 4383 Thersandrus]
1011 4320 1156 4384 tamquam
1169 4305 1262 4364 Thes·

141 4397 262 4456 sandrus
277 4396 313 4454 P.

691 4508 717 4554 II
