<?xml version="1.0" encoding="UTF-8"?>
<!DOCTYPE html PUBLIC "-//W3C//DTD XHTML 1.0 Transitional//EN"
    "http://www.w3.org/TR/xhtml1/DTD/xhtml1-transitional.dtd">
<html xmlns="http://www.w3.org/1999/xhtml" xml:lang="en" lang="en">
 <head>
  <title>
</title>
<meta http-equiv="Content-Type" content="text/html;charset=utf-8" />
  <meta name='ocr-system' content='tesseract 3.04.00' />
  <meta name='ocr-capabilities' content='ocr_page ocr_carea ocr_par ocr_line ocrx_word'/>
</head>
<body>
  <div class='ocr_page' id='page_1' title='image "./scriptoreslatin00gaisgoog_0365.png"; bbox 0 0 3100 5142; ppageno 0'>
   <div class='ocr_carea' id='block_1_1' title="bbox 127 410 1241 512">
    <p class='ocr_par' dir='ltr' id='par_1_1' title="bbox 127 410 1241 512">
     <span class='ocr_line' id='line_1_1' title="bbox 127 410 1241 512; baseline 0.002 -26"><span class='ocrx_word' id='word_1_1' title='bbox 127 437 222 486; x_wconf 77' lang='lat' dir='ltr'><strong>cnr.</strong></span> <span class='ocrx_word' id='word_1_2' title='bbox 238 423 370 504; x_wconf 83' lang='lat'>17-19.</span> <span class='ocrx_word' id='word_1_3' title='bbox 389 411 455 484; x_wconf 88' lang='lat' dir='ltr'><strong>De</strong></span> <span class='ocrx_word' id='word_1_4' title='bbox 466 410 1011 510; x_wconf 73' lang='lat' dir='ltr'><strong>procel—paonico-pentum</strong></span> <span class='ocrx_word' id='word_1_5' title='bbox 1030 413 1129 512; x_wconf 85' lang='lat' dir='ltr'><strong>epod.</strong></span> <span class='ocrx_word' id='word_1_6' title='bbox 1167 427 1241 506; x_wconf 80' lang='grc'><strong>347</strong></span> 
     </span>
    </p>
   </div>
   <div class='ocr_carea' id='block_1_2' title="bbox 130 595 1271 1260">
    <p class='ocr_par' dir='ltr' id='par_1_2' title="bbox 130 595 1271 1260">
     <span class='ocr_line' id='line_1_2' title="bbox 130 595 1271 694; baseline 0.003 -22"><span class='ocrx_word' id='word_1_7' title='bbox 130 599 227 672; x_wconf 90' lang='lat' dir='ltr'><strong>Hoc</strong></span> <span class='ocrx_word' id='word_1_8' title='bbox 244 611 401 669; x_wconf 86' lang='lat' dir='ltr'><strong>metrum</strong></span> <span class='ocrx_word' id='word_1_9' title='bbox 421 599 451 667; x_wconf 88' lang='lat' dir='ltr'><strong>si</strong></span> <span class='ocrx_word' id='word_1_10' title='bbox 469 595 676 694; x_wconf 82' lang='lat' dir='ltr'><strong>geminetur</strong></span> <span class='ocrx_word' id='word_1_11' title='bbox 691 596 778 670; x_wconf 86' lang='lat' dir='ltr'><strong>facit</strong></span> <span class='ocrx_word' id='word_1_12' title='bbox 804 610 1052 672; x_wconf 86' lang='lat' dir='ltr'><strong>tetrametrum</strong></span> <span class='ocrx_word' id='word_1_13' title='bbox 1080 599 1271 683; x_wconf 80' lang='lat' dir='ltr'><strong>ionicum4</strong></span> 
     </span>
     <span class='ocr_line' id='line_1_3' title="bbox 130 711 1240 815; baseline 0.001 -28"><span class='ocrx_word' id='word_1_14' title='bbox 130 743 156 787; x_wconf 83' lang='lat' dir='ltr'><strong>a</strong></span> <span class='ocrx_word' id='word_1_15' title='bbox 175 715 316 786; x_wconf 88' lang='lat' dir='ltr'><strong>minore</strong></span> <span class='ocrx_word' id='word_1_16' title='bbox 344 711 633 800; x_wconf 72' lang='lat' dir='ltr'><strong>‘anaclomenom</strong></span> <span class='ocrx_word' id='word_1_17' title='bbox 658 711 756 809; x_wconf 91' lang='lat' dir='ltr'><strong>quod</strong></span> <span class='ocrx_word' id='word_1_18' title='bbox 780 726 993 786; x_wconf 86' lang='lat' dir='ltr'><strong>eteromeres</strong></span> <span class='ocrx_word' id='word_1_19' title='bbox 1017 715 1240 815; x_wconf 88' lang='lat' dir='ltr'><strong>Sapphieum</strong></span> 
     </span>
     <span class='ocr_line' id='line_1_4' title="bbox 130 825 580 928; baseline -0.009 -26"><span class='ocrx_word' id='word_1_20' title='bbox 130 829 351 928; x_wconf 85' lang='lat' dir='ltr'><strong>appellatur,</strong></span> <span class='ocrx_word' id='word_1_21' title='bbox 370 826 440 899; x_wconf 91' lang='lat' dir='ltr'><strong>hoc</strong></span> <span class='ocrx_word' id='word_1_22' title='bbox 460 825 580 912; x_wconf 92' lang='lat' dir='ltr'><strong>modo,</strong></span> 
     </span>
     <span class='ocr_line' id='line_1_5' title="bbox 268 943 1019 1034; baseline 0.003 -26"><span class='ocrx_word' id='word_1_23' title='bbox 268 945 387 1008; x_wconf 66' lang='lat' dir='ltr'><strong>mma</strong></span> <span class='ocrx_word' id='word_1_24' title='bbox 395 952 513 1030; x_wconf 81' lang='lat' dir='ltr'><strong>patens</strong></span> <span class='ocrx_word' id='word_1_25' title='bbox 526 943 669 1007; x_wconf 76' lang='lat' dir='ltr'><strong>labellum</strong></span> <span class='ocrx_word' id='word_1_26' title='bbox 686 945 912 1034; x_wconf 76' lang='lat' dir='ltr'><strong>difidojagare</strong></span> <span class='ocrx_word' id='word_1_27' title='bbox 924 949 1019 1012; x_wconf 81' lang='lat' dir='ltr'><strong>rictu.</strong></span> 
     </span>
     <span class='ocr_line' id='line_1_6' title="bbox 132 1057 1226 1156; baseline 0 -25"><span class='ocrx_word' id='word_1_28' title='bbox 132 1057 268 1131; x_wconf 85' lang='lat' dir='ltr'><strong>Simile</strong></span> <span class='ocrx_word' id='word_1_29' title='bbox 285 1067 533 1130; x_wconf 87' lang='lat' dir='ltr'><strong>tetrametrum</strong></span> <span class='ocrx_word' id='word_1_30' title='bbox 553 1079 720 1128; x_wconf 88' lang='lat' dir='ltr'><strong>mensura</strong></span> <span class='ocrx_word' id='word_1_31' title='bbox 738 1083 811 1128; x_wconf 91' lang='lat' dir='ltr'><strong>non</strong></span> <span class='ocrx_word' id='word_1_32' title='bbox 829 1057 1155 1156; x_wconf 86' lang='lat' dir='ltr'><strong>conjugationibus,</strong></span> <span class='ocrx_word' id='word_1_33' title='bbox 1175 1072 1226 1148; x_wconf 89' lang='lat' dir='ltr'><strong>ut,</strong></span> 
     </span>
     <span class='ocr_line' id='line_1_7' title="bbox 269 1169 1050 1260; baseline 0 -24"><span class='ocrx_word' id='word_1_34' title='bbox 269 1171 359 1236; x_wconf 79' lang='lat' dir='ltr'><strong>liudi</strong></span> <span class='ocrx_word' id='word_1_35' title='bbox 372 1169 519 1234; x_wconf 73' lang='lat' dir='ltr'><strong>Palladis</strong></span> <span class='ocrx_word' id='word_1_36' title='bbox 532 1169 647 1232; x_wconf 75' lang='lat' dir='ltr'><strong>umbm</strong></span> <span class='ocrx_word' id='word_1_37' title='bbox 660 1179 753 1233; x_wconf 76' lang='lat' dir='ltr'><strong>amant</strong></span> <span class='ocrx_word' id='word_1_38' title='bbox 766 1173 908 1234; x_wconf 73' lang='lat' dir='ltr'><strong>ostiam</strong></span> <span class='ocrx_word' id='word_1_39' title='bbox 921 1173 1050 1260; x_wconf 74' lang='lat' dir='ltr'><strong>loqroela.</strong></span> 
     </span>
    </p>
   </div>
   <div class='ocr_carea' id='block_1_3' title="bbox 133 1278 1243 1496">
    <p class='ocr_par' dir='ltr' id='par_1_3' title="bbox 133 1278 1243 1496">
     <span class='ocr_line' id='line_1_8' title="bbox 136 1278 1243 1381; baseline 0.003 -27"><span class='ocrx_word' id='word_1_40' title='bbox 136 1281 222 1354; x_wconf 85' lang='lat' dir='ltr'><strong>Has</strong></span> <span class='ocrx_word' id='word_1_41' title='bbox 240 1295 311 1353; x_wconf 87' lang='lat' dir='ltr'><strong>tres</strong></span> <span class='ocrx_word' id='word_1_42' title='bbox 328 1281 465 1379; x_wconf 83' lang='lat' dir='ltr'><strong>species</strong></span> <span class='ocrx_word' id='word_1_43' title='bbox 483 1279 564 1352; x_wconf 90' lang='lat' dir='ltr'><strong>ideo</strong></span> <span class='ocrx_word' id='word_1_44' title='bbox 574 1278 695 1374; x_wconf 88' lang='lat' dir='ltr'><strong>junxi,</strong></span> <span class='ocrx_word' id='word_1_45' title='bbox 712 1280 883 1378; x_wconf 90' lang='lat' dir='ltr'><strong>quoniam</strong></span> <span class='ocrx_word' id='word_1_46' title='bbox 911 1309 1014 1381; x_wconf 83' lang='lat' dir='ltr'><strong>paene</strong></span> <span class='ocrx_word' id='word_1_47' title='bbox 1034 1283 1131 1356; x_wconf 92' lang='lat' dir='ltr'><strong>idem</strong></span> <span class='ocrx_word' id='word_1_48' title='bbox 1159 1299 1243 1357; x_wconf 89' lang='lat' dir='ltr'><strong>sunt</strong></span> 
     </span>
     <span class='ocr_line' id='line_1_9' title="bbox 133 1397 750 1496; baseline -0.006 -25"><span class='ocrx_word' id='word_1_49' title='bbox 133 1397 259 1496; x_wconf 82' lang='lat' dir='ltr'><strong>&#39;quod</strong></span> <span class='ocrx_word' id='word_1_50' title='bbox 277 1398 416 1470; x_wconf 88' lang='lat' dir='ltr'><strong>ionicus</strong></span> <span class='ocrx_word' id='word_1_51' title='bbox 433 1397 485 1468; x_wconf 69' lang='grc' dir='ltr'><strong>ἆτ’</strong></span> <span class='ocrx_word' id='word_1_52' title='bbox 504 1397 669 1476; x_wconf 77' lang='grc' dir='ltr'>ἐλάσσονος</span> <span class='ocrx_word' id='word_1_53' title='bbox 685 1408 750 1469; x_wconf 83' lang='lat' dir='ltr'><strong>est.</strong></span> 
     </span>
    </p>
   </div>
   <div class='ocr_carea' id='block_1_4' title="bbox 326 1609 1061 1723">
    <p class='ocr_par' dir='ltr' id='par_1_4' title="bbox 326 1609 1061 1723">
     <span class='ocr_line' id='line_1_10' title="bbox 326 1609 1061 1723; baseline 0.003 -31"><span class='ocrx_word' id='word_1_54' title='bbox 326 1609 428 1692; x_wconf 75' lang='lat' dir='ltr'><strong>Car.</strong></span> <span class='ocrx_word' id='word_1_55' title='bbox 450 1611 590 1694; x_wconf 93' lang='lat' dir='ltr'>XVII.</span> <span class='ocrx_word' id='word_1_56' title='bbox 619 1615 685 1695; x_wconf 90' lang='lat' dir='ltr'><strong>De</strong></span> <span class='ocrx_word' id='word_1_57' title='bbox 695 1615 1061 1723; x_wconf 78' lang='lat' dir='ltr'><strong>proceleusmatico.</strong></span> 
     </span>
    </p>
   </div>
   <div class='ocr_carea' id='block_1_5' title="bbox 191 1761 1241 1861">
    <p class='ocr_par' dir='ltr' id='par_1_5' title="bbox 191 1761 1241 1861">
     <span class='ocr_line' id='line_1_11' title="bbox 191 1761 1241 1861; baseline 0.002 -27"><span class='ocrx_word' id='word_1_58' title='bbox 191 1762 350 1844; x_wconf 87' lang='lat' dir='ltr'><strong>Quidam</strong></span> <span class='ocrx_word' id='word_1_59' title='bbox 382 1761 555 1858; x_wconf 89' lang='lat' dir='ltr'><strong>adjiciunt</strong></span> <span class='ocrx_word' id='word_1_60' title='bbox 590 1761 647 1834; x_wconf 90' lang='lat' dir='ltr'><strong>his</strong></span> <span class='ocrx_word' id='word_1_61' title='bbox 676 1774 760 1835; x_wconf 90' lang='lat' dir='ltr'><strong>octo</strong></span> <span class='ocrx_word' id='word_1_62' title='bbox 786 1763 1160 1861; x_wconf 79' lang='lat' dir='ltr'><strong>proceleusmaticum,</strong></span> <span class='ocrx_word' id='word_1_63' title='bbox 1183 1765 1241 1837; x_wconf 91' lang='lat' dir='ltr'><strong>cui</strong></span> 
     </span>
    </p>
   </div>
   <div class='ocr_carea' id='block_1_6' title="bbox 137 1878 1238 1978">
    <p class='ocr_par' dir='ltr' id='par_1_6' title="bbox 137 1878 1238 1978">
     <span class='ocr_line' id='line_1_12' title="bbox 137 1878 1238 1978; baseline 0.005 -28"><span class='ocrx_word' id='word_1_64' title='bbox 137 1905 208 1951; x_wconf 84' lang='lat' dir='ltr'><strong>nec</strong></span> <span class='ocrx_word' id='word_1_65' title='bbox 225 1878 306 1952; x_wconf 88' lang='lat' dir='ltr'><strong>addi</strong></span> <span class='ocrx_word' id='word_1_66' title='bbox 325 1880 519 1976; x_wconf 90' lang='lat' dir='ltr'><strong>quicquam</strong></span> <span class='ocrx_word' id='word_1_67' title='bbox 548 1906 615 1952; x_wconf 90' lang='lat' dir='ltr'><strong>nec</strong></span> <span class='ocrx_word' id='word_1_68' title='bbox 639 1879 753 1952; x_wconf 90' lang='lat' dir='ltr'><strong>minui</strong></span> <span class='ocrx_word' id='word_1_69' title='bbox 779 1892 918 1978; x_wconf 87' lang='lat' dir='ltr'><strong>potest:</strong></span> <span class='ocrx_word' id='word_1_70' title='bbox 945 1881 1115 1954; x_wconf 87' lang='lat' dir='ltr'><strong>omnibus</strong></span> <span class='ocrx_word' id='word_1_71' title='bbox 1141 1883 1238 1956; x_wconf 91' lang='lat' dir='ltr'><strong>enim</strong></span> 
     </span>
    </p>
   </div>
   <div class='ocr_carea' id='block_1_7' title="bbox 140 1991 1104 2174">
    <p class='ocr_par' dir='ltr' id='par_1_7' title="bbox 140 1991 1104 2174">
     <span class='ocr_line' id='line_1_13' title="bbox 140 1991 1104 2087; baseline 0.003 -21"><span class='ocrx_word' id='word_1_72' title='bbox 140 1994 308 2067; x_wconf 85' lang='lat' dir='ltr'><strong>brevibus</strong></span> <span class='ocrx_word' id='word_1_73' title='bbox 326 2007 488 2067; x_wconf 81' lang='lat' dir='ltr'><strong>constare</strong></span> <span class='ocrx_word' id='word_1_74' title='bbox 503 1991 622 2066; x_wconf 88' lang='lat' dir='ltr'><strong>debet.</strong></span> <span class='ocrx_word' id='word_1_75' title='bbox 675 1995 843 2068; x_wconf 89' lang='lat' dir='ltr'><strong>Dimeter</strong></span> <span class='ocrx_word' id='word_1_76' title='bbox 863 1995 1104 2087; x_wconf 77' lang='lat' dir='ltr'><strong>catalecticus,</strong></span> 
     </span>
     <span class='ocr_line' id='line_1_14' title="bbox 399 2109 724 2174; baseline 0 -4"><span class='ocrx_word' id='word_1_77' title='bbox 399 2109 467 2173; x_wconf 75' lang='lat' dir='ltr'><strong>Aac</strong></span> <span class='ocrx_word' id='word_1_78' title='bbox 480 2129 609 2171; x_wconf 78' lang='lat' dir='ltr'><strong>aernora</strong></span> <span class='ocrx_word' id='word_1_79' title='bbox 621 2109 724 2174; x_wconf 61' lang='lat' dir='ltr'><strong>aibat.</strong></span> 
     </span>
    </p>
   </div>
   <div class='ocr_carea' id='block_1_8' title="bbox 138 2219 890 2424">
    <p class='ocr_par' dir='ltr' id='par_1_8' title="bbox 138 2219 890 2424">
     <span class='ocr_line' id='line_1_15' title="bbox 138 2219 621 2304; baseline 0.002 -13"><span class='ocrx_word' id='word_1_80' title='bbox 138 2219 365 2294; x_wconf 86' lang='lat' dir='ltr'><strong>Tetrameter</strong></span> <span class='ocrx_word' id='word_1_81' title='bbox 381 2220 621 2304; x_wconf 77' lang='lat' dir='ltr'><strong>catalecticus,</strong></span> 
     </span>
     <span class='ocr_line' id='line_1_16' title="bbox 314 2336 890 2424; baseline -0.002 -25"><span class='ocrx_word' id='word_1_82' title='bbox 314 2336 486 2400; x_wconf 75' lang='lat' dir='ltr'><strong>Maritima</strong></span> <span class='ocrx_word' id='word_1_83' title='bbox 501 2345 609 2400; x_wconf 64' lang='lat' dir='ltr'><strong>tenna</strong></span> <span class='ocrx_word' id='word_1_84' title='bbox 621 2352 776 2424; x_wconf 76' lang='lat' dir='ltr'><strong>peragere</strong></span> <span class='ocrx_word' id='word_1_85' title='bbox 790 2339 890 2422; x_wconf 78' lang='lat' dir='ltr'><strong>cupio.</strong></span> 
     </span>
    </p>
   </div>
   <div class='ocr_carea' id='block_1_9' title="bbox 405 2537 990 2648">
    <p class='ocr_par' dir='ltr' id='par_1_9' title="bbox 405 2537 990 2648">
     <span class='ocr_line' id='line_1_17' title="bbox 405 2537 990 2648; baseline 0.002 -30"><span class='ocrx_word' id='word_1_86' title='bbox 405 2537 507 2618; x_wconf 78' lang='lat' dir='ltr'><strong>Car.</strong></span> <span class='ocrx_word' id='word_1_87' title='bbox 522 2537 688 2620; x_wconf 92' lang='lat' dir='ltr'>XVIII.</span> <span class='ocrx_word' id='word_1_88' title='bbox 721 2541 786 2620; x_wconf 83' lang='lat' dir='ltr'><strong>Dc</strong></span> <span class='ocrx_word' id='word_1_89' title='bbox 797 2539 990 2648; x_wconf 80' lang='lat' dir='ltr'><strong>paeonr&#39;co.</strong></span> 
     </span>
    </p>
   </div>
   <div class='ocr_carea' id='block_1_10' title="bbox 143 2687 1242 3353">
    <p class='ocr_par' dir='ltr' id='par_1_10' title="bbox 143 2687 1242 3134">
     <span class='ocr_line' id='line_1_18' title="bbox 192 2687 1242 2788; baseline 0.002 -29"><span class='ocrx_word' id='word_1_90' title='bbox 192 2687 396 2760; x_wconf 86' lang='lat' dir='ltr'><strong>Paeonicum</strong></span> <span class='ocrx_word' id='word_1_91' title='bbox 417 2713 461 2760; x_wconf 87' lang='lat' dir='ltr'><strong>ex</strong></span> <span class='ocrx_word' id='word_1_92' title='bbox 481 2687 559 2787; x_wconf 90' lang='lat' dir='ltr'><strong>ipso</strong></span> <span class='ocrx_word' id='word_1_93' title='bbox 576 2687 668 2788; x_wconf 87' lang='lat' dir='ltr'><strong>pede</strong></span> <span class='ocrx_word' id='word_1_94' title='bbox 689 2715 755 2761; x_wconf 90' lang='lat' dir='ltr'><strong>suo</strong></span> <span class='ocrx_word' id='word_1_95' title='bbox 779 2713 912 2760; x_wconf 89' lang='lat' dir='ltr'><strong>nomen</strong></span> <span class='ocrx_word' id='word_1_96' title='bbox 939 2691 1088 2787; x_wconf 86' lang='lat' dir='ltr'><strong>accepit.</strong></span> <span class='ocrx_word' id='word_1_97' title='bbox 1140 2691 1242 2762; x_wconf 73' lang='lat' dir='ltr'><strong>WRe-</strong></span> 
     </span>
     <span class='ocr_line' id='line_1_19' title="bbox 144 2801 1242 2904; baseline 0.002 -28"><span class='ocrx_word' id='word_1_98' title='bbox 144 2803 232 2902; x_wconf 87' lang='lat' dir='ltr'><strong>cipit</strong></span> <span class='ocrx_word' id='word_1_99' title='bbox 255 2815 374 2876; x_wconf 89' lang='lat' dir='ltr'><strong>autem</strong></span> <span class='ocrx_word' id='word_1_100' title='bbox 402 2801 438 2875; x_wconf 91' lang='lat' dir='ltr'><strong>in</strong></span> <span class='ocrx_word' id='word_1_101' title='bbox 465 2803 644 2904; x_wconf 89' lang='lat' dir='ltr'><strong>principio</strong></span> <span class='ocrx_word' id='word_1_102' title='bbox 668 2803 841 2876; x_wconf 86' lang='lat' dir='ltr'><strong>creticum</strong></span> <span class='ocrx_word' id='word_1_103' title='bbox 866 2817 994 2903; x_wconf 84' lang='lat' dir='ltr'><strong>praeter</strong></span> <span class='ocrx_word' id='word_1_104' title='bbox 1019 2804 1139 2903; x_wconf 88' lang='lat' dir='ltr'><strong>ipsum</strong></span> <span class='ocrx_word' id='word_1_105' title='bbox 1171 2831 1242 2903; x_wconf 77' lang='lat' dir='ltr'><strong>pae-</strong></span> 
     </span>
     <span class='ocr_line' id='line_1_20' title="bbox 143 2917 1242 3020; baseline 0.001 -29"><span class='ocrx_word' id='word_1_106' title='bbox 143 2945 223 3009; x_wconf 79' lang='lat' dir='ltr'><strong>one,</strong></span> <span class='ocrx_word' id='word_1_107' title='bbox 240 2917 330 2992; x_wconf 89' lang='lat' dir='ltr'><strong>duos</strong></span> <span class='ocrx_word' id='word_1_108' title='bbox 349 2932 468 2992; x_wconf 89' lang='lat' dir='ltr'><strong>antem</strong></span> <span class='ocrx_word' id='word_1_109' title='bbox 494 2944 639 3019; x_wconf 88' lang='lat' dir='ltr'><strong>paeonas</strong></span> <span class='ocrx_word' id='word_1_110' title='bbox 665 2919 703 2992; x_wconf 93' lang='lat' dir='ltr'><strong>in</strong></span> <span class='ocrx_word' id='word_1_111' title='bbox 731 2918 861 2992; x_wconf 91' lang='lat' dir='ltr'><strong>medio.</strong></span> <span class='ocrx_word' id='word_1_112' title='bbox 913 2917 1136 3020; x_wconf 89' lang='lat' dir='ltr'><strong>Exemplum</strong></span> <span class='ocrx_word' id='word_1_113' title='bbox 1155 2920 1242 2993; x_wconf 88' lang='lat' dir='ltr'><strong>utri-</strong></span> 
     </span>
     <span class='ocr_line' id='line_1_21' title="bbox 143 3034 1190 3134; baseline 0.001 -27"><span class='ocrx_word' id='word_1_114' title='bbox 143 3061 256 3134; x_wconf 88' lang='lat' dir='ltr'><strong>usque</strong></span> <span class='ocrx_word' id='word_1_115' title='bbox 273 3034 407 3134; x_wconf 87' lang='lat' dir='ltr'><strong>linguae</strong></span> <span class='ocrx_word' id='word_1_116' title='bbox 426 3035 477 3108; x_wconf 89' lang='lat' dir='ltr'><strong>sic</strong></span> <span class='ocrx_word' id='word_1_117' title='bbox 494 3037 571 3108; x_wconf 88' lang='lat' dir='ltr'><strong>erit.</strong></span> <span class='ocrx_word' id='word_1_118' title='bbox 622 3035 888 3108; x_wconf 80' lang='lat' dir='ltr'><strong>&#39;Petrametrum</strong></span> <span class='ocrx_word' id='word_1_119' title='bbox 906 3035 1190 3123; x_wconf 77' lang='lat' dir='ltr'><strong>“catalecticum,</strong></span> 
     </span>
    </p>

    <p class='ocr_par' dir='ltr' id='par_1_11' title="bbox 283 3144 1008 3353">
     <span class='ocr_line' id='line_1_22' title="bbox 283 3144 1008 3250; baseline 0.003 -28"><span class='ocrx_word' id='word_1_120' title='bbox 283 3144 332 3222; x_wconf 84' lang='grc' dir='ltr'>Ὦ</span> <span class='ocrx_word' id='word_1_121' title='bbox 348 3149 420 3224; x_wconf 80' lang='lat' dir='ltr'><strong>rro&#39;lu</strong></span> <span class='ocrx_word' id='word_1_122' title='bbox 437 3151 518 3245; x_wconf 78' lang='grc' dir='ltr'>φίλη</span> <span class='ocrx_word' id='word_1_123' title='bbox 536 3151 688 3250; x_wconf 69' lang='grc' dir='ltr'><strong>Κέκροπος</strong></span> <span class='ocrx_word' id='word_1_124' title='bbox 704 3150 854 3243; x_wconf 67' lang='grc' dir='ltr'><strong>αὐτοφυὲς</strong></span> <span class='ocrx_word' id='word_1_125' title='bbox 869 3149 1008 3239; x_wconf 77' lang='grc' dir='ltr'>Ἀττική.</span> 
     </span>
     <span class='ocr_line' id='line_1_23' title="bbox 296 3266 978 3353; baseline 0.003 -25"><span class='ocrx_word' id='word_1_126' title='bbox 296 3267 324 3328; x_wconf 94' lang='grc'><em>0</em></span> <span class='ocrx_word' id='word_1_127' title='bbox 338 3287 414 3353; x_wconf 83' lang='lat' dir='ltr'><strong>rege</strong></span> <span class='ocrx_word' id='word_1_128' title='bbox 427 3275 456 3329; x_wconf 83' lang='lat' dir='ltr'><strong>te</strong></span> <span class='ocrx_word' id='word_1_129' title='bbox 469 3267 630 3351; x_wconf 78' lang='lat' dir='ltr'><strong>nefmilia</strong></span> <span class='ocrx_word' id='word_1_130' title='bbox 644 3275 707 3330; x_wconf 80' lang='lat' dir='ltr'><strong>esto</strong></span> <span class='ocrx_word' id='word_1_131' title='bbox 721 3268 829 3353; x_wconf 77' lang='lat' dir='ltr'><strong>magis</strong></span> <span class='ocrx_word' id='word_1_132' title='bbox 842 3266 886 3328; x_wconf 85' lang='lat' dir='ltr'><strong>ad</strong></span> <span class='ocrx_word' id='word_1_133' title='bbox 899 3273 978 3330; x_wconf 77' lang='lat' dir='ltr'><strong>tator.</strong></span> 
     </span>
    </p>
   </div>
   <div class='ocr_carea' id='block_1_11' title="bbox 300 3465 1088 3579">
    <p class='ocr_par' dir='ltr' id='par_1_12' title="bbox 300 3465 1088 3579">
     <span class='ocr_line' id='line_1_24' title="bbox 300 3465 1088 3579; baseline -0.003 -29"><span class='ocrx_word' id='word_1_134' title='bbox 300 3467 400 3550; x_wconf 77' lang='lat' dir='ltr'><strong>Car.</strong></span> <span class='ocrx_word' id='word_1_135' title='bbox 422 3465 538 3550; x_wconf 92' lang='lat' dir='ltr'>XIX.</span> <span class='ocrx_word' id='word_1_136' title='bbox 572 3471 638 3550; x_wconf 90' lang='lat' dir='ltr'><strong>De</strong></span> <span class='ocrx_word' id='word_1_137' title='bbox 648 3483 905 3578; x_wconf 74' lang='lat' dir='ltr'><strong>pentametro</strong></span> <span class='ocrx_word' id='word_1_138' title='bbox 921 3469 1088 3579; x_wconf 86' lang='lat' dir='ltr'><strong>epodico.</strong></span> 
     </span>
    </p>
   </div>
   <div class='ocr_carea' id='block_1_12' title="bbox 142 3617 1245 4066">
    <p class='ocr_par' dir='ltr' id='par_1_13' title="bbox 142 3617 1245 4066">
     <span class='ocr_line' id='line_1_25' title="bbox 195 3617 1244 3718; baseline -0.002 -24"><span class='ocrx_word' id='word_1_139' title='bbox 195 3617 288 3694; x_wconf 82' lang='lat' dir='ltr'><strong>Haec</strong></span> <span class='ocrx_word' id='word_1_140' title='bbox 306 3633 390 3693; x_wconf 91' lang='lat' dir='ltr'><strong>sunt</strong></span> <span class='ocrx_word' id='word_1_141' title='bbox 413 3631 454 3692; x_wconf 92' lang='lat' dir='ltr'><strong>ut</strong></span> <span class='ocrx_word' id='word_1_142' title='bbox 475 3618 550 3693; x_wconf 85' lang='lat' dir='ltr'><strong>dixi</strong></span> <span class='ocrx_word' id='word_1_143' title='bbox 578 3632 693 3692; x_wconf 86' lang='lat' dir='ltr'><strong>metra</strong></span> <span class='ocrx_word' id='word_1_144' title='bbox 718 3619 915 3718; x_wconf 84' lang='lat' dir='ltr'><strong>originalia.</strong></span> <span class='ocrx_word' id='word_1_145' title='bbox 967 3619 1097 3716; x_wconf 86' lang='lat' dir='ltr'><strong>Cetera</strong></span> <span class='ocrx_word' id='word_1_146' title='bbox 1122 3621 1244 3692; x_wconf 90' lang='lat' dir='ltr'><strong>omnia</strong></span> 
     </span>
     <span class='ocr_line' id='line_1_26' title="bbox 146 3734 1245 3833; baseline 0.001 -27"><span class='ocrx_word' id='word_1_147' title='bbox 146 3761 189 3806; x_wconf 87' lang='lat' dir='ltr'><strong>ex</strong></span> <span class='ocrx_word' id='word_1_148' title='bbox 208 3734 264 3807; x_wconf 89' lang='lat' dir='ltr'><strong>his</strong></span> <span class='ocrx_word' id='word_1_149' title='bbox 282 3747 366 3808; x_wconf 89' lang='lat' dir='ltr'><strong>sunt</strong></span> <span class='ocrx_word' id='word_1_150' title='bbox 383 3735 548 3825; x_wconf 86' lang='lat' dir='ltr'><strong>deducta,</strong></span> <span class='ocrx_word' id='word_1_151' title='bbox 566 3761 647 3833; x_wconf 84' lang='lat' dir='ltr'><strong>quae</strong></span> <span class='ocrx_word' id='word_1_152' title='bbox 665 3761 686 3806; x_wconf 94' lang='lat' dir='ltr'><strong>a</strong></span> <span class='ocrx_word' id='word_1_153' title='bbox 703 3735 838 3808; x_wconf 83' lang='lat' dir='ltr'><strong>Graecis</strong></span> <span class='ocrx_word' id='word_1_154' title='bbox 857 3761 1037 3833; x_wconf 79' lang='lat' dir='ltr'><strong>paragoge</strong></span> <span class='ocrx_word' id='word_1_155' title='bbox 1060 3736 1245 3833; x_wconf 90' lang='lat' dir='ltr'><strong>appellan-</strong></span> 
     </span>
     <span class='ocr_line' id='line_1_27' title="bbox 147 3849 1242 3952; baseline -0.001 -30"><span class='ocrx_word' id='word_1_156' title='bbox 147 3861 213 3939; x_wconf 91' lang='lat' dir='ltr'><strong>tur,</strong></span> <span class='ocrx_word' id='word_1_157' title='bbox 238 3849 283 3922; x_wconf 91' lang='lat' dir='ltr'><strong>de</strong></span> <span class='ocrx_word' id='word_1_158' title='bbox 311 3851 442 3948; x_wconf 90' lang='lat' dir='ltr'><strong>quibus</strong></span> <span class='ocrx_word' id='word_1_159' title='bbox 469 3877 584 3952; x_wconf 89' lang='lat' dir='ltr'><strong>pauca</strong></span> <span class='ocrx_word' id='word_1_160' title='bbox 613 3849 732 3924; x_wconf 88' lang='lat' dir='ltr'><strong>adhuc</strong></span> <span class='ocrx_word' id='word_1_161' title='bbox 757 3849 889 3924; x_wconf 91' lang='lat' dir='ltr'><strong>dicam.</strong></span> <span class='ocrx_word' id='word_1_162' title='bbox 949 3850 1048 3922; x_wconf 88' lang='lat' dir='ltr'><strong>Nam</strong></span> <span class='ocrx_word' id='word_1_163' title='bbox 1077 3849 1242 3944; x_wconf 84' lang='lat' dir='ltr'><strong>quaedam</strong></span> 
     </span>
     <span class='ocr_line' id='line_1_28' title="bbox 142 3962 1242 4066; baseline -0.001 -29"><span class='ocrx_word' id='word_1_164' title='bbox 142 3963 215 4060; x_wconf 89' lang='lat' dir='ltr'><strong>jam</strong></span> <span class='ocrx_word' id='word_1_165' title='bbox 244 3964 317 4038; x_wconf 91' lang='lat' dir='ltr'><strong>suis</strong></span> <span class='ocrx_word' id='word_1_166' title='bbox 343 3965 577 4066; x_wconf 87' lang='lat' dir='ltr'><strong>originalibus</strong></span> <span class='ocrx_word' id='word_1_167' title='bbox 597 3965 718 4063; x_wconf 84' lang='lat' dir='ltr'><strong>junxi,</strong></span> <span class='ocrx_word' id='word_1_168' title='bbox 740 3981 780 4039; x_wconf 90' lang='lat' dir='ltr'><strong>ut</strong></span> <span class='ocrx_word' id='word_1_169' title='bbox 806 3964 926 4038; x_wconf 88' lang='lat' dir='ltr'><strong>videas</strong></span> <span class='ocrx_word' id='word_1_170' title='bbox 952 3977 1087 4063; x_wconf 89' lang='lat' dir='ltr'><strong>quanta</strong></span> <span class='ocrx_word' id='word_1_171' title='bbox 1113 3962 1242 4036; x_wconf 88' lang='lat' dir='ltr'><strong>horum</strong></span> 
     </span>
    </p>
   </div>
   <div class='ocr_carea' id='block_1_13' title="bbox 148 4197 1245 4602">
    <p class='ocr_par' dir='ltr' id='par_1_14' title="bbox 148 4197 1245 4602">
     <span class='ocr_line' id='line_1_29' title="bbox 185 4197 1243 4276; baseline -0.002 -20"><span class='ocrx_word' id='word_1_172' title='bbox 185 4197 196 4240; x_wconf 93' lang='lat' dir='ltr'><strong>t</strong></span> <span class='ocrx_word' id='word_1_173' title='bbox 220 4201 416 4258; x_wconf 66' lang='lat' dir='ltr'><strong>anackmeaon</strong></span> <span class='ocrx_word' id='word_1_174' title='bbox 430 4205 503 4276; x_wconf 82' lang='lat' dir='ltr'><strong>qaod</strong></span> <span class='ocrx_word' id='word_1_175' title='bbox 519 4210 679 4260; x_wconf 81' lang='lat' dir='ltr'><strong>eteromeres</strong></span> <span class='ocrx_word' id='word_1_176' title='bbox 698 4199 859 4273; x_wconf 75' lang='lat' dir='ltr'><strong>sapphitum</strong></span> <span class='ocrx_word' id='word_1_177' title='bbox 879 4199 1100 4262; x_wconf 68' lang='lat' dir='ltr'><strong>commutarim</strong></span> <span class='ocrx_word' id='word_1_178' title='bbox 1113 4198 1193 4255; x_wconf 83' lang='lat' dir='ltr'><strong>modo</strong></span> <span class='ocrx_word' id='word_1_179' title='bbox 1207 4197 1243 4254; x_wconf 92' lang='lat' dir='ltr'><strong>V.</strong></span> 
     </span>
     <span class='ocr_line' id='line_1_30' title="bbox 148 4277 1243 4360; baseline 0 -26"><span class='ocrx_word' id='word_1_180' title='bbox 148 4277 218 4336; x_wconf 83' lang='lat' dir='ltr'><strong>Dedi</strong></span> <span class='ocrx_word' id='word_1_181' title='bbox 234 4299 299 4338; x_wconf 87' lang='lat' dir='ltr'><strong>mox</strong></span> <span class='ocrx_word' id='word_1_182' title='bbox 310 4282 391 4357; x_wconf 82' lang='lat' dir='ltr'><strong>bifido</strong></span> <span class='ocrx_word' id='word_1_183' title='bbox 405 4302 456 4360; x_wconf 91' lang='lat' dir='ltr'><strong>pro</strong></span> <span class='ocrx_word' id='word_1_184' title='bbox 467 4284 568 4360; x_wconf 78' lang='lat' dir='ltr'><strong>drffido.</strong></span> <span class='ocrx_word' id='word_1_185' title='bbox 626 4291 642 4321; x_wconf 81' lang='lat' dir='ltr'>v</span> <span class='ocrx_word' id='word_1_186' title='bbox 656 4283 759 4337; x_wconf 66' lang='lat' dir='ltr'><strong>inaura</strong></span> <span class='ocrx_word' id='word_1_187' title='bbox 772 4297 836 4337; x_wconf 74' lang='lat' dir='ltr'><strong>aver</strong></span> <span class='ocrx_word' id='word_1_188' title='bbox 848 4295 959 4334; x_wconf 85' lang='lat' dir='ltr'><strong>nemora</strong></span> <span class='ocrx_word' id='word_1_189' title='bbox 972 4281 1067 4353; x_wconf 82' lang='lat' dir='ltr'><strong>silent]</strong></span> <span class='ocrx_word' id='word_1_190' title='bbox 1084 4281 1188 4336; x_wconf 69' lang='lat' dir='ltr'><strong>anam</strong></span> <span class='ocrx_word' id='word_1_191' title='bbox 1199 4283 1243 4335; x_wconf 69' lang='grc' dir='ltr'><strong>ἀπ’</strong></span> 
     </span>
     <span class='ocr_line' id='line_1_31' title="bbox 148 4359 1245 4438; baseline -0.002 -20"><span class='ocrx_word' id='word_1_192' title='bbox 148 4363 274 4427; x_wconf 70' lang='grc' dir='ltr'><strong>ἐλάσσονος</strong></span> <span class='ocrx_word' id='word_1_193' title='bbox 289 4369 328 4419; x_wconf 80' lang='lat' dir='ltr'><strong>est</strong></span> <span class='ocrx_word' id='word_1_194' title='bbox 339 4363 375 4420; x_wconf 88' lang='lat' dir='ltr'><strong>V.</strong></span> <span class='ocrx_word' id='word_1_195' title='bbox 400 4362 457 4426; x_wconf 81' lang='lat' dir='ltr'><strong>Qui</strong></span> <span class='ocrx_word' id='word_1_196' title='bbox 472 4362 582 4422; x_wconf 87' lang='lat' dir='ltr'><strong>addidit</strong></span> <span class='ocrx_word' id='word_1_197' title='bbox 595 4381 620 4420; x_wconf 93' lang='lat' dir='ltr'><strong>c.</strong></span> <span class='ocrx_word' id='word_1_198' title='bbox 634 4379 694 4438; x_wconf 85' lang='lat' dir='ltr'><strong>seq.</strong></span> <span class='ocrx_word' id='word_1_199' title='bbox 775 4369 798 4400; x_wconf 69' lang='lat' dir='ltr'><strong>w</strong></span> <span class='ocrx_word' id='word_1_200' title='bbox 812 4361 908 4434; x_wconf 76' lang='lat' dir='ltr'><strong>recipit</strong></span> <span class='ocrx_word' id='word_1_201' title='bbox 921 4359 1026 4432; x_wconf 57' lang='lat' dir='ltr'><strong>auam]</strong></span> <span class='ocrx_word' id='word_1_202' title='bbox 1042 4361 1140 4434; x_wconf 75' lang='lat' dir='ltr'><strong>recipit</strong></span> <span class='ocrx_word' id='word_1_203' title='bbox 1152 4366 1245 4416; x_wconf 82' lang='lat' dir='ltr'><strong>autem</strong></span> 
     </span>
     <span class='ocr_line' id='line_1_32' title="bbox 149 4437 1244 4517; baseline -0.007 -15"><span class='ocrx_word' id='word_1_204' title='bbox 149 4441 319 4517; x_wconf 72' lang='lat' dir='ltr'><strong>luprincipio</strong></span> <span class='ocrx_word' id='word_1_205' title='bbox 332 4442 371 4502; x_wconf 88' lang='lat' dir='ltr'><strong>V.</strong></span> <span class='ocrx_word' id='word_1_206' title='bbox 384 4455 414 4502; x_wconf 90' lang='lat' dir='ltr'><strong>et</strong></span> <span class='ocrx_word' id='word_1_207' title='bbox 428 4463 494 4502; x_wconf 80' lang='lat' dir='ltr'><strong>mox</strong></span> <span class='ocrx_word' id='word_1_208' title='bbox 508 4463 568 4503; x_wconf 90' lang='lat' dir='ltr'><strong>om.</strong></span> <span class='ocrx_word' id='word_1_209' title='bbox 582 4445 691 4502; x_wconf 79' lang='lat' dir='ltr'><strong>ultima.</strong></span> <span class='ocrx_word' id='word_1_210' title='bbox 782 4450 798 4484; x_wconf 85' lang='lat'>¹</span> <span class='ocrx_word' id='word_1_211' title='bbox 811 4437 1020 4512; x_wconf 79' lang='lat' dir='ltr'><strong>catalecticum]</strong></span> <span class='ocrx_word' id='word_1_212' title='bbox 1037 4439 1124 4498; x_wconf 84' lang='lat' dir='ltr'><strong>Addit</strong></span> <span class='ocrx_word' id='word_1_213' title='bbox 1138 4439 1174 4494; x_wconf 92' lang='lat' dir='ltr'><strong>V.</strong></span> <span class='ocrx_word' id='word_1_214' title='bbox 1189 4449 1244 4496; x_wconf 61' lang='lat' dir='ltr'><strong>aar</strong></span> 
     </span>
     <span class='ocr_line' id='line_1_33' title="bbox 148 4521 1202 4602; baseline -0.003 -23"><span class='ocrx_word' id='word_1_215' title='bbox 148 4529 205 4595; x_wconf 75' lang='grc' dir='ltr'><strong>φιλη</strong></span> <span class='ocrx_word' id='word_1_216' title='bbox 217 4547 327 4600; x_wconf 58' lang='lat' dir='ltr'><strong>sarpanas</strong></span> <span class='ocrx_word' id='word_1_217' title='bbox 339 4533 462 4602; x_wconf 72' lang='grc' dir='ltr'><strong>αντοφνης</strong></span> <span class='ocrx_word' id='word_1_218' title='bbox 473 4549 568 4596; x_wconf 63' lang='lat' dir='ltr'><strong>minag.</strong></span> <span class='ocrx_word' id='word_1_219' title='bbox 606 4526 629 4582; x_wconf 92' lang='grc'><strong><em>0</em></strong></span> <span class='ocrx_word' id='word_1_220' title='bbox 644 4541 707 4598; x_wconf 74' lang='lat' dir='ltr'><strong>rege</strong></span> <span class='ocrx_word' id='word_1_221' title='bbox 721 4531 748 4580; x_wconf 76' lang='lat' dir='ltr'><strong>le</strong></span> <span class='ocrx_word' id='word_1_222' title='bbox 760 4521 898 4598; x_wconf 74' lang='lat' dir='ltr'><strong>nesacilit</strong></span> <span class='ocrx_word' id='word_1_223' title='bbox 911 4527 967 4578; x_wconf 78' lang='lat' dir='ltr'><strong>etio</strong></span> <span class='ocrx_word' id='word_1_224' title='bbox 982 4523 1070 4595; x_wconf 75' lang='lat' dir='ltr'><strong>trangit</strong></span> <span class='ocrx_word' id='word_1_225' title='bbox 1082 4523 1120 4578; x_wconf 79' lang='lat' dir='ltr'><strong>ad</strong></span> <span class='ocrx_word' id='word_1_226' title='bbox 1133 4528 1202 4578; x_wconf 75' lang='lat' dir='ltr'><strong>litut.</strong></span> 
     </span>
    </p>
   </div>
   <div class='ocr_carea' id='block_1_14' title="bbox 645 4633 751 4718">
    <p class='ocr_par' dir='ltr' id='par_1_15' title="bbox 645 4633 751 4718">
     <span class='ocr_line' id='line_1_34' title="bbox 645 4633 751 4718; baseline 0.009 -27"><span class='ocrx_word' id='word_1_227' title='bbox 645 4633 751 4718; x_wconf 78' lang='lat' dir='ltr'><strong>ry2</strong></span> 
     </span>
    </p>
   </div>
   <div class='ocr_carea' id='block_1_15' title="bbox 0 0 1554 5142">
    <p class='ocr_par' dir='ltr' id='par_1_16' title="bbox 0 0 1554 5142">
     <span class='ocr_line' id='line_1_35' title="bbox 0 0 1554 5142; baseline 0 2"><span class='ocrx_word' id='word_1_228' title='bbox 0 0 1554 5142; x_wconf 95' lang='lat' dir='ltr'><strong> </strong></span> 
     </span>
    </p>
   </div>
  </div>
 </body>
</html>
