<?xml version="1.0" encoding="UTF-8"?>
<!DOCTYPE html PUBLIC "-//W3C//DTD XHTML 1.0 Transitional//EN"
    "http://www.w3.org/TR/xhtml1/DTD/xhtml1-transitional.dtd">
<html xmlns="http://www.w3.org/1999/xhtml" xml:lang="en" lang="en">
 <head>
  <title>
</title>
<meta http-equiv="Content-Type" content="text/html;charset=utf-8" />
  <meta name='ocr-system' content='tesseract 3.04.00' />
  <meta name='ocr-capabilities' content='ocr_page ocr_carea ocr_par ocr_line ocrx_word'/>
</head>
<body>
  <div class='ocr_page' id='page_1' title='image "./scriptoreslatin00gaisgoog_0479.png"; bbox 0 0 2980 5142; ppageno 0'>
   <div class='ocr_carea' id='block_1_1' title="bbox 89 399 1203 500">
    <p class='ocr_par' dir='ltr' id='par_1_1' title="bbox 89 399 1203 500">
     <span class='ocr_line' id='line_1_1' title="bbox 89 399 1203 500; baseline 0.001 -27"><span class='ocrx_word' id='word_1_1' title='bbox 89 415 329 490; x_wconf 56' lang='lat' dir='ltr'><strong>cxr.1‚l,12.</strong></span> <span class='ocrx_word' id='word_1_2' title='bbox 354 399 422 474; x_wconf 92' lang='lat' dir='ltr'><strong>De</strong></span> <span class='ocrx_word' id='word_1_3' title='bbox 438 401 816 500; x_wconf 76' lang='lat' dir='ltr'><strong>metris-Doetylieo</strong></span> <span class='ocrx_word' id='word_1_4' title='bbox 833 402 1052 476; x_wconf 75' lang='lat' dir='ltr'><em>hexametro.</em></span> <span class='ocrx_word' id='word_1_5' title='bbox 1134 399 1203 477; x_wconf 76' lang='grc'><strong>461</strong></span> 
     </span>
    </p>
   </div>
   <div class='ocr_carea' id='block_1_2' title="bbox 312 581 1252 681">
    <p class='ocr_par' dir='ltr' id='par_1_2' title="bbox 312 581 1252 681">
     <span class='ocr_line' id='line_1_2' title="bbox 312 581 1252 681; baseline 0.004 -27"><span class='ocrx_word' id='word_1_6' title='bbox 312 581 378 656; x_wconf 86' lang='lat' dir='ltr'><strong>De</strong></span> <span class='ocrx_word' id='word_1_7' title='bbox 395 581 600 656; x_wconf 84' lang='lat' dir='ltr'><strong>accusativo</strong></span> <span class='ocrx_word' id='word_1_8' title='bbox 618 591 655 656; x_wconf 86' lang='lat' dir='ltr'><strong>et</strong></span> <span class='ocrx_word' id='word_1_9' title='bbox 669 584 832 658; x_wconf 86' lang='lat' dir='ltr'><strong>vocativo</strong></span> <span class='ocrx_word' id='word_1_10' title='bbox 844 584 999 681; x_wconf 75' lang='lat' dir='ltr'><strong><em>plurali.</em></strong></span> <span class='ocrx_word' id='word_1_11' title='bbox 1224 613 1252 648; x_wconf 84' lang='lat'><strong>12</strong></span> 
     </span>
    </p>
   </div>
   <div class='ocr_carea' id='block_1_3' title="bbox 92 729 1209 1411">
    <p class='ocr_par' dir='ltr' id='par_1_3' title="bbox 92 729 1209 1411">
     <span class='ocr_line' id='line_1_3' title="bbox 155 729 1208 806; baseline 0.002 -2"><span class='ocrx_word' id='word_1_12' title='bbox 155 729 295 804; x_wconf 90' lang='lat' dir='ltr'><strong>Omnia</strong></span> <span class='ocrx_word' id='word_1_13' title='bbox 321 731 469 804; x_wconf 90' lang='lat' dir='ltr'><strong>nomina</strong></span> <span class='ocrx_word' id='word_1_14' title='bbox 499 729 698 805; x_wconf 88' lang='lat' dir='ltr'><strong>masculina</strong></span> <span class='ocrx_word' id='word_1_15' title='bbox 721 747 758 806; x_wconf 90' lang='lat' dir='ltr'><strong>et</strong></span> <span class='ocrx_word' id='word_1_16' title='bbox 783 731 957 806; x_wconf 89' lang='lat' dir='ltr'><strong>feminina</strong></span> <span class='ocrx_word' id='word_1_17' title='bbox 983 735 1208 806; x_wconf 78' lang='lat' dir='ltr'><strong>vaccusativo</strong></span> 
     </span>
     <span class='ocr_line' id='line_1_4' title="bbox 92 848 1208 950; baseline 0.004 -30"><span class='ocrx_word' id='word_1_18' title='bbox 92 873 193 920; x_wconf 86' lang='lat' dir='ltr'><strong>casu</strong></span> <span class='ocrx_word' id='word_1_19' title='bbox 212 859 249 920; x_wconf 91' lang='lat' dir='ltr'><strong>et</strong></span> <span class='ocrx_word' id='word_1_20' title='bbox 268 849 432 922; x_wconf 84' lang='lat' dir='ltr'><strong>vocativo</strong></span> <span class='ocrx_word' id='word_1_21' title='bbox 450 849 608 948; x_wconf 64' lang='lat' dir='ltr'><strong>”plurali</strong></span> <span class='ocrx_word' id='word_1_22' title='bbox 628 848 664 922; x_wconf 91' lang='lat' dir='ltr'><strong>in</strong></span> <span class='ocrx_word' id='word_1_23' title='bbox 679 850 901 946; x_wconf 83' lang='lat' dir='ltr'>quibuslibet</span> <span class='ocrx_word' id='word_1_24' title='bbox 913 850 1066 950; x_wconf 63' lang='lat' dir='ltr'><strong>xsyllabis</strong></span> <span class='ocrx_word' id='word_1_25' title='bbox 1084 852 1208 924; x_wconf 90' lang='lat' dir='ltr'><strong>termi-</strong></span> 
     </span>
     <span class='ocr_line' id='line_1_5' title="bbox 92 963 1208 1064; baseline 0.004 -30"><span class='ocrx_word' id='word_1_26' title='bbox 92 977 191 1036; x_wconf 87' lang='lat' dir='ltr'><strong>nata</strong></span> <span class='ocrx_word' id='word_1_27' title='bbox 216 963 476 1064; x_wconf 89' lang='lat' dir='ltr'><strong>producuntur,</strong></span> <span class='ocrx_word' id='word_1_28' title='bbox 494 977 623 1064; x_wconf 87' lang='lat' dir='ltr'><strong>praeter</strong></span> <span class='ocrx_word' id='word_1_29' title='bbox 640 965 778 1050; x_wconf 85' lang='lat' dir='ltr'><strong>Graeca,</strong></span> <span class='ocrx_word' id='word_1_30' title='bbox 796 991 879 1062; x_wconf 88' lang='lat' dir='ltr'><strong>quae</strong></span> <span class='ocrx_word' id='word_1_31' title='bbox 896 979 968 1039; x_wconf 90' lang='lat' dir='ltr'><strong>tam</strong></span> <span class='ocrx_word' id='word_1_32' title='bbox 995 967 1208 1056; x_wconf 85' lang='lat' dir='ltr'><strong>accusativo,</strong></span> 
     </span>
     <span class='ocr_line' id='line_1_6' title="bbox 94 1078 1209 1178; baseline 0.004 -28"><span class='ocrx_word' id='word_1_33' title='bbox 94 1105 147 1151; x_wconf 79' lang='lat' dir='ltr'><strong>as·</strong></span> <span class='ocrx_word' id='word_1_34' title='bbox 175 1078 313 1178; x_wconf 84' lang='lat' dir='ltr'><strong>syllaba</strong></span> <span class='ocrx_word' id='word_1_35' title='bbox 338 1079 476 1166; x_wconf 62' lang='lat' dir='ltr'><strong>*finita</strong></span> <span class='ocrx_word' id='word_1_36' title='bbox 493 1105 602 1178; x_wconf 90' lang='lat' dir='ltr'><strong>quam</strong></span> <span class='ocrx_word' id='word_1_37' title='bbox 630 1080 794 1155; x_wconf 87' lang='lat' dir='ltr'><strong>vocativo</strong></span> <span class='ocrx_word' id='word_1_38' title='bbox 820 1107 859 1154; x_wconf 85' lang='lat' dir='ltr'><strong>es</strong></span> <span class='ocrx_word' id='word_1_39' title='bbox 883 1082 1084 1171; x_wconf 89' lang='lat' dir='ltr'><strong>terminata,</strong></span> <span class='ocrx_word' id='word_1_40' title='bbox 1102 1083 1209 1156; x_wconf 87' lang='lat' dir='ltr'><strong>corri-</strong></span> 
     </span>
     <span class='ocr_line' id='line_1_7' title="bbox 96 1195 1206 1297; baseline 0.001 -30"><span class='ocrx_word' id='word_1_41' title='bbox 96 1197 269 1294; x_wconf 90' lang='lat' dir='ltr'><strong>piuntur.</strong></span> <span class='ocrx_word' id='word_1_42' title='bbox 313 1197 530 1270; x_wconf 89' lang='lat' dir='ltr'><strong>Accusativo</strong></span> <span class='ocrx_word' id='word_1_43' title='bbox 556 1195 619 1282; x_wconf 91' lang='lat' dir='ltr'><strong>sic,</strong></span> <span class='ocrx_word' id='word_1_44' title='bbox 635 1195 759 1286; x_wconf 88' lang='lat' dir='ltr'><strong>Troas,</strong></span> <span class='ocrx_word' id='word_1_45' title='bbox 776 1209 793 1259; x_wconf 65' lang='grc' dir='ltr'><strong><em>Υ</em></strong></span> <span class='ocrx_word' id='word_1_46' title='bbox 799 1195 973 1297; x_wconf 86' lang='lat' dir='ltr'><strong>Phrygas,</strong></span> <span class='ocrx_word' id='word_1_47' title='bbox 991 1197 1206 1297; x_wconf 72' lang='lat' dir='ltr'><strong>Delphinus,</strong></span> 
     </span>
     <span class='ocr_line' id='line_1_8' title="bbox 95 1309 1032 1411; baseline 0.003 -28"><span class='ocrx_word' id='word_1_48' title='bbox 95 1309 296 1398; x_wconf 84' lang='lat' dir='ltr'><strong>Vocativo,</strong></span> <span class='ocrx_word' id='word_1_49' title='bbox 314 1337 336 1384; x_wconf 95' lang='lat'>0</span> <span class='ocrx_word' id='word_1_50' title='bbox 351 1311 475 1402; x_wconf 79' lang='lat' dir='ltr'><strong>Troes,</strong></span> <span class='ocrx_word' id='word_1_51' title='bbox 493 1311 684 1411; x_wconf 67' lang='lat' dir='ltr'><strong>&#39;Phryges</strong></span> <span class='ocrx_word' id='word_1_52' title='bbox 702 1325 739 1384; x_wconf 90' lang='lat' dir='ltr'><strong>et</strong></span> <span class='ocrx_word' id='word_1_53' title='bbox 755 1326 873 1386; x_wconf 88' lang='lat' dir='ltr'><strong>cetera</strong></span> <span class='ocrx_word' id='word_1_54' title='bbox 891 1313 1032 1388; x_wconf 82' lang='lat' dir='ltr'><strong>similia.</strong></span> 
     </span>
    </p>
   </div>
   <div class='ocr_carea' id='block_1_4' title="bbox 435 1527 890 1638">
    <p class='ocr_par' dir='ltr' id='par_1_4' title="bbox 435 1527 890 1638">
     <span class='ocr_line' id='line_1_9' title="bbox 435 1527 890 1638; baseline 0.002 -37"><span class='ocrx_word' id='word_1_55' title='bbox 435 1530 527 1601; x_wconf 76' lang='lat' dir='ltr'><strong>Car.</strong></span> <span class='ocrx_word' id='word_1_56' title='bbox 541 1527 611 1638; x_wconf 64' lang='lat' dir='ltr'><strong>XJ.</strong></span> <span class='ocrx_word' id='word_1_57' title='bbox 638 1527 721 1600; x_wconf 70' lang='lat' dir='ltr'><strong>&#39;Da</strong></span> <span class='ocrx_word' id='word_1_58' title='bbox 739 1551 890 1602; x_wconf 77' lang='lat' dir='ltr'><strong>masaia.</strong></span> 
     </span>
    </p>
   </div>
   <div class='ocr_carea' id='block_1_5' title="bbox 102 1659 1208 2112">
    <p class='ocr_par' dir='ltr' id='par_1_5' title="bbox 102 1659 1208 2112">
     <span class='ocr_line' id='line_1_10' title="bbox 157 1659 1207 1763; baseline 0 -29"><span class='ocrx_word' id='word_1_59' title='bbox 157 1659 374 1748; x_wconf 89' lang='lat' dir='ltr'><strong>Metrorum,</strong></span> <span class='ocrx_word' id='word_1_60' title='bbox 393 1661 428 1736; x_wconf 91' lang='lat' dir='ltr'><strong>id</strong></span> <span class='ocrx_word' id='word_1_61' title='bbox 447 1673 500 1734; x_wconf 83' lang='lat' dir='ltr'><strong>est</strong></span> <span class='ocrx_word' id='word_1_62' title='bbox 519 1661 691 1760; x_wconf 75' lang='lat' dir='ltr'><strong>legitimae</strong></span> <span class='ocrx_word' id='word_1_63' title='bbox 708 1661 1029 1763; x_wconf 66' lang='lat' dir='ltr'><strong>⁸&#39;compositionis</strong></span> <span class='ocrx_word' id='word_1_64' title='bbox 1047 1662 1207 1736; x_wconf 91' lang='lat' dir='ltr'><strong>obscuri-</strong></span> 
     </span>
     <span class='ocr_line' id='line_1_11' title="bbox 102 1779 1208 1878; baseline 0.003 -29"><span class='ocrx_word' id='word_1_65' title='bbox 102 1793 162 1850; x_wconf 86' lang='lat' dir='ltr'><strong>tas</strong></span> <span class='ocrx_word' id='word_1_66' title='bbox 202 1779 419 1878; x_wconf 87' lang='lat' dir='ltr'><strong>scrupulosae</strong></span> <span class='ocrx_word' id='word_1_67' title='bbox 459 1779 666 1852; x_wconf 88' lang='lat' dir='ltr'><strong>intentionis</strong></span> <span class='ocrx_word' id='word_1_68' title='bbox 701 1779 906 1878; x_wconf 86' lang='lat' dir='ltr'><strong>indaginem</strong></span> <span class='ocrx_word' id='word_1_69' title='bbox 948 1779 1208 1854; x_wconf 90' lang='lat' dir='ltr'><strong>bvehementer</strong></span> 
     </span>
     <span class='ocr_line' id='line_1_12' title="bbox 104 1893 1203 1994; baseline 0.005 -30"><span class='ocrx_word' id='word_1_70' title='bbox 104 1893 269 1991; x_wconf 87' lang='lat' dir='ltr'><strong>inquirit,</strong></span> <span class='ocrx_word' id='word_1_71' title='bbox 286 1897 520 1994; x_wconf 88' lang='lat' dir='ltr'><strong>quamobrem</strong></span> <span class='ocrx_word' id='word_1_72' title='bbox 547 1895 646 1968; x_wconf 92' lang='lat' dir='ltr'><strong>omni</strong></span> <span class='ocrx_word' id='word_1_73' title='bbox 665 1897 848 1970; x_wconf 75' lang='lat' dir='ltr'><strong>eanfractu</strong></span> <span class='ocrx_word' id='word_1_74' title='bbox 866 1897 1126 1970; x_wconf 82' lang='lat' dir='ltr'><strong>circumitionis</strong></span> <span class='ocrx_word' id='word_1_75' title='bbox 1144 1897 1203 1970; x_wconf 89' lang='lat' dir='ltr'><strong>ab·</strong></span> 
     </span>
     <span class='ocr_line' id='line_1_13' title="bbox 104 2009 1207 2112; baseline 0.005 -31"><span class='ocrx_word' id='word_1_76' title='bbox 104 2009 193 2098; x_wconf 90' lang='lat' dir='ltr'><strong>lato,</strong></span> <span class='ocrx_word' id='word_1_77' title='bbox 211 2009 375 2108; x_wconf 86' lang='lat' dir='ltr'><strong>quaedam</strong></span> <span class='ocrx_word' id='word_1_78' title='bbox 395 2024 508 2082; x_wconf 88' lang='lat' dir='ltr'><strong>metra</strong></span> <span class='ocrx_word' id='word_1_79' title='bbox 525 2009 683 2084; x_wconf 86' lang='lat' dir='ltr'><strong>dilucide</strong></span> <span class='ocrx_word' id='word_1_80' title='bbox 700 2025 736 2084; x_wconf 91' lang='lat' dir='ltr'><strong>et</strong></span> <span class='ocrx_word' id='word_1_81' title='bbox 759 2013 913 2086; x_wconf 89' lang='lat' dir='ltr'><strong>breviter</strong></span> <span class='ocrx_word' id='word_1_82' title='bbox 929 2011 1091 2112; x_wconf 83' lang='lat' dir='ltr'><strong>exposui.</strong></span> <span class='ocrx_word' id='word_1_83' title='bbox 1141 2009 1207 2086; x_wconf 89' lang='lat' dir='ltr'><strong>Et-</strong></span> 
     </span>
    </p>
   </div>
   <div class='ocr_carea' id='block_1_6' title="bbox 106 2125 1208 2346">
    <p class='ocr_par' dir='ltr' id='par_1_6' title="bbox 106 2125 1208 2346">
     <span class='ocr_line' id='line_1_14' title="bbox 106 2125 1208 2204; baseline 0.005 -6"><span class='ocrx_word' id='word_1_84' title='bbox 106 2125 208 2199; x_wconf 87' lang='lat' dir='ltr'><strong>enim</strong></span> <span class='ocrx_word' id='word_1_85' title='bbox 232 2127 322 2200; x_wconf 92' lang='lat' dir='ltr'><strong>mihi</strong></span> <span class='ocrx_word' id='word_1_86' title='bbox 347 2154 402 2200; x_wconf 88' lang='lat' dir='ltr'><strong>res</strong></span> <span class='ocrx_word' id='word_1_87' title='bbox 420 2125 610 2202; x_wconf 87' lang='lat' dir='ltr'><strong>videbatur</strong></span> <span class='ocrx_word' id='word_1_88' title='bbox 633 2128 785 2201; x_wconf 88' lang='lat' dir='ltr'><strong>absurda</strong></span> <span class='ocrx_word' id='word_1_89' title='bbox 808 2155 883 2202; x_wconf 89' lang='lat' dir='ltr'><strong>rem</strong></span> <span class='ocrx_word' id='word_1_90' title='bbox 910 2133 1031 2204; x_wconf 90' lang='lat' dir='ltr'><strong>nativa</strong></span> <span class='ocrx_word' id='word_1_91' title='bbox 1048 2129 1208 2203; x_wconf 91' lang='lat' dir='ltr'><strong>obscuri-</strong></span> 
     </span>
     <span class='ocr_line' id='line_1_15' title="bbox 107 2241 1129 2346; baseline 0.004 -32"><span class='ocrx_word' id='word_1_92' title='bbox 107 2255 182 2315; x_wconf 86' lang='lat' dir='ltr'><strong>tate</strong></span> <span class='ocrx_word' id='word_1_93' title='bbox 199 2241 380 2316; x_wconf 91' lang='lat' dir='ltr'><strong>difficilem</strong></span> <span class='ocrx_word' id='word_1_94' title='bbox 401 2243 508 2316; x_wconf 89' lang='lat' dir='ltr'><strong>etiam</strong></span> <span class='ocrx_word' id='word_1_95' title='bbox 528 2242 681 2342; x_wconf 85' lang='lat' dir='ltr'><strong>caligine</strong></span> <span class='ocrx_word' id='word_1_96' title='bbox 698 2245 933 2346; x_wconf 83' lang='lat' dir='ltr'><strong>expositionis</strong></span> <span class='ocrx_word' id='word_1_97' title='bbox 950 2245 1129 2344; x_wconf 83' lang='lat' dir='ltr'><strong>obtegere.</strong></span> 
     </span>
    </p>
   </div>
   <div class='ocr_carea' id='block_1_7' title="bbox 564 2442 1234 2516">
    <p class='ocr_par' dir='ltr' id='par_1_7' title="bbox 564 2442 1234 2516">
     <span class='ocr_line' id='line_1_16' title="bbox 564 2442 1234 2516; baseline 0.006 -3"><span class='ocrx_word' id='word_1_98' title='bbox 564 2442 756 2516; x_wconf 85' lang='lat' dir='ltr'><strong>Deversu.</strong></span> <span class='ocrx_word' id='word_1_99' title='bbox 1219 2470 1234 2505; x_wconf 62' lang='grc' dir='ltr'>π</span> 
     </span>
    </p>
   </div>
   <div class='ocr_carea' id='block_1_8' title="bbox 158 2597 1205 2700">
    <p class='ocr_par' dir='ltr' id='par_1_8' title="bbox 158 2597 1205 2700">
     <span class='ocr_line' id='line_1_17' title="bbox 158 2597 1205 2700; baseline 0.004 -30"><span class='ocrx_word' id='word_1_100' title='bbox 158 2597 291 2672; x_wconf 89' lang='lat' dir='ltr'><strong>Versus</strong></span> <span class='ocrx_word' id='word_1_101' title='bbox 320 2613 374 2672; x_wconf 86' lang='lat' dir='ltr'><strong>est</strong></span> <span class='ocrx_word' id='word_1_102' title='bbox 404 2599 560 2698; x_wconf 89' lang='lat' dir='ltr'><strong>partium</strong></span> <span class='ocrx_word' id='word_1_103' title='bbox 592 2599 752 2698; x_wconf 85' lang='lat' dir='ltr'><strong>legitima</strong></span> <span class='ocrx_word' id='word_1_104' title='bbox 781 2599 979 2699; x_wconf 88' lang='lat' dir='ltr'><strong>dispositio,</strong></span> <span class='ocrx_word' id='word_1_105' title='bbox 1006 2613 1043 2673; x_wconf 91' lang='lat' dir='ltr'><strong>et</strong></span> <span class='ocrx_word' id='word_1_106' title='bbox 1070 2599 1205 2700; x_wconf 90' lang='lat' dir='ltr'><strong>pedum</strong></span> 
     </span>
    </p>
   </div>
   <div class='ocr_carea' id='block_1_9' title="bbox 110 2711 1206 2928">
    <p class='ocr_par' dir='ltr' id='par_1_9' title="bbox 110 2711 1206 2928">
     <span class='ocr_line' id='line_1_18' title="bbox 110 2711 1206 2815; baseline 0.005 -30"><span class='ocrx_word' id='word_1_107' title='bbox 110 2711 206 2786; x_wconf 88' lang='lat' dir='ltr'><strong>culta</strong></span> <span class='ocrx_word' id='word_1_108' title='bbox 222 2715 416 2815; x_wconf 84' lang='lat' dir='ltr'><strong>copulatio,</strong></span> <span class='ocrx_word' id='word_1_109' title='bbox 434 2715 645 2790; x_wconf 87' lang='lat' dir='ltr'><strong>consonanti</strong></span> <span class='ocrx_word' id='word_1_110' title='bbox 672 2715 792 2815; x_wconf 86' lang='lat' dir='ltr'><strong>speeie</strong></span> <span class='ocrx_word' id='word_1_111' title='bbox 817 2715 1003 2790; x_wconf 87' lang='lat' dir='ltr'><strong>metricam</strong></span> <span class='ocrx_word' id='word_1_112' title='bbox 1031 2715 1206 2790; x_wconf 88' lang='lat' dir='ltr'><strong>exhibens</strong></span> 
     </span>
     <span class='ocr_line' id='line_1_19' title="bbox 110 2829 281 2928; baseline 0.018 -29"><span class='ocrx_word' id='word_1_113' title='bbox 110 2829 281 2928; x_wconf 88' lang='lat' dir='ltr'><strong>regulam.</strong></span> 
     </span>
    </p>
   </div>
   <div class='ocr_carea' id='block_1_10' title="bbox 262 3029 1050 3106">
    <p class='ocr_par' dir='ltr' id='par_1_10' title="bbox 262 3029 1050 3106">
     <span class='ocr_line' id='line_1_20' title="bbox 262 3029 1050 3106; baseline 0.003 -4"><span class='ocrx_word' id='word_1_114' title='bbox 262 3029 353 3104; x_wconf 76' lang='lat' dir='ltr'><strong>Car.</strong></span> <span class='ocrx_word' id='word_1_115' title='bbox 366 3029 458 3106; x_wconf 86' lang='grc' dir='ltr'><strong>ΧΠ.</strong></span> <span class='ocrx_word' id='word_1_116' title='bbox 486 3031 549 3104; x_wconf 81' lang='lat' dir='ltr'><strong>Da</strong></span> <span class='ocrx_word' id='word_1_117' title='bbox 567 3053 782 3105; x_wconf 78' lang='lat' dir='ltr'><strong>nsesxmco</strong></span> <span class='ocrx_word' id='word_1_118' title='bbox 800 3055 1050 3106; x_wconf 72' lang='lat' dir='ltr'><strong>noxius-mo.</strong></span> 
     </span>
    </p>
   </div>
   <div class='ocr_carea' id='block_1_11' title="bbox 111 3177 1205 3746">
    <p class='ocr_par' dir='ltr' id='par_1_11' title="bbox 111 3177 1205 3746">
     <span class='ocr_line' id='line_1_21' title="bbox 158 3177 1203 3282; baseline 0 -28"><span class='ocrx_word' id='word_1_119' title='bbox 158 3179 290 3255; x_wconf 90' lang='lat' dir='ltr'><strong>Versus</strong></span> <span class='ocrx_word' id='word_1_120' title='bbox 327 3181 489 3256; x_wconf 88' lang='lat' dir='ltr'><strong>heroicus</strong></span> <span class='ocrx_word' id='word_1_121' title='bbox 521 3209 541 3256; x_wconf 90' lang='lat' dir='ltr'><strong>a</strong></span> <span class='ocrx_word' id='word_1_122' title='bbox 570 3179 761 3256; x_wconf 87' lang='lat' dir='ltr'><strong>duodecim</strong></span> <span class='ocrx_word' id='word_1_123' title='bbox 798 3179 944 3282; x_wconf 86' lang='lat' dir='ltr'><strong>syllabis</strong></span> <span class='ocrx_word' id='word_1_124' title='bbox 974 3180 1011 3253; x_wconf 93' lang='lat' dir='ltr'><strong>in</strong></span> <span class='ocrx_word' id='word_1_125' title='bbox 1037 3177 1203 3282; x_wconf 80' lang='lat' dir='ltr'><strong>dseptem</strong></span> 
     </span>
     <span class='ocr_line' id='line_1_22' title="bbox 111 3295 1202 3398; baseline 0.002 -29"><span class='ocrx_word' id='word_1_126' title='bbox 111 3295 231 3370; x_wconf 86' lang='lat' dir='ltr'><strong>decem</strong></span> <span class='ocrx_word' id='word_1_127' title='bbox 260 3297 415 3398; x_wconf 90' lang='lat' dir='ltr'><strong>syllabas</strong></span> <span class='ocrx_word' id='word_1_128' title='bbox 439 3297 621 3398; x_wconf 85' lang='lat' dir='ltr'><strong>longatur,</strong></span> <span class='ocrx_word' id='word_1_129' title='bbox 646 3297 739 3372; x_wconf 89' lang='lat' dir='ltr'><strong>ultra</strong></span> <span class='ocrx_word' id='word_1_130' title='bbox 764 3323 836 3370; x_wconf 93' lang='lat' dir='ltr'><strong>non</strong></span> <span class='ocrx_word' id='word_1_131' title='bbox 870 3309 998 3396; x_wconf 89' lang='lat' dir='ltr'><strong>potest.</strong></span> <span class='ocrx_word' id='word_1_132' title='bbox 1049 3295 1147 3370; x_wconf 91' lang='lat' dir='ltr'><strong>Nam</strong></span> <span class='ocrx_word' id='word_1_133' title='bbox 1175 3297 1202 3371; x_wconf 90' lang='lat' dir='ltr'><strong>si</strong></span> 
     </span>
     <span class='ocr_line' id='line_1_23' title="bbox 113 3411 1204 3514; baseline 0.002 -30"><span class='ocrx_word' id='word_1_134' title='bbox 113 3411 189 3512; x_wconf 91' lang='lat' dir='ltr'><strong>plus</strong></span> <span class='ocrx_word' id='word_1_135' title='bbox 221 3413 342 3502; x_wconf 86' lang='lat' dir='ltr'><strong>babet,</strong></span> <span class='ocrx_word' id='word_1_136' title='bbox 376 3414 609 3488; x_wconf 87' lang='lat' dir='ltr'><strong>excutiuntur</strong></span> <span class='ocrx_word' id='word_1_137' title='bbox 641 3441 705 3514; x_wconf 90' lang='lat' dir='ltr'><strong>per</strong></span> <span class='ocrx_word' id='word_1_138' title='bbox 734 3413 869 3501; x_wconf 74' lang='grc' dir='ltr'><strong>ἔκθλιψιν</strong></span> <span class='ocrx_word' id='word_1_139' title='bbox 898 3413 954 3486; x_wconf 88' lang='lat' dir='ltr'><strong>vel</strong></span> <span class='ocrx_word' id='word_1_140' title='bbox 984 3415 1204 3505; x_wconf 63' lang='lat' dir='ltr'><strong>‘anatomia</strong></span> 
     </span>
     <span class='ocr_line' id='line_1_24' title="bbox 112 3527 1204 3630; baseline 0.002 -28"><span class='ocrx_word' id='word_1_141' title='bbox 112 3527 299 3602; x_wconf 86' lang='lat' dir='ltr'><strong>Scanditur</strong></span> <span class='ocrx_word' id='word_1_142' title='bbox 324 3541 445 3602; x_wconf 88' lang='lat' dir='ltr'><strong>autem</strong></span> <span class='ocrx_word' id='word_1_143' title='bbox 473 3529 599 3602; x_wconf 87' lang='lat' dir='ltr'><strong>sexies.</strong></span> <span class='ocrx_word' id='word_1_144' title='bbox 651 3527 796 3628; x_wconf 89' lang='lat' dir='ltr'><strong>Recipit</strong></span> <span class='ocrx_word' id='word_1_145' title='bbox 821 3527 949 3602; x_wconf 74' lang='lat' dir='ltr'><strong>&#39;etiam</strong></span> <span class='ocrx_word' id='word_1_146' title='bbox 975 3527 1096 3630; x_wconf 89' lang='lat' dir='ltr'><strong>pedes,</strong></span> <span class='ocrx_word' id='word_1_147' title='bbox 1119 3555 1204 3604; x_wconf 89' lang='lat' dir='ltr'><strong>eum</strong></span> 
     </span>
     <span class='ocr_line' id='line_1_25' title="bbox 113 3643 1205 3746; baseline 0.002 -30"><span class='ocrx_word' id='word_1_148' title='bbox 113 3657 162 3716; x_wconf 88' lang='lat' dir='ltr'><strong>est</strong></span> <span class='ocrx_word' id='word_1_149' title='bbox 194 3643 388 3743; x_wconf 87' lang='lat' dir='ltr'><strong>legitimus,</strong></span> <span class='ocrx_word' id='word_1_150' title='bbox 417 3645 510 3718; x_wconf 89' lang='lat' dir='ltr'><strong>inter</strong></span> <span class='ocrx_word' id='word_1_151' title='bbox 543 3671 580 3718; x_wconf 88' lang='lat' dir='ltr'><strong>se</strong></span> <span class='ocrx_word' id='word_1_152' title='bbox 611 3644 763 3719; x_wconf 85' lang='lat' dir='ltr'><strong>variatos</strong></span> <span class='ocrx_word' id='word_1_153' title='bbox 793 3643 895 3734; x_wconf 91' lang='lat' dir='ltr'><strong>duos,</strong></span> <span class='ocrx_word' id='word_1_154' title='bbox 925 3645 1139 3746; x_wconf 90' lang='lat' dir='ltr'><strong>spondeum,</strong></span> <span class='ocrx_word' id='word_1_155' title='bbox 1168 3657 1205 3720; x_wconf 91' lang='lat' dir='ltr'><strong>et</strong></span> 
     </span>
    </p>
   </div>
   <div class='ocr_carea' id='block_1_12' title="bbox 114 3895 1204 4615">
    <p class='ocr_par' dir='ltr' id='par_1_12' title="bbox 114 3895 1204 4458">
     <span class='ocr_line' id='line_1_26' title="bbox 150 3895 1204 3974; baseline 0.003 -23"><span class='ocrx_word' id='word_1_156' title='bbox 150 3905 162 3936; x_wconf 65' lang='lat' dir='ltr'>V</span> <span class='ocrx_word' id='word_1_157' title='bbox 176 3895 294 3952; x_wconf 82' lang='lat' dir='ltr'><strong>ablativo</strong></span> <span class='ocrx_word' id='word_1_158' title='bbox 307 3895 381 3953; x_wconf 90' lang='lat' dir='ltr'><strong>Ven.</strong></span> <span class='ocrx_word' id='word_1_159' title='bbox 525 3905 547 3937; x_wconf 76' lang='lat'><strong>⁸¹</strong></span> <span class='ocrx_word' id='word_1_160' title='bbox 563 3895 661 3974; x_wconf 88' lang='lat' dir='ltr'><strong>plurali</strong></span> <span class='ocrx_word' id='word_1_161' title='bbox 677 3895 862 3974; x_wconf 87' lang='lat' dir='ltr'><strong>quibuslibet]</strong></span> <span class='ocrx_word' id='word_1_162' title='bbox 878 3898 987 3972; x_wconf 82' lang='lat' dir='ltr'><strong>plurali</strong></span> <span class='ocrx_word' id='word_1_163' title='bbox 1000 3899 1029 3952; x_wconf 85' lang='lat' dir='ltr'><strong>iu</strong></span> <span class='ocrx_word' id='word_1_164' title='bbox 1044 3897 1204 3970; x_wconf 81' lang='lat' dir='ltr'><strong>quibuslibet</strong></span> 
     </span>
     <span class='ocr_line' id='line_1_27' title="bbox 114 3975 1203 4053; baseline 0 -21"><span class='ocrx_word' id='word_1_165' title='bbox 114 3977 216 4050; x_wconf 82' lang='lat' dir='ltr'><strong>syllabis</strong></span> <span class='ocrx_word' id='word_1_166' title='bbox 229 3975 338 4034; x_wconf 70' lang='lat' dir='ltr'><strong>Aac.</strong></span> <span class='ocrx_word' id='word_1_167' title='bbox 353 3979 380 4033; x_wconf 88' lang='lat' dir='ltr'><strong>in</strong></span> <span class='ocrx_word' id='word_1_168' title='bbox 396 3977 556 4051; x_wconf 82' lang='lat' dir='ltr'><strong>quibuslibet</strong></span> <span class='ocrx_word' id='word_1_169' title='bbox 572 3977 644 4036; x_wconf 90' lang='lat' dir='ltr'><strong>Ven.</strong></span> <span class='ocrx_word' id='word_1_170' title='bbox 747 3987 763 4019; x_wconf 86' lang='lat'>¹</span> <span class='ocrx_word' id='word_1_171' title='bbox 779 3975 1068 4051; x_wconf 81' lang='lat' dir='ltr'><strong>finito-terminato]</strong></span> <span class='ocrx_word' id='word_1_172' title='bbox 1075 3977 1203 4053; x_wconf 81' lang='lat' dir='ltr'><strong>finito-</strong></span> 
     </span>
     <span class='ocr_line' id='line_1_28' title="bbox 116 4057 1203 4136; baseline 0 -22"><span class='ocrx_word' id='word_1_173' title='bbox 116 4057 249 4114; x_wconf 82' lang='lat' dir='ltr'><strong>terminata</strong></span> <span class='ocrx_word' id='word_1_174' title='bbox 263 4057 335 4115; x_wconf 76' lang='lat' dir='ltr'><strong>AB.</strong></span> <span class='ocrx_word' id='word_1_175' title='bbox 489 4067 505 4113; x_wconf 73' lang='lat'><em>5</em></span> <span class='ocrx_word' id='word_1_176' title='bbox 518 4070 611 4136; x_wconf 81' lang='lat' dir='ltr'><strong>stygos</strong></span> <span class='ocrx_word' id='word_1_177' title='bbox 626 4057 798 4134; x_wconf 86' lang='lat' dir='ltr'><strong>Delphinus]</strong></span> <span class='ocrx_word' id='word_1_178' title='bbox 805 4057 919 4133; x_wconf 76' lang='lat' dir='ltr'><strong>fryges,</strong></span> <span class='ocrx_word' id='word_1_179' title='bbox 934 4059 1047 4134; x_wconf 67' lang='lat' dir='ltr'><strong>deblitat</strong></span> <span class='ocrx_word' id='word_1_180' title='bbox 1060 4059 1095 4115; x_wconf 89' lang='lat' dir='ltr'><strong>A.</strong></span> <span class='ocrx_word' id='word_1_181' title='bbox 1110 4065 1203 4132; x_wconf 81' lang='lat' dir='ltr'><strong>trogus</strong></span> 
     </span>
     <span class='ocr_line' id='line_1_29' title="bbox 115 4137 1202 4217; baseline 0.002 -24"><span class='ocrx_word' id='word_1_182' title='bbox 115 4139 187 4212; x_wconf 75' lang='lat' dir='ltr'><strong>stiget</strong></span> <span class='ocrx_word' id='word_1_183' title='bbox 200 4139 234 4194; x_wconf 88' lang='lat' dir='ltr'><strong>C.</strong></span> <span class='ocrx_word' id='word_1_184' title='bbox 336 4147 351 4180; x_wconf 84' lang='lat'><em>¹</em></span> <span class='ocrx_word' id='word_1_185' title='bbox 365 4139 472 4217; x_wconf 77' lang='lat' dir='ltr'><strong>styges]</strong></span> <span class='ocrx_word' id='word_1_186' title='bbox 479 4138 580 4215; x_wconf 78' lang='lat' dir='ltr'><strong>fryges</strong></span> <span class='ocrx_word' id='word_1_187' title='bbox 594 4139 626 4194; x_wconf 91' lang='lat' dir='ltr'><strong>A.</strong></span> <span class='ocrx_word' id='word_1_188' title='bbox 631 4137 725 4213; x_wconf 82' lang='lat' dir='ltr'><strong>friges</strong></span> <span class='ocrx_word' id='word_1_189' title='bbox 739 4138 773 4195; x_wconf 90' lang='lat' dir='ltr'><strong>B.</strong></span> <span class='ocrx_word' id='word_1_190' title='bbox 883 4149 900 4181; x_wconf 84' lang='lat'>⁸</span> <span class='ocrx_word' id='word_1_191' title='bbox 913 4137 960 4196; x_wconf 83' lang='lat' dir='ltr'><strong>De</strong></span> <span class='ocrx_word' id='word_1_192' title='bbox 974 4139 1083 4196; x_wconf 87' lang='lat' dir='ltr'><strong>ratione</strong></span> <span class='ocrx_word' id='word_1_193' title='bbox 1098 4149 1202 4196; x_wconf 87' lang='lat' dir='ltr'><strong>metro·</strong></span> 
     </span>
     <span class='ocr_line' id='line_1_30' title="bbox 117 4214 1203 4294; baseline 0.002 -20"><span class='ocrx_word' id='word_1_194' title='bbox 117 4219 183 4292; x_wconf 89' lang='lat' dir='ltr'><strong>rum]</strong></span> <span class='ocrx_word' id='word_1_195' title='bbox 203 4219 249 4275; x_wconf 84' lang='lat' dir='ltr'><strong>De</strong></span> <span class='ocrx_word' id='word_1_196' title='bbox 262 4221 355 4277; x_wconf 68' lang='lat' dir='ltr'><strong>menis</strong></span> <span class='ocrx_word' id='word_1_197' title='bbox 368 4220 404 4277; x_wconf 89' lang='lat' dir='ltr'><strong>A.</strong></span> <span class='ocrx_word' id='word_1_198' title='bbox 501 4229 533 4262; x_wconf 75' lang='lat'><strong>⁸⁸</strong></span> <span class='ocrx_word' id='word_1_199' title='bbox 543 4220 685 4294; x_wconf 83' lang='lat' dir='ltr'><strong>positionis</strong></span> <span class='ocrx_word' id='word_1_200' title='bbox 699 4218 771 4275; x_wconf 88' lang='lat' dir='ltr'><strong>Veu.</strong></span> <span class='ocrx_word' id='word_1_201' title='bbox 866 4214 1107 4294; x_wconf 72' lang='lat' dir='ltr'><strong>brenemensem]</strong></span> <span class='ocrx_word' id='word_1_202' title='bbox 1124 4219 1203 4276; x_wconf 78' lang='lat' dir='ltr'><strong>osbe-</strong></span> 
     </span>
     <span class='ocr_line' id='line_1_31' title="bbox 116 4296 1200 4374; baseline 0.004 -20"><span class='ocrx_word' id='word_1_203' title='bbox 116 4305 209 4355; x_wconf 80' lang='lat' dir='ltr'><strong>meuter</strong></span> <span class='ocrx_word' id='word_1_204' title='bbox 222 4297 296 4356; x_wconf 75' lang='lat' dir='ltr'><strong>AB.</strong></span> <span class='ocrx_word' id='word_1_205' title='bbox 440 4309 454 4342; x_wconf 76' lang='lat'><strong>⁰</strong></span> <span class='ocrx_word' id='word_1_206' title='bbox 468 4299 554 4356; x_wconf 84' lang='lat' dir='ltr'><strong>fluctu</strong></span> <span class='ocrx_word' id='word_1_207' title='bbox 568 4296 757 4372; x_wconf 86' lang='lat' dir='ltr'><strong>circuitionis]</strong></span> <span class='ocrx_word' id='word_1_208' title='bbox 778 4297 907 4374; x_wconf 82' lang='lat' dir='ltr'><strong>anfractu</strong></span> <span class='ocrx_word' id='word_1_209' title='bbox 921 4297 1112 4358; x_wconf 76' lang='lat' dir='ltr'><strong>circumitionis</strong></span> <span class='ocrx_word' id='word_1_210' title='bbox 1125 4297 1200 4358; x_wconf 72' lang='lat' dir='ltr'><strong>AB.</strong></span> 
     </span>
     <span class='ocr_line' id='line_1_32' title="bbox 116 4375 1203 4458; baseline 0.003 -23"><span class='ocrx_word' id='word_1_211' title='bbox 116 4375 166 4436; x_wconf 77' lang='lat' dir='ltr'><strong>din</strong></span> <span class='ocrx_word' id='word_1_212' title='bbox 179 4377 276 4436; x_wconf 88' lang='lat' dir='ltr'><strong>decern</strong></span> <span class='ocrx_word' id='word_1_213' title='bbox 291 4389 320 4436; x_wconf 87' lang='lat' dir='ltr'><strong>et</strong></span> <span class='ocrx_word' id='word_1_214' title='bbox 333 4391 443 4457; x_wconf 83' lang='lat' dir='ltr'><strong>septem</strong></span> <span class='ocrx_word' id='word_1_215' title='bbox 459 4379 591 4458; x_wconf 83' lang='lat' dir='ltr'><strong>syllabas]</strong></span> <span class='ocrx_word' id='word_1_216' title='bbox 611 4383 639 4438; x_wconf 82' lang='lat' dir='ltr'><strong>in</strong></span> <span class='ocrx_word' id='word_1_217' title='bbox 652 4381 842 4454; x_wconf 78' lang='lat' dir='ltr'><strong>septmrdeeem</strong></span> <span class='ocrx_word' id='word_1_218' title='bbox 858 4379 931 4438; x_wconf 78' lang='lat' dir='ltr'><strong>AB.</strong></span> <span class='ocrx_word' id='word_1_219' title='bbox 1017 4391 1031 4423; x_wconf 67' lang='grc' dir='ltr'><strong>θ</strong></span> <span class='ocrx_word' id='word_1_220' title='bbox 1045 4393 1074 4439; x_wconf 87' lang='lat' dir='ltr'><strong>et</strong></span> <span class='ocrx_word' id='word_1_221' title='bbox 1087 4391 1203 4438; x_wconf 71' lang='grc' dir='ltr'><strong>συναλοι-</strong></span> 
     </span>
    </p>

    <p class='ocr_par' dir='ltr' id='par_1_13' title="bbox 136 4459 1201 4615">
     <span class='ocr_line' id='line_1_33' title="bbox 136 4459 1201 4538; baseline 0.004 -22"><span class='ocrx_word' id='word_1_222' title='bbox 136 4461 157 4515; x_wconf 67' lang='grc' dir='ltr'>ἰ</span> <span class='ocrx_word' id='word_1_223' title='bbox 190 4462 234 4517; x_wconf 84' lang='lat' dir='ltr'><strong>uel</strong></span> <span class='ocrx_word' id='word_1_224' title='bbox 253 4459 380 4536; x_wconf 67' lang='lat' dir='ltr'><strong>moyen</strong></span> <span class='ocrx_word' id='word_1_225' title='bbox 401 4462 438 4520; x_wconf 90' lang='lat' dir='ltr'><strong>A.</strong></span> <span class='ocrx_word' id='word_1_226' title='bbox 461 4463 505 4520; x_wconf 85' lang='lat' dir='ltr'><strong>oet</strong></span> <span class='ocrx_word' id='word_1_227' title='bbox 525 4461 684 4538; x_wconf 80' lang='lat' dir='ltr'><strong>siuolypteu</strong></span> <span class='ocrx_word' id='word_1_228' title='bbox 706 4461 740 4519; x_wconf 87' lang='lat' dir='ltr'><strong>C.</strong></span> <span class='ocrx_word' id='word_1_229' title='bbox 763 4462 880 4536; x_wconf 72' lang='lat' dir='ltr'><strong>eclypsin</strong></span> <span class='ocrx_word' id='word_1_230' title='bbox 902 4463 946 4518; x_wconf 86' lang='lat' dir='ltr'><strong>oet</strong></span> <span class='ocrx_word' id='word_1_231' title='bbox 968 4463 1110 4538; x_wconf 78' lang='lat' dir='ltr'><strong>synotipbi</strong></span> <span class='ocrx_word' id='word_1_232' title='bbox 1127 4463 1201 4521; x_wconf 88' lang='lat' dir='ltr'><strong>Ven.</strong></span> 
     </span>
     <span class='ocr_line' id='line_1_34' title="bbox 137 4539 844 4615; baseline 0.006 -18"><span class='ocrx_word' id='word_1_233' title='bbox 137 4539 219 4615; x_wconf 81' lang='lat' dir='ltr'><strong>enim]</strong></span> <span class='ocrx_word' id='word_1_234' title='bbox 238 4543 320 4598; x_wconf 83' lang='lat' dir='ltr'><strong>etium</strong></span> <span class='ocrx_word' id='word_1_235' title='bbox 335 4541 407 4601; x_wconf 73' lang='lat' dir='ltr'><strong>AB.</strong></span> <span class='ocrx_word' id='word_1_236' title='bbox 840 4567 844 4575; x_wconf 58' lang='lat'><em>⁴</em></span> 
     </span>
    </p>
   </div>
   <div class='ocr_carea' id='block_1_13' title="bbox 0 0 1517 5142">
    <p class='ocr_par' dir='ltr' id='par_1_14' title="bbox 0 0 1517 5142">
     <span class='ocr_line' id='line_1_35' title="bbox 0 0 1517 5142; baseline 0 0"><span class='ocrx_word' id='word_1_237' title='bbox 0 0 1517 5142; x_wconf 95' lang='lat' dir='ltr'><strong> </strong></span> 
     </span>
    </p>
   </div>
  </div>
 </body>
</html>
