3076 5140
316 409 390 487 206
707 407 826 482 Marii
846 405 1027 482 Wetorini
1274 431 1359 482 ura.
1375 431 1433 482 ιν.

516 589 644 666 Saloca
659 601 747 666 tunc
761 600 934 690 retegunt
948 615 1067 666 ocare.

270 729 303 781 ⁶⁶
316 707 397 782 Erit
413 705 508 808 apud
528 706 725 780 Horatium
745 704 967 803 hujusmodi,

514 822 730 896 humosa
749 819 792 892 V
786 847 873 896 emin
889 821 964 896 dira

316 937 429 1012 Hunc
446 935 597 1034 quidam
614 935 686 1008 aiio
702 934 843 1032 adjecto
856 934 1068 1008 choriambo
1080 933 1283 1010 extendunt
1300 935 1431 1026 latina,

316 1067 512 1150 tamquam,

465 1163 595 1240 Sulooa
611 1175 699 1240 tarne
713 1175 885 1266 retegunt
901 1164 1087 1240 ambone
1105 1191 1220 1252 conte,

314 1282 456 1357 duobua
482 1281 519 1354 in
546 1279 665 1354 medio
690 1279 908 1353 choriambis
933 1279 1079 1379 positia:
1116 1307 1201 1356 nam
1230 1281 1357 1356 sulcos
1384 1296 1426 1356 et

315 1425 420 1474 comer
443 1397 503 1472 hic
519 1421 666 1496 quoquc
690 1395 746 1468 fut
763 1395 926 1494 auperiua
944 1395 981 1468 in
1000 1410 1195 1493 augmento
1211 1411 1341 1470 erunt:
1370 1398 1425 1470 ita

314 1529 352 1590 et
368 1511 456 1588 iilud
474 1510 571 1612 apud
590 1511 799 1602 Horatium,

464 1627 679 1701 Intermissa
699 1623 742 1700 V
736 1651 826 1699 om
839 1625 952 1698 mirac
970 1623 1014 1698 V
1009 1649 1099 1698 eruis
1115 1623 1190 1698 dia.

269 1756 301 1820 ⁶7
314 1741 415 1816 Nam
440 1753 516 1814 tam
539 1741 637 1814 inter
653 1765 763 1837 quam
782 1738 845 1812 diu
871 1737 1096 1838 superfluunt
1122 1751 1247 1812 metro.
1293 1739 1422 1838 Hujus

314 1857 440 1954 figurae
456 1853 583 1926 aimilis
600 1857 695 1953 apud
713 1853 869 1926 eundem
889 1877 1010 1926 veraua
1028 1852 1064 1926 in
1082 1853 1261 1953 principio
1278 1855 1424 1930 inveni·

315 1983 384 2060 tur,
400 1969 463 2056 aic,
683 2025 686 2034 λ

464 2082 647 2160 Merena
662 2083 782 2158 donia
798 2084 894 2160 edite
909 2083 1069 2183 regibus.

268 2219 301 2274 ta
315 2197 413 2274 Nam
443 2215 483 2272 et
514 2199 552 2274 iu
586 2199 656 2274 hoc
689 2199 763 2274 duo
796 2198 905 2272 medii
940 2197 1140 2272 choriambi
1173 2197 1419 2276 ctauduntur:

314 2313 435 2416 primo
464 2313 636 2414 spondeo,
661 2315 800 2392 extimo
829 2315 963 2400 iambo,
988 2312 1051 2409 qui
1082 2339 1147 2412 per
1176 2313 1417 2410 adjectionem
1530 2369 1531 2372 ,

315 2429 452 2504 ultimae
470 2429 618 2528 cyliabae
633 2429 701 2504 erit
718 2441 954 2528 pentameter,
971 2428 1034 2518 aic,
1530 2447 1531 2458 ¹

463 2541 647 2618 Mecenoa
662 2543 781 2620 munia
798 2543 893 2618 edite
908 2542 1118 2642 remigibus.

268 2681 301 2749 69
313 2660 416 2736 Idem
430 2659 615 2733 Phaioecua
629 2669 648 2720 ⁸
653 2671 690 2730 et
702 2673 773 2734 trea
784 2658 1013 2734 choriambon
1027 2683 1101 2732 uno
1112 2683 1216 2732 verau
1228 2657 1419 2756 copulatos

313 2775 470 2866 induxit,
487 2787 672 2850 mutuatus
698 2773 736 2848 id
753 2799 897 2872 quoque
921 2773 968 2848 ob
983 2773 1119 2862 Alcaco,
1135 2773 1184 2846 ita
1202 2785 1243 2846 ut
1267 2785 1339 2845 trea
1365 2772 1419 2846 di-

314 2889 430 2991 podioe
447 2890 699 2966 choriambicae
721 2889 866 2964 extimis
885 2887 1066 2984 utrimque
1087 2886 1314 2986 simplicibus
1330 2915 1419 2962 con-

313 3004 525 3082 cludantur:
553 3019 604 3095 ut,

368 3121 424 3196 Tu
441 3147 487 3196 ne
503 3121 702 3222 quoeaieria,
717 3119 811 3194 scire
826 3115 944 3218 nefas,
961 3141 1067 3216 quem
1083 3117 1172 3192 mihi
1188 3143 1293 3216 quem
1310 3120 1393 3194 tibi.

312 3237 422 3324 Item,
554 3307 557 3316 ,

364 3347 521 3426 Nullum
542 3351 645 3426 Vere
659 3375 767 3426 socru
782 3349 856 3426 uite
868 3347 977 3444 prim
992 3347 1128 3422 severis
1144 3346 1324 3422 arborem.

271 3463 412 3541 roNarn
439 3467 532 3542 binis
558 3467 704 3566 syllabis
729 3493 776 3540 cx
800 3464 906 3540 initio
928 3475 966 3538 et
993 3464 1066 3536 fine
1093 3461 1262 3536 detractis
1288 3490 1417 3564 super-

591 3671 603 3718 t
613 3674 656 3750 et]
674 3683 707 3732 ut
720 3673 751 3732 Ρ.
874 3671 975 3748 etms]
992 3683 1021 3730 et
1035 3683 1091 3730 nea
1106 3671 1139 3732 P.

354 3868 403 3926 68.
415 3866 657 3944 perodjectionem
671 3869 774 3926 nitimoe
786 3869 843 3944 ayt·
881 3862 1414 3940 marturanensidfferentnnaur.
1529 3937 1530 3954 2

314 3947 394 4022 labe]
419 3950 463 4007 lta
482 3947 567 4006 fuerit
587 3947 760 4026 exemplum,
779 3949 841 4005 Me·
883 3965 910 4007 v.
925 3944 1011 4020 2657.

313 4047 401 4086 certor
411 4031 500 4086 otonis
510 4031 581 4086 edite
594 4029 701 4103 regibus
711 4029 763 4085 hic.
785 4027 841 4086 Sed
923 4025 971 4100 69.
992 4033 1133 4084 mutuatur
1148 4027 1177 4082 id
1190 4042 1296 4100 quoque
1312 4025 1348 4081 ab
1362 4025 1415 4082 At·

313 4107 343 4166 in
367 4109 549 4184 sequentibus
573 4109 659 4170 docet
684 4107 842 4185 adjectione
883 4104 949 4187 cco]
968 4107 1013 4164 De
1026 4105 1122 4164 Aloaeo
1136 4103 1213 4164 iliam
1228 4103 1303 4164 oden
1318 4105 1414 4162 Hora·

313 4188 477 4266 penultima
499 4189 534 4248 de
555 4189 610 4247 hoc
634 4199 840 4267 pentametrum
883 4185 955 4246 tium
977 4185 1155 4244 tranatuliaae
1175 4183 1280 4243 indicio
1294 4197 1339 4242 eat
1353 4202 1413 4242 rer-

314 4267 402 4338 reddi,
430 4281 463 4326 ut
495 4269 549 4328 hoc
581 4269 676 4336 modo,
706 4269 842 4326 Mecoennr
881 4285 930 4325 aua
956 4265 1063 4344 primua
1085 4267 1131 4324 cui
1152 4263 1254 4324 similia
1277 4283 1363 4322 censu
1385 4275 1414 4322 et

313 4351 403 4406 otonis
416 4351 487 4406 edite
500 4349 652 4424 conhibito.
674 4348 827 4407 CAMER.
881 4365 984 4426 genere
997 4343 1132 4405 carminis
1150 4344 1254 4403 citatur
1267 4363 1301 4403 ex
1314 4345 1412 4402 Alcaeo

353 4429 393 4489 ib.
412 4431 545 4505 regitur]
565 4431 654 4488 Deest
667 4427 774 4504 ayiiaba
788 4429 839 4496 irio,
881 4427 938 4496 hic,
966 4425 1051 4496 Μηδὲν
1082 4425 1147 4484 dm
1169 4427 1276 4501 φνκής
1304 4426 1413 4502 «piano

313 4522 362 4567 aut
382 4509 438 4570 tale
458 4511 603 4591 quiddam.
630 4509 765 4568 coMM.
795 4527 839 4566 re·
881 4509 981 4583 δι’»δριου
994 4507 1115 4578 ἀμπέλου.
1137 4505 1289 4564 CAMER.
