3124 5120
141 434 281 494 cana.
492 419 557 494 De
574 420 775 520 Dactylioo
789 433 913 496 metro.
1202 437 1249 514 9³

142 604 201 678 nit
218 629 350 678 vocum
375 604 514 702 integer
529 631 592 704 pes
609 631 699 694 esse,
714 604 776 678 sed
801 631 889 680 sane
903 619 946 680 ut
966 605 1136 706 perfecte
1158 607 1250 706 parti

140 719 319 792 orationis
336 719 382 793 de
399 721 562 818 sequenti
578 747 743 794 sermone
756 720 892 818 aliquid
910 721 1069 811 accedat,
1087 747 1155 796 nec
1171 747 1252 796 um·

141 862 257 934 quam
280 835 386 910 tacite
411 863 498 910 cum
521 839 596 910 linc
617 835 720 936 pedis
744 861 825 936 pars
848 837 1019 910 orationis
1047 837 1250 936 impleatur.

144 951 192 1024 ln
220 951 411 1050 anapaestis
435 965 554 1026 autem
582 965 707 1026 eontra
733 953 855 1026 evenit
880 951 998 1027 istudz
1024 952 1161 1028 etenim
1187 971 1280 1052 pesa

145 1068 209 1140 hic
226 1067 377 1165 singulis
394 1067 707 1166 conjugationibus
722 1081 859 1167 partem
874 1069 1044 1144 orationis
1057 1067 1251 1158 includere,

144 1181 243 1254 sicut
260 1181 299 1254 in
316 1183 506 1256 comoediis
531 1183 703 1282 pleraque
720 1185 889 1285 exempla
906 1185 1098 1258 declarant.
1148 1185 1280 1270 Non-9

145 1322 338 1394 nunquam
368 1297 448 1372 haec
474 1299 676 1372 observatio
700 1298 998 1398 pretermittitur,
1023 1298 1086 1372 sed
1107 1297 1169 1396 qui
1197 1299 1253 1372 fu·

145 1412 243 1485 erint
259 1437 395 1498 versus,
411 1439 530 1512 neque
545 1439 675 1490 sonum
693 1441 813 1513 neque
832 1415 983 1515 gratiam
1002 1415 1202 1504 habebunt,
1217 1429 1253 1486 ct

146 1553 266 1626 prosse
290 1529 441 1602 orationi
467 1530 604 1604 similes
630 1530 831 1605 audientur.
882 1529 1078 1604 'l'rochseus
1102 1553 1254 1602 numero
1269 1561 1298 1598 ιο

145 1654 294 1718 tautum
323 1643 538 1742 syllabarum
566 1643 725 1746 spondeo
755 1669 967 1744 congruens,
990 1644 1089 1717 velut
1118 1643 1253 1716 alicnus

147 1758 197 1830 ab
215 1757 287 1848 his,
303 1781 444 1858 semper
456 1759 492 1831 in
511 1759 649 1834 extima
660 1772 761 1858 parte
780 1785 903 1832 versus
920 1759 1110 1834 locabitur.
1138 1758 1255 1857 Super
1270 1783 1295 1818 ¹¹

148 1897 227 1970 quo
252 1871 362 1946 etiam
389 1901 487 1948 nunc
513 1875 607 1948 inter
630 1873 885 1974 grammaticos
917 1875 959 1948 lis
985 1873 1141 1974 pendet:
1168 1899 1252 1947 nam

147 1987 320 2084 quicum
346 2005 519 2080 asserunt,
535 1990 656 2063 serunt
678 1989 921 2089 pulchriorem
943 2017 1085 2064 versum
1109 1991 1253 2091 epicum

149 2101 260 2186 effici,
281 2101 310 2174 si
336 2107 502 2192 κατάληξιν
523 2105 666 2190 habeat,
683 2104 720 2178 id
743 2118 810 2193 est,
835 2106 867 2178 si
890 2106 1049 2180 trochaeo
1066 2106 1255 2180 claudente

149 2216 386 2290 terminetur:
412 2233 454 2292 ut
469 2217 707 2318 persuadeant
723 2219 910 2318 dactylicis
931 2219 1085 2319 pedibus
1102 2221 1256 2296 familia·

150 2333 240 2404 riter
263 2333 439 2407 trochaeos
462 2335 499 2407 in
522 2335 807 2434 depositionibus
830 2335 1024 2434 conjugari.
1074 2335 1254 2412 Adversus
1271 2365 1298 2399 ¹²

150 2473 245 2547 quos
271 2448 333 2522 alii
358 2449 427 2522 loci
453 2451 605 2540 extimo,
617 2451 654 2524 in
678 2477 752 2549 quo
766 2463 917 2558 'tantum
942 2449 1046 2523 locali
1071 2451 1255 2552 prescrip-

149 2563 255 2636 tione
272 2564 448 2638 nituntur.
499 2565 580 2640 Nec
596 2579 611 2614 ⁶
617 2567 809 2653 immerito,
823 2578 865 2640 ut
881 2565 1075 2638 novissima
1091 2563 1168 2661 ejus
1186 2567 1258 2666 syl·

152 2679 249 2763 laba,
270 2677 373 2777 ‘lquor
398 2707 539 2781 semper
562 2681 678 2754 brevis
700 2695 765 2769 est,
789 2707 888 2753 mora
911 2679 1087 2780 temporis
1110 2679 1258 2754 interce-

151 2793 277 2884 dente,
302 2821 382 2892 quse
409 2797 447 2871 in
476 2799 548 2870 line
573 2821 695 2870 versus
721 2795 929 2870 naturaliter
956 2795 1146 2895 contingit,
1175 2823 1259 2898 sup-

152 2909 309 3010 pleatur,
334 2937 408 3010 quo
434 2925 523 2986 tunc
553 2911 703 2986 demum
735 2937 800 3010 pro
829 2911 937 3010 longa
966 2923 1139 3002 sumatur,
1165 2911 1258 2986 sicut

152 3025 337 3126 plemque
354 3028 391 3100 in
411 3029 533 3100 metris
551 3027 675 3100 finales
701 3025 863 3125 syllabae,
880 3025 935 3098 vel
960 3025 1080 3123 ⁰quod
1100 3025 1256 3100 inomni

152 3165 259 3214 versu
279 3142 407 3216 ultima
424 3141 541 3216 breris
562 3143 735 3239 ὅθιόφορος,
753 3139 789 3213 id
806 3151 873 3230 est,
890 3139 1109 3230 indifferens,
1129 3141 1259 3216 habea-

151 3269 226 3330 tur.
278 3257 371 3339 Quae
395 3271 517 3332 tamen
544 3257 725 3357 penuasio
747 3255 787 3329 in
813 3253 936 3330 madio
951 3255 1068 3355 posita
1084 3269 1205 3356 potest
1222 3272 1258 3332 et
1274 3289 1301 3336 ιε

152 3369 314 3444 trochaeo
331 3372 502 3448 accidere.
528 3373 616 3447 Non
634 3385 731 3446 amat
748 3385 883 3458 autem,
900 3383 942 3444 ut
958 3367 1097 3446 dictum
1115 3385 1181 3461 cst,
1194 3399 1259 3471 per

152 3486 317 3585 singulos
350 3487 459 3587 pedes
486 3490 597 3563 rerba
624 3487 740 3574 finire,
769 3485 832 3560 scd
859 3485 1063 3560 immiscere
1091 3488 1257 3588 syllabas.

195 3706 379 3786 uramara]
404 3709 552 3772 aaran
647 3707 753 3790 aqua]
777 3729 834 3788 qna
854 3709 885 3768 1³.
979 3712 1097 3790 equor]
1114 3733 1169 3791 que
1184 3715 1217 3774 Ρ.

155 3909 235 3957 mox,
263 3892 401 3950 irrolsdrre
434 3893 514 3952 deest
539 3895 618 3961 solet,
643 3893 685 3953 vel
727 3905 879 3952 remtarum
889 3891 1023 3954 numeris.
1043 3895 1089 3964 Ut,
1099 3897 1139 3954 At
1149 3899 1258 3970 rergiao

153 3982 234 4028 certe
261 3971 402 4031 subaudiri
429 3973 523 4033 debet.
552 3975 686 4034 COMM.
725 3971 888 4051 graloijom
905 3967 912 4051 Ι
929 3973 1033 4034 dudum
1053 3987 1092 4045 et,
1108 3977 1256 4056 lnrigprenr

157 4051 226 4109 Hoc
240 4065 389 4111 monuerat
403 4053 588 4114 Camerarius.
725 4055 840 4133 pieltotr
854 4053 955 4128 oilrasrn
970 4060 1011 4114 tot
1029 4056 1117 4132 aldire
1130 4059 1256 4138 lollores.

197 4131 236 4190 ib.
253 4137 686 4207 memoramurocumiate·
727 4137 824 4194 CAM.

154 4231 206 4286 ger
217 4213 347 4288 punse]
370 4215 529 4276 Mendosuc
549 4229 581 4276 et
600 4219 687 4276 muti·
775 4233 819 4275 ra.
846 4216 998 4292 κατάληξιν]
1031 4217 1050 4276 l.
1078 4219 1108 4276 io
1136 4217 1257 4277 caralexl

156 4293 201 4350 lus
216 4291 297 4352 locus
311 4291 342 4352 ia
356 4294 505 4355 manifesto
520 4315 614 4366 senso,
628 4297 689 4356 lieri
729 4299 847 4356 Saurea.
861 4299 929 4356 Ter.
944 4299 1039 4357 Maur.
1053 4319 1081 4377 p.
1095 4316 1163 4377 2¹9·

154 4373 234 4434 euim
258 4372 320 4432 volt
340 4373 482 4454 integram
503 4378 604 4455 pedem
630 4397 687 4438 non
775 4395 819 4453 13.
834 4378 955 4452 extimo]
970 4377 1068 4438 extimi
1084 4380 1127 4438 ld.

156 4453 331 4533 integramm
354 4474 454 4515 vocum
475 4457 526 4516 sed
547 4457 627 4536 quasi
645 4460 688 4518 di·
770 4457 809 4518 ib.
825 4457 921 4541 locali]
938 4460 1047 4520 locatur
1059 4461 1103 4518 ld.
