3076 5140
152 433 243 486 cnr.
259 425 297 488 3.
485 413 548 486 De
563 416 692 488 metris
710 413 944 490 Horatianis.
1196 437 1265 496 225

155 597 306 680 Quibus
337 597 498 671 numeris
523 597 728 696 frequenter
757 599 907 699 Sappho
934 603 1093 678 carmina
1118 632 1266 705 compo-
1282 635 1309 684 rs

154 715 273 786 suisse
291 713 531 812 cognoscitur.
584 715 725 788 Feritur
742 713 811 788 hoc
836 731 990 790 metrum
1010 717 1080 792 ‘vel
1099 747 1163 820 per
1180 723 1266 796 sim-

154 829 271 928 plices
297 829 420 929 pedes,
437 855 589 927 qnorum
610 829 747 928 primus
771 829 945 931 dactylus,
964 835 1140 910 secundus
1158 865 1266 937 spon·

154 945 261 1036 deus,
288 947 416 1019 tertius
454 945 673 1046 pariambns‚
703 961 850 1044 quartus
890 951 1082 1042 trochaeus,
1113 953 1263 1050 quintus

155 1061 353 1156 spondeus,
369 1062 426 1136 vel
451 1062 651 1144 trochaeus;
683 1063 739 1135 vel
766 1089 829 1161 per
855 1063 1039 1164 dipodian‚
1056 1081 1097 1140 ut
1122 1085 1263 1144 constet

155 1177 307 1275 epitrito
341 1177 499 1252 secundo
525 1202 633 1274 quem
669 1189 706 1250 et
741 1177 908 1278 hippium
940 1179 1106 1272 dicimus,
1131 1183 1263 1259 dehinc

156 1293 385 1384 choriambo,
410 1295 540 1368 ultimo
571 1293 722 1368 bacchio
749 1295 804 1370 vel
834 1296 1135 1397 Samphibrachy,
1160 1301 1262 1397 cujus

156 1411 370 1510 exemplum
391 1409 486 1510 apud
505 1409 715 1498 Horatium,

315 1527 444 1625 Crispe
460 1525 616 1614 Salusti,
632 1525 706 1598 nisi
723 1533 933 1622 temperato.

159 1641 247 1716 Hoc
274 1655 402 1734 metro,
428 1643 463 1716 id
490 1656 544 1718 est
563 1642 863 1741 hendecasyllabo
881 1641 1078 1740 Sapphico,
1097 1669 1181 1718 usus
1208 1659 1261 1720 est
1278 1666 1306 1718 1⁶

158 1759 280 1857 pn'mo
297 1760 389 1833 libro
406 1761 539 1846 novies,
557 1758 715 1833 secundo
734 1761 861 1846 sexies,
874 1757 980 1830 tertio
998 1759 1140 1857 septies,
1157 1789 1261 1860 quar-

158 1887 199 1945 to
224 1887 289 1947 ter.
341 1875 436 1950 Item
467 1875 592 1975 epodis
628 1873 720 1974 epici
751 1871 931 1962 ¹¹dimensi,
961 1875 1090 1972 primo,
1118 1879 1259 1952 novies:

159 1988 332 2080 secundo,
349 1991 483 2066 sexies:
511 1990 627 2074 tertio,
643 1989 796 2088 septies:
823 2003 962 2086 quarto,
979 2003 1043 2062 ter.

208 2105 331 2180 Tertia
348 2105 416 2182 ode
434 2106 628 2206 lyricorum
647 2118 839 2194 usmetum,
1277 2137 1305 2188 η

310 2221 374 2296 Sic
390 2233 427 2296 te
443 2223 527 2296 divo
539 2231 669 2320 potens
689 2217 816 2319 Cypri.

161 2337 246 2412 Hoc
277 2351 429 2412 metrum
458 2338 692 2438 Glyconium,
708 2335 805 2434 quod
827 2351 864 2409 et
881 2337 1146 2410 Anacreontion
1171 2338 1260 2411 dici-

159 2465 228 2538 tur,
245 2451 405 2527 detracta
432 2453 570 2554 syllaba
595 2452 875 2542 Pherecratium,
901 2451 1039 2548 adjecta
1066 2455 1260 2528 novissima

160 2567 487 2668 hendecasyllabon
518 2569 727 2670 Sapphicon
759 2566 837 2642 erit.
884 2568 1121 2641 Connectitur
1137 2585 1257 2642 autem

158 2681 331 2781 spondeo,
356 2684 579 2774 choriambo,
606 2698 643 2757 et
671 2683 861 2782 disyllabo,
889 2699 931 2757 ut
960 2684 1127 2758 evenerit.
1192 2685 1259 2758 Est
1275 2707 1303 2753 ιε

157 2823 242 2869 vero
261 2797 459 2872 hexametri
482 2826 564 2899 pars
591 2799 698 2896 prior,
715 2799 772 2872 cui
800 2802 828 2872 si
856 2799 1033 2872 residuam
1059 2800 1256 2874 clausulam

158 2913 341 3010 adjeceris,
359 2917 422 2988 fiet
439 2941 561 2988 versus
580 2915 798 3000 hexameter,
816 2915 893 3004 iita,

257 3028 323 3103 Sic
339 3040 375 3104 te
392 3029 474 3104 diua
486 3040 616 3128 potens
637 3027 867 3130 Cyprisernt
884 3032 968 3102 cehe
985 3039 1069 3103 toto.

158 3146 208 3219 Et
227 3159 284 3220 est
309 3172 407 3218 nunc
433 3144 665 3246 lrpoeaplrnls,
685 3145 722 3219 id
740 3161 794 3218 est
812 3147 1144 3218 antecantatiunm:
1172 3171 1255 3218 nam
1275 3183 1302 3232 ις

158 3262 326 3361 quotiens
350 3261 545 3357 majoribus
564 3262 686 3334 metris
705 3262 826 3336 minus
844 3261 1004 3359 'aliquod
1022 3261 1257 3347 subnectitur,

158 3377 265 3479 apta
282 3377 424 3462 dicitur,
442 3377 608 3474 quotiens
626 3403 710 3450 vero
735 3403 878 3450 comma
904 3378 958 3450 vel
987 3377 1091 3450 colon
1119 3375 1258 3475 integro

158 3509 275 3568 metro
288 3493 513 3593 proponitur,
524 3491 717 3592 apoeaplnh
733 3495 942 3594 appellatur.
970 3493 1117 3566 Etenim
1130 3519 1256 3590 quem-
1271 3527 1302 3562 ιο

157 3608 356 3682 admodum
383 3633 492 3706 supra
515 3607 739 3683 ostendimus
757 3608 875 3707 epodo
892 3610 1106 3682 sententiam
1127 3609 1257 3699 claudi,

156 3723 207 3796 ita
237 3723 273 3794 in
306 3722 362 3794 his
389 3721 622 3796 manifestum
650 3735 705 3796 est
738 3735 983 3821 msuspensam
1018 3724 1142 3814 teneri,
1171 3751 1255 3798 nam

156 3839 225 3910 nisi
252 3839 474 3936 subsequens
500 3853 655 3912 metrum
684 3839 909 3936 adjungatur,
932 3863 1053 3912 versus
1079 3837 1257 3912 claudica-

156 3954 221 4026 bit.
265 3953 448 4051 Sequitur,

256 4067 479 4168 Sicfrntres
498 4067 662 4161 Helena,
679 4067 800 4142 lucida
816 4069 949 4142 sidero.

195 4235 284 4330 sper]
301 4257 352 4315 pro
366 4238 424 4330 P..
492 4235 1089 4358 8amphibrachylamphimaeribrachyP.
1135 4315 1141 4328 1
1171 4235 1257 4329 'hdi-

156 4331 238 4376 metn
254 4320 346 4396 primo
361 4317 472 4390 nones]
489 4317 545 4375 duo
560 4338 579 4395 p
594 4319 689 4375 riioeris
703 4336 796 4394 primo
809 4335 878 4373 urin
894 4319 925 4376 P.
1051 4317 1103 4390 sta]
1119 4329 1156 4374 sit
1172 4332 1209 4376 na
1224 4320 1255 4376 P.

156 4395 353 4476 kamplnlr]
371 4395 526 4476 'ppodicon
542 4399 574 4456 P.
680 4395 831 4474 ¹aliquod]
849 4397 952 4475 aliquid
969 4398 999 4454 P.
1103 4408 1256 4476 ¹¹²snspen-

156 4545 231 4618 κω]
247 4493 407 4638 ,ωξὲᾜ
422 4543 453 4600 r.

683 4659 748 4730 ⁰3
