3100 5142
324 445 394 522 264
744 445 864 520 Marii
880 445 1000 520 Plotii

324 631 393 703 hoc
410 655 494 702 vero
511 629 912 704 'monoschematistum
931 643 1007 703 est:
1034 655 1118 704 nam
1147 655 1290 728 semper
1310 629 1446 702 tribus

322 743 475 843 dactylis
492 745 691 845 percutitur
707 759 744 818 et
761 760 888 845 quarto
906 743 997 845 pede
1015 743 1186 846 spondeo.
1217 745 1332 842 Cujus
1353 771 1446 818 me-

322 861 366 934 tri
383 861 594 961 exemplum
614 861 782 935 Graecum
801 875 867 950 est,

522 977 710 1073 ΒἈδυμελές
726 975 884 1073 χαρίεσσα
901 977 1028 1074 χελιδοῖ.

322 1091 493 1164 Latinum
514 1093 723 1192 exemplum
745 1092 825 1176 hoc,

496 1209 524 1272 0
539 1207 616 1271 mitri
626 1209 811 1294 preteritae
825 1207 944 1292 refirot
957 1209 998 1271 ai.

322 1315 504 1399 Quoniam
538 1317 584 1390 de
614 1317 830 1391 tetranretris
864 1316 1051 1417 dactylicis
1086 1315 1273 1415 speciebus
1301 1315 1436 1389 docui-

322 1459 424 1516 mus;
452 1459 550 1506 nunc
566 1436 611 1508 de
627 1431 796 1506 trimetris
814 1431 1000 1530 dactylicis
1017 1431 1221 1505 doceamus.

275 1648 309 1700 60
441 1631 504 1704 Dc
520 1631 719 1704 heroiderio
735 1632 901 1704 trimetro
918 1629 1120 1704 acatalecto
1136 1627 1325 1728 dactylico.

373 1777 640 1852 Hemidecium
666 1780 872 1853 trimetrum
898 1777 1130 1877 dactylicum,
1146 1791 1188 1850 ut
1205 1776 1426 1874 quibusdam

321 1893 452 1992 placet,
472 1893 859 1967 monoschematistum
878 1909 945 1984 est,
958 1908 999 1966 ut
1015 1921 1157 1994 semper
1173 1895 1287 1966 tribus
1300 1893 1429 1990 dacty-

322 2009 364 2080 lis
394 2009 624 2106 percutiatur,
656 2009 869 2106 negantibus
904 2007 1047 2106 aliquod
1077 2023 1232 2082 metrum
1268 2008 1427 2108 speciale

322 2123 403 2222 plus
421 2149 529 2222 quam
549 2149 662 2198 unum
682 2124 830 2199 schema
846 2151 951 2225 posse
969 2127 1125 2225 recipcre
1142 2125 1424 2224 imperitissime.

321 2237 420 2312 Nam
440 2239 625 2312 heroicum
644 2265 728 2314 cum
753 2241 798 2313 sit
817 2239 982 2340 speciale,
999 2253 1120 2312 tamen
1140 2240 1239 2312 nullo
1257 2239 1424 2336 quamvis

321 2355 592 2454 imperitissimo
614 2355 900 2430 contradicente
926 2356 1035 2428 habet
1062 2355 1245 2428 schemata
1269 2352 1423 2428 lxxma

274 2485 303 2536 6¹
321 2471 420 2572 Ergo
437 2485 474 2545 et
491 2471 739 2545 hemidexium
767 2473 969 2546 trimetrum
989 2471 1209 2570 dactylicum
1236 2471 1422 2545 schemata

323 2590 432 2663 habet
449 2601 542 2661 octo.
594 2587 653 2660 De
671 2589 803 2686 quibus
832 2615 942 2662 unum
964 2587 1078 2662 solum
1098 2613 1231 2688 ponam
1251 2586 1420 2660 Graecum

320 2704 530 2805 exemplum
558 2704 819 2790 hemidexium,
836 2703 932 2802 quod
960 2703 1111 2802 repperi,
1129 2703 1242 2775 tribus
1267 2699 1420 2800 dactylis

320 2835 499 2911 constans,
517 2833 569 2906 ut,

571 2936 658 3023 Ιξεῖνε
675 2933 725 3009 'cir
740 2933 927 3032 Ἀρχιλόχου
944 2937 1052 3027 τάφον.

319 3051 492 3126 Latinum
520 3053 731 3150 exemplum
765 3048 1012 3123 hemidexium
1041 3049 1243 3122 trimetrum
1270 3048 1420 3147 dactyli-

320 3193 402 3241 cum
424 3169 492 3242 hoc
510 3169 577 3242 erit
595 3167 979 3242 monoschematistum
998 3165 1232 3264 dactylicum,
1251 3177 1301 3252 ut,

491 3285 540 3348 m
555 3283 659 3349 aaa
673 3293 704 3350 er
718 3283 891 3370 rimam
903 3283 980 3346 1000.

320 3391 485 3466 Secunda
511 3395 648 3494 species
673 3393 825 3466 trimetri
852 3391 1018 3492 dactylici
1039 3389 1218 3490 Glyconia
1236 3414 1416 3486 nuncupa-

319 3521 390 3595 tur,
407 3505 475 3578 kde
493 3533 564 3602 qua
583 3507 791 3581 brevissime
808 3507 1012 3581 doceamus.

274 3732 305 3783 σι
544 3703 608 3776 De
630 3702 810 3803 Glycerio
827 3705 992 3780 trimetro
1009 3702 1197 3802 dactylico.

373 3848 591 3950 Glycerium
625 3852 830 3926 trimetrum
864 3851 1084 3952 dactylicum
1118 3835 1415 3924 monoschemati-

237 3981 246 3998 ‘
319 3978 415 4037 stum
435 3979 499 4038 eat.
551 3967 704 4040 Constat
721 3969 817 4040 enim
837 3994 980 4066 semper
996 3965 1167 4066 spondeo,
1179 3964 1321 4039 duobus
1339 3965 1415 4040 dac-

319 4080 417 4178 tylis,
434 4080 528 4154 sicut
544 4079 713 4154 omnibus
728 4083 953 4181 peritissimis
967 4084 1126 4183 placuit;
1152 4097 1193 4156 ut
1205 4081 1412 4181 quibusdam

360 4341 685 4404 fruonoschenratistum
701 4351 768 4424 est]
789 4351 835 4407 Sic
850 4349 885 4406 1..
907 4357 946 4405 eat
961 4369 1018 4407 orn.
1033 4347 1193 4406 Potachius.
1329 4355 1410 4404 &Nat

317 4431 411 4481 ΜΕΛΕ
426 4433 589 4484 namecca
603 4437 757 4486 ΧεΛεΙΔΟΙ
771 4429 806 4486 L.
899 4427 915 4470 ὴ
930 4431 1036 4505 xxxo]
1054 4427 1101 4488 Sic
1116 4429 1151 4487 1..
1175 4431 1412 4504 trigintaquinque

317 4505 476 4643 peropus.
549 4506 670 4568 iseme
683 4517 752 4565 ron
768 4517 940 4565 arxearor
953 4517 1067 4566 raaon
1084 4509 1127 4566 L..
1211 4507 1278 4566 kae
1292 4509 1359 4586 qua]
1372 4511 1412 4566 sed

315 4605 399 4660 quam
442 4629 449 4644 .
