<?xml version="1.0" encoding="UTF-8"?>
<!DOCTYPE html PUBLIC "-//W3C//DTD XHTML 1.0 Transitional//EN"
    "http://www.w3.org/TR/xhtml1/DTD/xhtml1-transitional.dtd">
<html xmlns="http://www.w3.org/1999/xhtml" xml:lang="en" lang="en">
 <head>
  <title>
</title>
<meta http-equiv="Content-Type" content="text/html;charset=utf-8" />
  <meta name='ocr-system' content='tesseract 3.04.00' />
  <meta name='ocr-capabilities' content='ocr_page ocr_carea ocr_par ocr_line ocrx_word'/>
</head>
<body>
  <div class='ocr_page' id='page_1' title='image "./scriptoreslatin00gaisgoog_0067.png"; bbox 0 0 3012 5084; ppageno 0'>
   <div class='ocr_carea' id='block_1_1' title="bbox 128 311 1235 411">
    <p class='ocr_par' dir='ltr' id='par_1_1' title="bbox 128 311 1235 411">
     <span class='ocr_line' id='line_1_1' title="bbox 128 311 1235 411; baseline 0.008 -28"><span class='ocrx_word' id='word_1_1' title='bbox 128 334 206 386; x_wconf 76' lang='lat' dir='ltr'><strong>car.</strong></span> <span class='ocrx_word' id='word_1_2' title='bbox 224 323 263 404; x_wconf 78' lang='grc'><strong>7.</strong></span> <span class='ocrx_word' id='word_1_3' title='bbox 299 311 362 384; x_wconf 86' lang='lat' dir='ltr'><strong>Da</strong></span> <span class='ocrx_word' id='word_1_4' title='bbox 378 311 616 411; x_wconf 80' lang='lat' dir='ltr'><strong><em>Syllabarum</em></strong></span> <span class='ocrx_word' id='word_1_5' title='bbox 633 325 772 390; x_wconf 75' lang='lat' dir='ltr'><strong>natare</strong></span> <span class='ocrx_word' id='word_1_6' title='bbox 787 325 824 390; x_wconf 78' lang='lat' dir='ltr'><strong>et</strong></span> <span class='ocrx_word' id='word_1_7' title='bbox 840 319 1073 392; x_wconf 69' lang='lat' dir='ltr'><strong>marcione.</strong></span> <span class='ocrx_word' id='word_1_8' title='bbox 1188 329 1235 408; x_wconf 79' lang='grc'><strong>47</strong></span> 
     </span>
    </p>
   </div>
   <div class='ocr_carea' id='block_1_2' title="bbox 125 497 1321 2558">
    <p class='ocr_par' dir='ltr' id='par_1_2' title="bbox 125 497 1321 2558">
     <span class='ocr_line' id='line_1_2' title="bbox 128 497 1235 602; baseline 0.005 -32"><span class='ocrx_word' id='word_1_9' title='bbox 128 523 222 586; x_wconf 86' lang='lat' dir='ltr'><strong>oren,</strong></span> <span class='ocrx_word' id='word_1_10' title='bbox 239 497 347 596; x_wconf 75' lang='lat' dir='ltr'><strong>rquia</strong></span> <span class='ocrx_word' id='word_1_11' title='bbox 376 498 454 571; x_wconf 90' lang='lat' dir='ltr'><strong>looo</strong></span> <span class='ocrx_word' id='word_1_12' title='bbox 473 499 611 596; x_wconf 81' lang='lat' dir='ltr'><strong>&#39;longae</strong></span> <span class='ocrx_word' id='word_1_13' title='bbox 638 499 756 599; x_wconf 89' lang='lat' dir='ltr'><strong>posita</strong></span> <span class='ocrx_word' id='word_1_14' title='bbox 780 527 853 574; x_wconf 92' lang='lat' dir='ltr'><strong>non</strong></span> <span class='ocrx_word' id='word_1_15' title='bbox 877 515 944 588; x_wconf 86' lang='lat' dir='ltr'><strong>est,</strong></span> <span class='ocrx_word' id='word_1_16' title='bbox 961 501 1035 574; x_wconf 81' lang='lat' dir='ltr'><strong>vim</strong></span> <span class='ocrx_word' id='word_1_17' title='bbox 1063 501 1235 602; x_wconf 71' lang='lat' dir='ltr'><strong>‘proceri-</strong></span> 
     </span>
     <span class='ocr_line' id='line_1_3' title="bbox 126 613 1281 712; baseline 0.003 -28"><span class='ocrx_word' id='word_1_18' title='bbox 126 613 210 685; x_wconf 87' lang='lat' dir='ltr'><strong>tatis</strong></span> <span class='ocrx_word' id='word_1_19' title='bbox 236 639 370 712; x_wconf 82' lang='lat' dir='ltr'>capere</span> <span class='ocrx_word' id='word_1_20' title='bbox 396 639 467 685; x_wconf 89' lang='lat' dir='ltr'><strong>non</strong></span> <span class='ocrx_word' id='word_1_21' title='bbox 494 627 627 712; x_wconf 83' lang='lat' dir='ltr'><strong>potest</strong></span> <span class='ocrx_word' id='word_1_22' title='bbox 679 613 772 688; x_wconf 89' lang='lat' dir='ltr'><strong>Cum</strong></span> <span class='ocrx_word' id='word_1_23' title='bbox 800 629 920 690; x_wconf 91' lang='lat' dir='ltr'><strong>autem</strong></span> <span class='ocrx_word' id='word_1_24' title='bbox 948 617 1070 692; x_wconf 89' lang='lat' dir='ltr'><strong>locum</strong></span> <span class='ocrx_word' id='word_1_25' title='bbox 1096 618 1237 692; x_wconf 85' lang='lat' dir='ltr'><strong>obtinet</strong></span> <span class='ocrx_word' id='word_1_26' title='bbox 1250 635 1281 688; x_wconf 80' lang='lat'><strong>¹7</strong></span> 
     </span>
     <span class='ocr_line' id='line_1_4' title="bbox 126 727 1238 826; baseline 0.008 -28"><span class='ocrx_word' id='word_1_27' title='bbox 126 727 244 826; x_wconf 68' lang='lat' dir='ltr'><strong>longae</strong></span> <span class='ocrx_word' id='word_1_28' title='bbox 261 727 427 826; x_wconf 76' lang='lat' dir='ltr'><strong>syllaba,</strong></span> <span class='ocrx_word' id='word_1_29' title='bbox 444 739 480 800; x_wconf 90' lang='lat' dir='ltr'><strong>et</strong></span> <span class='ocrx_word' id='word_1_30' title='bbox 498 728 581 800; x_wconf 88' lang='lat' dir='ltr'><strong>finit</strong></span> <span class='ocrx_word' id='word_1_31' title='bbox 602 741 742 826; x_wconf 89' lang='lat' dir='ltr'><strong>partem</strong></span> <span class='ocrx_word' id='word_1_32' title='bbox 760 730 942 820; x_wconf 85' lang='lat' dir='ltr'><strong>orationis,</strong></span> <span class='ocrx_word' id='word_1_33' title='bbox 959 745 1049 806; x_wconf 89' lang='lat' dir='ltr'><strong>tunc</strong></span> <span class='ocrx_word' id='word_1_34' title='bbox 1065 747 1121 806; x_wconf 90' lang='lat' dir='ltr'><strong>est</strong></span> <span class='ocrx_word' id='word_1_35' title='bbox 1137 759 1238 806; x_wconf 89' lang='lat' dir='ltr'><strong>oom-</strong></span> 
     </span>
     <span class='ocr_line' id='line_1_5' title="bbox 127 841 1238 940; baseline 0.006 -26"><span class='ocrx_word' id='word_1_36' title='bbox 127 843 250 914; x_wconf 87' lang='lat' dir='ltr'><strong>munis</strong></span> <span class='ocrx_word' id='word_1_37' title='bbox 268 857 309 915; x_wconf 90' lang='lat' dir='ltr'><strong>et</strong></span> <span class='ocrx_word' id='word_1_38' title='bbox 325 841 480 916; x_wconf 87' lang='lat' dir='ltr'><strong>efficitur</strong></span> <span class='ocrx_word' id='word_1_39' title='bbox 501 843 620 940; x_wconf 85' lang='lat' dir='ltr'><strong>longa,</strong></span> <span class='ocrx_word' id='word_1_40' title='bbox 637 843 754 940; x_wconf 76' lang='lat' dir='ltr'><strong>&#39;quod</strong></span> <span class='ocrx_word' id='word_1_41' title='bbox 780 847 890 920; x_wconf 86' lang='lat' dir='ltr'><strong>etiam</strong></span> <span class='ocrx_word' id='word_1_42' title='bbox 917 847 1070 922; x_wconf 90' lang='lat' dir='ltr'><strong>naturali</strong></span> <span class='ocrx_word' id='word_1_43' title='bbox 1099 847 1238 922; x_wconf 84' lang='lat' dir='ltr'><strong>ratione</strong></span> 
     </span>
     <span class='ocr_line' id='line_1_6' title="bbox 125 957 1282 1064; baseline 0.009 -35"><span class='ocrx_word' id='word_1_44' title='bbox 125 957 307 1031; x_wconf 86' lang='lat' dir='ltr'><strong>dinoscas.</strong></span> <span class='ocrx_word' id='word_1_45' title='bbox 358 957 458 1030; x_wconf 85' lang='lat' dir='ltr'><strong>Nam</strong></span> <span class='ocrx_word' id='word_1_46' title='bbox 489 984 573 1030; x_wconf 90' lang='lat' dir='ltr'><strong>cum</strong></span> <span class='ocrx_word' id='word_1_47' title='bbox 600 985 719 1033; x_wconf 90' lang='lat' dir='ltr'><strong>sermo</strong></span> <span class='ocrx_word' id='word_1_48' title='bbox 743 961 967 1050; x_wconf 85' lang='lat' dir='ltr'><strong>terminatur,</strong></span> <span class='ocrx_word' id='word_1_49' title='bbox 993 978 1030 1038; x_wconf 85' lang='lat' dir='ltr'><strong>ct</strong></span> <span class='ocrx_word' id='word_1_50' title='bbox 1054 975 1282 1064; x_wconf 71' lang='lat' dir='ltr'><strong>postremsu</strong></span> 
     </span>
     <span class='ocr_line' id='line_1_7' title="bbox 126 1073 1236 1171; baseline 0.006 -24"><span class='ocrx_word' id='word_1_51' title='bbox 126 1075 313 1148; x_wconf 76' lang='lat' dir='ltr'><strong>clauditur</strong></span> <span class='ocrx_word' id='word_1_52' title='bbox 341 1074 493 1171; x_wconf 79' lang='lat' dir='ltr'><strong>syllaba,</strong></span> <span class='ocrx_word' id='word_1_53' title='bbox 519 1073 564 1147; x_wconf 88' lang='lat' dir='ltr'><strong>ad</strong></span> <span class='ocrx_word' id='word_1_54' title='bbox 595 1073 739 1162; x_wconf 83' lang='lat' dir='ltr'><strong>initium</strong></span> <span class='ocrx_word' id='word_1_55' title='bbox 770 1077 916 1152; x_wconf 85' lang='lat' dir='ltr'><strong>alterius</strong></span> <span class='ocrx_word' id='word_1_56' title='bbox 942 1081 1132 1154; x_wconf 73' lang='lat' dir='ltr'>transitum</span> <span class='ocrx_word' id='word_1_57' title='bbox 1159 1080 1236 1154; x_wconf 82' lang='lat' dir='ltr'><strong>fieti</strong></span> 
     </span>
     <span class='ocr_line' id='line_1_8' title="bbox 127 1188 1237 1294; baseline 0.007 -33"><span class='ocrx_word' id='word_1_58' title='bbox 127 1189 367 1262; x_wconf 87' lang='lat' dir='ltr'><strong>manifestum</strong></span> <span class='ocrx_word' id='word_1_59' title='bbox 394 1203 461 1277; x_wconf 87' lang='lat' dir='ltr'><strong>est,</strong></span> <span class='ocrx_word' id='word_1_60' title='bbox 483 1188 580 1286; x_wconf 90' lang='lat' dir='ltr'><strong>quod</strong></span> <span class='ocrx_word' id='word_1_61' title='bbox 607 1189 833 1265; x_wconf 81' lang='lat' dir='ltr'><strong>intervallum</strong></span> <span class='ocrx_word' id='word_1_62' title='bbox 863 1193 1036 1292; x_wconf 77' lang='lat' dir='ltr'><strong>aliquanti</strong></span> <span class='ocrx_word' id='word_1_63' title='bbox 1063 1195 1237 1294; x_wconf 86' lang='lat' dir='ltr'><strong>temporis</strong></span> 
     </span>
     <span class='ocr_line' id='line_1_9' title="bbox 127 1305 1321 1406; baseline 0.008 -30"><span class='ocrx_word' id='word_1_64' title='bbox 127 1305 440 1405; x_wconf 81' lang='lat' dir='ltr'><strong>intercapedinem</strong></span> <span class='ocrx_word' id='word_1_65' title='bbox 466 1306 590 1394; x_wconf 85' lang='lat' dir='ltr'><strong>sumit,</strong></span> <span class='ocrx_word' id='word_1_66' title='bbox 620 1306 672 1380; x_wconf 92' lang='lat' dir='ltr'><strong>sic</strong></span> <span class='ocrx_word' id='word_1_67' title='bbox 701 1308 850 1406; x_wconf 84' lang='lat' dir='ltr'><strong>syllabae</strong></span> <span class='ocrx_word' id='word_1_68' title='bbox 884 1309 1056 1382; x_wconf 90' lang='lat' dir='ltr'><strong>naturalis</strong></span> <span class='ocrx_word' id='word_1_69' title='bbox 1085 1309 1237 1384; x_wconf 82' lang='lat' dir='ltr'><strong>brevitas</strong></span> <span class='ocrx_word' id='word_1_70' title='bbox 1318 1358 1321 1364; x_wconf 65' lang='lat'><em>,</em></span> 
     </span>
     <span class='ocr_line' id='line_1_10' title="bbox 128 1420 1282 1520; baseline 0.005 -27"><span class='ocrx_word' id='word_1_71' title='bbox 128 1421 382 1494; x_wconf 85' lang='lat' dir='ltr'><strong>additamento</strong></span> <span class='ocrx_word' id='word_1_72' title='bbox 399 1420 573 1520; x_wconf 84' lang='lat' dir='ltr'><strong>temporis</strong></span> <span class='ocrx_word' id='word_1_73' title='bbox 590 1423 728 1496; x_wconf 88' lang='lat' dir='ltr'><strong>crescit.</strong></span> <span class='ocrx_word' id='word_1_74' title='bbox 764 1422 860 1497; x_wconf 78' lang='lat' dir='ltr'><strong>Haee</strong></span> <span class='ocrx_word' id='word_1_75' title='bbox 877 1424 969 1497; x_wconf 87' lang='lat' dir='ltr'><strong>ratio</strong></span> <span class='ocrx_word' id='word_1_76' title='bbox 985 1425 1236 1498; x_wconf 90' lang='lat' dir='ltr'><strong>communium</strong></span> <span class='ocrx_word' id='word_1_77' title='bbox 1251 1447 1282 1499; x_wconf 80' lang='lat'><strong>¹⁹</strong></span> 
     </span>
     <span class='ocr_line' id='line_1_11' title="bbox 127 1536 1236 1635; baseline 0.004 -27"><span class='ocrx_word' id='word_1_78' title='bbox 127 1537 351 1634; x_wconf 70' lang='lat' dir='ltr'><strong>syllabarum</strong></span> <span class='ocrx_word' id='word_1_79' title='bbox 371 1562 456 1610; x_wconf 88' lang='lat' dir='ltr'><strong>cum</strong></span> <span class='ocrx_word' id='word_1_80' title='bbox 475 1539 511 1609; x_wconf 92' lang='lat' dir='ltr'><strong>in</strong></span> <span class='ocrx_word' id='word_1_81' title='bbox 530 1536 729 1635; x_wconf 82' lang='lat' dir='ltr'><strong>dactylicis,</strong></span> <span class='ocrx_word' id='word_1_82' title='bbox 744 1553 824 1612; x_wconf 91' lang='lat' dir='ltr'><strong>tum</strong></span> <span class='ocrx_word' id='word_1_83' title='bbox 843 1539 880 1612; x_wconf 93' lang='lat' dir='ltr'><strong>in</strong></span> <span class='ocrx_word' id='word_1_84' title='bbox 898 1539 1026 1612; x_wconf 87' lang='lat' dir='ltr'><strong>ceteris</strong></span> <span class='ocrx_word' id='word_1_85' title='bbox 1042 1553 1236 1614; x_wconf 84' lang='lat' dir='ltr'><strong>metronrm</strong></span> 
     </span>
     <span class='ocr_line' id='line_1_12' title="bbox 128 1652 1239 1754; baseline 0.003 -28"><span class='ocrx_word' id='word_1_86' title='bbox 128 1655 339 1750; x_wconf 84' lang='lat' dir='ltr'><strong>generibus,</strong></span> <span class='ocrx_word' id='word_1_87' title='bbox 365 1652 575 1726; x_wconf 80' lang='lat' dir='ltr'><strong>subendam</strong></span> <span class='ocrx_word' id='word_1_88' title='bbox 603 1654 851 1728; x_wconf 85' lang='lat' dir='ltr'><strong>observatione</strong></span> <span class='ocrx_word' id='word_1_89' title='bbox 875 1655 1061 1728; x_wconf 87' lang='lat' dir='ltr'><strong>tractanda</strong></span> <span class='ocrx_word' id='word_1_90' title='bbox 1083 1671 1149 1742; x_wconf 88' lang='lat' dir='ltr'><strong>est,</strong></span> <span class='ocrx_word' id='word_1_91' title='bbox 1166 1681 1239 1754; x_wconf 89' lang='lat' dir='ltr'><strong>qua</strong></span> 
     </span>
     <span class='ocr_line' id='line_1_13' title="bbox 128 1767 1238 1867; baseline 0.004 -27"><span class='ocrx_word' id='word_1_92' title='bbox 128 1783 252 1840; x_wconf 84' lang='lat' dir='ltr'><strong>tamen</strong></span> <span class='ocrx_word' id='word_1_93' title='bbox 289 1767 515 1865; x_wconf 76' lang='lat' dir='ltr'><strong>frequenfius</strong></span> <span class='ocrx_word' id='word_1_94' title='bbox 549 1783 711 1843; x_wconf 77' lang='lat' dir='ltr'><strong>auctores</strong></span> <span class='ocrx_word' id='word_1_95' title='bbox 741 1769 859 1844; x_wconf 78' lang='lat' dir='ltr'><strong>Greci</strong></span> <span class='ocrx_word' id='word_1_96' title='bbox 889 1795 999 1867; x_wconf 83' lang='lat' dir='ltr'><strong>quam</strong></span> <span class='ocrx_word' id='word_1_97' title='bbox 1035 1773 1146 1844; x_wconf 89' lang='lat' dir='ltr'><strong>nostri</strong></span> <span class='ocrx_word' id='word_1_98' title='bbox 1181 1773 1238 1845; x_wconf 90' lang='lat' dir='ltr'><strong>usi</strong></span> 
     </span>
     <span class='ocr_line' id='line_1_14' title="bbox 130 1883 1240 1984; baseline 0.006 -30"><span class='ocrx_word' id='word_1_99' title='bbox 130 1899 235 1956; x_wconf 86' lang='lat' dir='ltr'><strong>sunt:</strong></span> <span class='ocrx_word' id='word_1_100' title='bbox 259 1909 338 1956; x_wconf 90' lang='lat' dir='ltr'><strong>non</strong></span> <span class='ocrx_word' id='word_1_101' title='bbox 356 1884 454 1958; x_wconf 88' lang='lat' dir='ltr'><strong>enim</strong></span> <span class='ocrx_word' id='word_1_102' title='bbox 473 1883 600 1958; x_wconf 85' lang='lat' dir='ltr'><strong>vitium</strong></span> <span class='ocrx_word' id='word_1_103' title='bbox 620 1899 686 1970; x_wconf 86' lang='lat' dir='ltr'><strong>est,</strong></span> <span class='ocrx_word' id='word_1_104' title='bbox 702 1883 839 1984; x_wconf 84' lang='lat' dir='ltr'><strong>quippe</strong></span> <span class='ocrx_word' id='word_1_105' title='bbox 855 1911 940 1958; x_wconf 89' lang='lat' dir='ltr'><strong>cum</strong></span> <span class='ocrx_word' id='word_1_106' title='bbox 957 1885 1107 1960; x_wconf 83' lang='lat' dir='ltr'><strong>maximi</strong></span> <span class='ocrx_word' id='word_1_107' title='bbox 1125 1899 1240 1962; x_wconf 66' lang='lat' dir='ltr'><strong>&#39;aue</strong></span> 
     </span>
     <span class='ocr_line' id='line_1_15' title="bbox 130 1999 1237 2100; baseline 0.004 -28"><span class='ocrx_word' id='word_1_108' title='bbox 130 2013 224 2072; x_wconf 85' lang='lat' dir='ltr'><strong>tores</strong></span> <span class='ocrx_word' id='word_1_109' title='bbox 240 1999 314 2072; x_wconf 90' lang='lat' dir='ltr'><strong>hoc</strong></span> <span class='ocrx_word' id='word_1_110' title='bbox 327 2025 441 2097; x_wconf 84' lang='lat' dir='ltr'><strong>genus</strong></span> <span class='ocrx_word' id='word_1_111' title='bbox 455 2000 725 2100; x_wconf 75' lang='lat' dir='ltr'><strong>compositionis</strong></span> <span class='ocrx_word' id='word_1_112' title='bbox 736 2001 833 2074; x_wconf 89' lang='lat' dir='ltr'><strong>ultro</strong></span> <span class='ocrx_word' id='word_1_113' title='bbox 845 2001 1117 2076; x_wconf 76' lang='lat' dir='ltr'><strong>‘affectaverint</strong></span> <span class='ocrx_word' id='word_1_114' title='bbox 1138 2001 1237 2076; x_wconf 90' lang='lat' dir='ltr'><strong>Nam</strong></span> 
     </span>
     <span class='ocr_line' id='line_1_16' title="bbox 131 2113 1240 2216; baseline 0.004 -30"><span class='ocrx_word' id='word_1_115' title='bbox 131 2113 226 2213; x_wconf 88' lang='lat' dir='ltr'><strong>apud</strong></span> <span class='ocrx_word' id='word_1_116' title='bbox 251 2113 464 2188; x_wconf 82' lang='lat' dir='ltr'><strong>Homerum</strong></span> <span class='ocrx_word' id='word_1_117' title='bbox 490 2117 658 2190; x_wconf 86' lang='lat' dir='ltr'><strong>notabilis</strong></span> <span class='ocrx_word' id='word_1_118' title='bbox 683 2117 745 2188; x_wconf 87' lang='lat' dir='ltr'><strong>ille</strong></span> <span class='ocrx_word' id='word_1_119' title='bbox 767 2143 889 2190; x_wconf 86' lang='lat' dir='ltr'><strong>versus</strong></span> <span class='ocrx_word' id='word_1_120' title='bbox 916 2115 1079 2204; x_wconf 87' lang='lat' dir='ltr'><strong>habetur,</strong></span> <span class='ocrx_word' id='word_1_121' title='bbox 1106 2117 1240 2216; x_wconf 92' lang='lat' dir='ltr'><strong>inquo</strong></span> 
     </span>
     <span class='ocr_line' id='line_1_17' title="bbox 132 2231 1239 2332; baseline 0.005 -30"><span class='ocrx_word' id='word_1_122' title='bbox 132 2245 307 2326; x_wconf 87' lang='lat' dir='ltr'><strong>quattuor</strong></span> <span class='ocrx_word' id='word_1_123' title='bbox 326 2231 443 2330; x_wconf 77' lang='lat' dir='ltr'><strong>longae</strong></span> <span class='ocrx_word' id='word_1_124' title='bbox 460 2233 607 2331; x_wconf 82' lang='lat' dir='ltr'><strong>syllabae</strong></span> <span class='ocrx_word' id='word_1_125' title='bbox 624 2233 704 2330; x_wconf 86' lang='lat' dir='ltr'><strong>lege</strong></span> <span class='ocrx_word' id='word_1_126' title='bbox 720 2231 972 2306; x_wconf 88' lang='lat' dir='ltr'><strong>communium</strong></span> <span class='ocrx_word' id='word_1_127' title='bbox 991 2259 1058 2332; x_wconf 90' lang='lat' dir='ltr'><strong>pro</strong></span> <span class='ocrx_word' id='word_1_128' title='bbox 1072 2232 1239 2308; x_wconf 83' lang='lat' dir='ltr'><strong>brevibus</strong></span> 
     </span>
     <span class='ocr_line' id='line_1_18' title="bbox 133 2345 1037 2446; baseline 0.003 -29"><span class='ocrx_word' id='word_1_129' title='bbox 133 2345 313 2418; x_wconf 65' lang='lat' dir='ltr'><strong>rinduetae</strong></span> <span class='ocrx_word' id='word_1_130' title='bbox 331 2347 576 2446; x_wconf 88' lang='lat' dir='ltr'><strong>accipiuntur:</strong></span> <span class='ocrx_word' id='word_1_131' title='bbox 603 2347 707 2444; x_wconf 89' lang='lat' dir='ltr'><strong>cujus</strong></span> <span class='ocrx_word' id='word_1_132' title='bbox 726 2347 953 2446; x_wconf 75' lang='lat' dir='ltr'><strong>&#39;exemplum</strong></span> <span class='ocrx_word' id='word_1_133' title='bbox 972 2361 1037 2436; x_wconf 81' lang='lat' dir='ltr'><strong>est,</strong></span> 
     </span>
     <span class='ocr_line' id='line_1_19' title="bbox 230 2461 1013 2558; baseline -0.003 -23"><span class='ocrx_word' id='word_1_134' title='bbox 230 2463 268 2535; x_wconf 67' lang='lat' dir='ltr'><strong>ui</strong></span> <span class='ocrx_word' id='word_1_135' title='bbox 283 2493 316 2534; x_wconf 81' lang='grc' dir='ltr'><strong>τι</strong></span> <span class='ocrx_word' id='word_1_136' title='bbox 334 2495 387 2557; x_wconf 79' lang='grc' dir='ltr'><strong>μοι</strong></span> <span class='ocrx_word' id='word_1_137' title='bbox 403 2461 488 2552; x_wconf 68' lang='lat' dir='ltr'><strong>cirin</strong></span> <span class='ocrx_word' id='word_1_138' title='bbox 505 2463 587 2549; x_wconf 77' lang='grc' dir='ltr'><strong><em>ἔσσι,</em></strong></span> <span class='ocrx_word' id='word_1_139' title='bbox 605 2461 662 2538; x_wconf 78' lang='lat' dir='ltr'><strong>leri</strong></span> <span class='ocrx_word' id='word_1_140' title='bbox 679 2464 712 2536; x_wconf 73' lang='lat' dir='ltr'><strong>nl</strong></span> <span class='ocrx_word' id='word_1_141' title='bbox 726 2497 779 2558; x_wconf 74' lang='lat' dir='ltr'><strong>pos</strong></span> <span class='ocrx_word' id='word_1_142' title='bbox 795 2463 886 2536; x_wconf 73' lang='grc' dir='ltr'><strong><em>αἴτιοι</em></strong></span> <span class='ocrx_word' id='word_1_143' title='bbox 903 2463 1013 2536; x_wconf 69' lang='lat' dir='ltr'><strong>‘elatu</strong></span> 
     </span>
    </p>
   </div>
   <div class='ocr_carea' id='block_1_3' title="bbox 133 2575 1288 2792">
    <p class='ocr_par' dir='ltr' id='par_1_3' title="bbox 133 2575 1288 2792">
     <span class='ocr_line' id='line_1_20' title="bbox 133 2575 1288 2679; baseline 0.003 -31"><span class='ocrx_word' id='word_1_144' title='bbox 133 2577 214 2650; x_wconf 83' lang='lat' dir='ltr'><strong>Alia</strong></span> <span class='ocrx_word' id='word_1_145' title='bbox 242 2603 366 2649; x_wconf 88' lang='lat' dir='ltr'><strong>rursus</strong></span> <span class='ocrx_word' id='word_1_146' title='bbox 395 2577 490 2676; x_wconf 88' lang='lat' dir='ltr'><strong>apud</strong></span> <span class='ocrx_word' id='word_1_147' title='bbox 516 2577 670 2652; x_wconf 83' lang='lat' dir='ltr'><strong>eundern</strong></span> <span class='ocrx_word' id='word_1_148' title='bbox 696 2577 828 2679; x_wconf 87' lang='lat' dir='ltr'><strong>speciei</strong></span> <span class='ocrx_word' id='word_1_149' title='bbox 852 2577 1025 2677; x_wconf 83' lang='lat' dir='ltr'><strong>superiori</strong></span> <span class='ocrx_word' id='word_1_150' title='bbox 1054 2575 1288 2668; x_wconf 60' lang='lat' dir='ltr'><strong>contrariare</strong></span> 
     </span>
     <span class='ocr_line' id='line_1_21' title="bbox 135 2691 1242 2792; baseline 0.001 -26"><span class='ocrx_word' id='word_1_151' title='bbox 135 2693 265 2790; x_wconf 89' lang='lat' dir='ltr'><strong>inqua</strong></span> <span class='ocrx_word' id='word_1_152' title='bbox 284 2694 410 2764; x_wconf 85' lang='lat' dir='ltr'><strong>breves</strong></span> <span class='ocrx_word' id='word_1_153' title='bbox 429 2717 495 2790; x_wconf 89' lang='lat' dir='ltr'><strong>pro</strong></span> <span class='ocrx_word' id='word_1_154' title='bbox 511 2691 627 2791; x_wconf 83' lang='lat' dir='ltr'><strong>longis</strong></span> <span class='ocrx_word' id='word_1_155' title='bbox 645 2691 724 2791; x_wconf 86' lang='lat' dir='ltr'><strong>lege</strong></span> <span class='ocrx_word' id='word_1_156' title='bbox 742 2691 995 2766; x_wconf 89' lang='lat' dir='ltr'><strong>communium</strong></span> <span class='ocrx_word' id='word_1_157' title='bbox 1009 2691 1242 2792; x_wconf 87' lang='lat' dir='ltr'><strong>recipiuntur,</strong></span> 
     </span>
    </p>
   </div>
   <div class='ocr_carea' id='block_1_4' title="bbox 137 3037 1287 4426">
    <p class='ocr_par' dir='ltr' id='par_1_4' title="bbox 137 3037 1285 3370">
     <span class='ocr_line' id='line_1_22' title="bbox 137 3037 1285 3139; baseline -0.003 -27"><span class='ocrx_word' id='word_1_158' title='bbox 137 3039 235 3112; x_wconf 88' lang='lat' dir='ltr'><strong>Nam</strong></span> <span class='ocrx_word' id='word_1_159' title='bbox 260 3055 336 3112; x_wconf 88' lang='lat' dir='ltr'><strong>tres</strong></span> <span class='ocrx_word' id='word_1_160' title='bbox 362 3040 523 3112; x_wconf 91' lang='lat' dir='ltr'><strong>continui</strong></span> <span class='ocrx_word' id='word_1_161' title='bbox 544 3039 678 3139; x_wconf 88' lang='lat' dir='ltr'><strong>dactyli</strong></span> <span class='ocrx_word' id='word_1_162' title='bbox 704 3039 747 3112; x_wconf 79' lang='lat' dir='ltr'><strong>be</strong></span> <span class='ocrx_word' id='word_1_163' title='bbox 766 3039 878 3112; x_wconf 90' lang='lat' dir='ltr'><strong>ternis</strong></span> <span class='ocrx_word' id='word_1_164' title='bbox 900 3037 1047 3138; x_wconf 87' lang='lat' dir='ltr'><strong>syllabis</strong></span> <span class='ocrx_word' id='word_1_165' title='bbox 1073 3037 1241 3110; x_wconf 85' lang='lat' dir='ltr'><strong>brevibus</strong></span> <span class='ocrx_word' id='word_1_166' title='bbox 1254 3057 1285 3104; x_wconf 79' lang='lat'><strong>³¹</strong></span> 
     </span>
     <span class='ocr_line' id='line_1_23' title="bbox 140 3153 1244 3255; baseline -0.002 -29"><span class='ocrx_word' id='word_1_167' title='bbox 140 3155 352 3242; x_wconf 87' lang='lat' dir='ltr'><strong>subsistunt,</strong></span> <span class='ocrx_word' id='word_1_168' title='bbox 370 3155 472 3252; x_wconf 89' lang='lat' dir='ltr'><strong>cujus</strong></span> <span class='ocrx_word' id='word_1_169' title='bbox 492 3155 632 3254; x_wconf 83' lang='lat' dir='ltr'><strong>generis</strong></span> <span class='ocrx_word' id='word_1_170' title='bbox 656 3155 751 3255; x_wconf 91' lang='lat' dir='ltr'><strong>apud</strong></span> <span class='ocrx_word' id='word_1_171' title='bbox 770 3154 925 3228; x_wconf 87' lang='lat' dir='ltr'><strong>condem</strong></span> <span class='ocrx_word' id='word_1_172' title='bbox 944 3153 1148 3253; x_wconf 86' lang='lat' dir='ltr'><strong>complures</strong></span> <span class='ocrx_word' id='word_1_173' title='bbox 1166 3179 1244 3226; x_wconf 88' lang='lat' dir='ltr'><strong>ver-</strong></span> 
     </span>
     <span class='ocr_line' id='line_1_24' title="bbox 139 3270 452 3370; baseline 0 -28"><span class='ocrx_word' id='word_1_174' title='bbox 139 3295 196 3342; x_wconf 90' lang='lat' dir='ltr'><strong>sus</strong></span> <span class='ocrx_word' id='word_1_175' title='bbox 211 3270 452 3370; x_wconf 88' lang='lat' dir='ltr'><strong>reperiuntur.</strong></span> 
     </span>
    </p>

    <p class='ocr_par' dir='ltr' id='par_1_5' title="bbox 139 3381 1287 3948">
     <span class='ocr_line' id='line_1_25' title="bbox 187 3381 1287 3484; baseline -0.006 -27"><span class='ocrx_word' id='word_1_176' title='bbox 187 3385 354 3484; x_wconf 86' lang='lat' dir='ltr'><strong>Dignum</strong></span> <span class='ocrx_word' id='word_1_177' title='bbox 381 3385 528 3460; x_wconf 81' lang='lat' dir='ltr'><strong>forsitan</strong></span> <span class='ocrx_word' id='word_1_178' title='bbox 556 3386 788 3483; x_wconf 79' lang='lat' dir='ltr'><strong>inquisitione</strong></span> <span class='ocrx_word' id='word_1_179' title='bbox 814 3385 871 3474; x_wconf 89' lang='lat' dir='ltr'><strong>sit,</strong></span> <span class='ocrx_word' id='word_1_180' title='bbox 888 3411 952 3458; x_wconf 90' lang='lat' dir='ltr'><strong>cur</strong></span> <span class='ocrx_word' id='word_1_181' title='bbox 979 3397 1078 3456; x_wconf 89' lang='lat' dir='ltr'><strong>muta</strong></span> <span class='ocrx_word' id='word_1_182' title='bbox 1097 3381 1287 3480; x_wconf 61' lang='lat' dir='ltr'><strong>liquide-²³²</strong></span> 
     </span>
     <span class='ocr_line' id='line_1_26' title="bbox 141 3499 1243 3601; baseline -0.003 -27"><span class='ocrx_word' id='word_1_183' title='bbox 141 3502 270 3574; x_wconf 88' lang='lat' dir='ltr'><strong>sociata</strong></span> <span class='ocrx_word' id='word_1_184' title='bbox 288 3528 523 3575; x_wconf 87' lang='lat' dir='ltr'><strong>communem</strong></span> <span class='ocrx_word' id='word_1_185' title='bbox 543 3503 717 3601; x_wconf 85' lang='lat' dir='ltr'><strong>syllabam</strong></span> <span class='ocrx_word' id='word_1_186' title='bbox 745 3501 880 3592; x_wconf 85' lang='lat' dir='ltr'><strong>reddat,</strong></span> <span class='ocrx_word' id='word_1_187' title='bbox 897 3501 977 3576; x_wconf 84' lang='lat' dir='ltr'><strong>duoe</strong></span> <span class='ocrx_word' id='word_1_188' title='bbox 995 3515 1115 3574; x_wconf 90' lang='lat' dir='ltr'><strong>autem</strong></span> <span class='ocrx_word' id='word_1_189' title='bbox 1135 3499 1243 3572; x_wconf 82' lang='lat' dir='ltr'><strong>serni·</strong></span> 
     </span>
     <span class='ocr_line' id='line_1_27' title="bbox 141 3618 1240 3719; baseline 0.002 -33"><span class='ocrx_word' id='word_1_190' title='bbox 141 3618 276 3691; x_wconf 82' lang='lat' dir='ltr'><strong>vocales</strong></span> <span class='ocrx_word' id='word_1_191' title='bbox 288 3631 352 3691; x_wconf 89' lang='lat' dir='ltr'><strong>aut</strong></span> <span class='ocrx_word' id='word_1_192' title='bbox 366 3633 476 3690; x_wconf 84' lang='lat' dir='ltr'><strong>mutoe</strong></span> <span class='ocrx_word' id='word_1_193' title='bbox 489 3619 665 3719; x_wconf 68' lang='lat' dir='ltr'><strong>copulatae</strong></span> <span class='ocrx_word' id='word_1_194' title='bbox 678 3618 843 3691; x_wconf 87' lang='lat' dir='ltr'><strong>similiter</strong></span> <span class='ocrx_word' id='word_1_195' title='bbox 855 3618 947 3690; x_wconf 81' lang='lat' dir='ltr'><strong>inter</strong></span> <span class='ocrx_word' id='word_1_196' title='bbox 960 3643 998 3690; x_wconf 86' lang='lat' dir='ltr'><strong>se</strong></span> <span class='ocrx_word' id='word_1_197' title='bbox 1009 3641 1240 3714; x_wconf 87' lang='lat' dir='ltr'><strong>nequaquam</strong></span> 
     </span>
     <span class='ocr_line' id='line_1_28' title="bbox 142 3731 1286 3831; baseline 0.001 -29"><span class='ocrx_word' id='word_1_198' title='bbox 142 3731 173 3804; x_wconf 91' lang='lat' dir='ltr'><strong>id</strong></span> <span class='ocrx_word' id='word_1_199' title='bbox 200 3733 348 3822; x_wconf 83' lang='lat' dir='ltr'><strong>saciant,</strong></span> <span class='ocrx_word' id='word_1_200' title='bbox 376 3759 448 3805; x_wconf 91' lang='lat' dir='ltr'><strong>non</strong></span> <span class='ocrx_word' id='word_1_201' title='bbox 476 3733 686 3807; x_wconf 72' lang='lat' dir='ltr'><strong>einmerito:</strong></span> <span class='ocrx_word' id='word_1_202' title='bbox 712 3731 819 3806; x_wconf 67' lang='lat' dir='ltr'><strong>‘lnam</strong></span> <span class='ocrx_word' id='word_1_203' title='bbox 848 3759 960 3831; x_wconf 90' lang='lat' dir='ltr'><strong>quum</strong></span> <span class='ocrx_word' id='word_1_204' title='bbox 991 3731 1107 3828; x_wconf 90' lang='lat' dir='ltr'><strong>major</strong></span> <span class='ocrx_word' id='word_1_205' title='bbox 1135 3731 1172 3803; x_wconf 92' lang='lat' dir='ltr'><strong>in</strong></span> <span class='ocrx_word' id='word_1_206' title='bbox 1200 3731 1286 3804; x_wconf 82' lang='lat' dir='ltr'><strong>li-³³</strong></span> 
     </span>
     <span class='ocr_line' id='line_1_29' title="bbox 139 3846 1241 3948; baseline -0.004 -26"><span class='ocrx_word' id='word_1_207' title='bbox 139 3849 245 3945; x_wconf 84' lang='lat' dir='ltr'><strong>quida</strong></span> <span class='ocrx_word' id='word_1_208' title='bbox 262 3873 375 3945; x_wconf 85' lang='lat' dir='ltr'><strong>quam</strong></span> <span class='ocrx_word' id='word_1_209' title='bbox 395 3848 433 3920; x_wconf 89' lang='lat' dir='ltr'><strong>in</strong></span> <span class='ocrx_word' id='word_1_210' title='bbox 451 3863 554 3922; x_wconf 86' lang='lat' dir='ltr'><strong>muta</strong></span> <span class='ocrx_word' id='word_1_211' title='bbox 566 3848 678 3922; x_wconf 90' lang='lat' dir='ltr'><strong>virtus</strong></span> <span class='ocrx_word' id='word_1_212' title='bbox 696 3849 754 3934; x_wconf 88' lang='lat' dir='ltr'><strong>sit,</strong></span> <span class='ocrx_word' id='word_1_213' title='bbox 769 3861 896 3948; x_wconf 86' lang='lat' dir='ltr'><strong>utpote</strong></span> <span class='ocrx_word' id='word_1_214' title='bbox 912 3846 1141 3934; x_wconf 64' lang='lat' dir='ltr'><strong>‘ametaboln</strong></span> <span class='ocrx_word' id='word_1_215' title='bbox 1160 3872 1241 3942; x_wconf 83' lang='lat' dir='ltr'><strong>quae</strong></span> 
     </span>
    </p>

    <p class='ocr_par' dir='ltr' id='par_1_6' title="bbox 138 4027 1242 4426">
     <span class='ocr_line' id='line_1_30' title="bbox 176 4027 1241 4110; baseline -0.002 -20"><span class='ocrx_word' id='word_1_216' title='bbox 176 4033 295 4110; x_wconf 76' lang='lat' dir='ltr'><strong>rqu0d]</strong></span> <span class='ocrx_word' id='word_1_217' title='bbox 311 4031 379 4110; x_wconf 85' lang='lat' dir='ltr'><strong>quia</strong></span> <span class='ocrx_word' id='word_1_218' title='bbox 393 4033 424 4090; x_wconf 92' lang='lat' dir='ltr'><strong>P.</strong></span> <span class='ocrx_word' id='word_1_219' title='bbox 528 4031 808 4110; x_wconf 76' lang='lat' dir='ltr'><strong>⁸10nga]10ngel³.</strong></span> <span class='ocrx_word' id='word_1_220' title='bbox 910 4027 1125 4110; x_wconf 72' lang='lat' dir='ltr'><strong>tprocerttatis]</strong></span> <span class='ocrx_word' id='word_1_221' title='bbox 1142 4049 1241 4107; x_wconf 85' lang='lat' dir='ltr'><strong>prooe-</strong></span> 
     </span>
     <span class='ocr_line' id='line_1_31' title="bbox 140 4111 1242 4189; baseline -0.001 -21"><span class='ocrx_word' id='word_1_222' title='bbox 140 4111 202 4171; x_wconf 83' lang='lat' dir='ltr'><strong>ritas</strong></span> <span class='ocrx_word' id='word_1_223' title='bbox 214 4115 247 4172; x_wconf 90' lang='grc' dir='ltr'><strong>Ρ.</strong></span> <span class='ocrx_word' id='word_1_224' title='bbox 347 4122 363 4154; x_wconf 80' lang='lat' dir='ltr'><strong>r</strong></span> <span class='ocrx_word' id='word_1_225' title='bbox 376 4111 465 4188; x_wconf 90' lang='lat' dir='ltr'><strong>qnod]</strong></span> <span class='ocrx_word' id='word_1_226' title='bbox 480 4131 544 4189; x_wconf 77' lang='lat' dir='ltr'><strong>qua</strong></span> <span class='ocrx_word' id='word_1_227' title='bbox 558 4113 590 4170; x_wconf 88' lang='grc' dir='ltr'><strong>Ρ.</strong></span> <span class='ocrx_word' id='word_1_228' title='bbox 606 4123 635 4169; x_wconf 87' lang='lat' dir='ltr'><strong>et</strong></span> <span class='ocrx_word' id='word_1_229' title='bbox 649 4111 729 4170; x_wconf 85' lang='lat' dir='ltr'><strong>infra.</strong></span> <span class='ocrx_word' id='word_1_230' title='bbox 824 4111 1005 4184; x_wconf 73' lang='lat' dir='ltr'><strong>&#39;authorasJ</strong></span> <span class='ocrx_word' id='word_1_231' title='bbox 1022 4121 1151 4168; x_wconf 75' lang='lat' dir='ltr'><strong>autom</strong></span> <span class='ocrx_word' id='word_1_232' title='bbox 1166 4111 1197 4168; x_wconf 92' lang='grc' dir='ltr'><strong>Ρ.</strong></span> <span class='ocrx_word' id='word_1_233' title='bbox 1212 4123 1242 4168; x_wconf 86' lang='lat' dir='ltr'><strong>et</strong></span> 
     </span>
     <span class='ocr_line' id='line_1_32' title="bbox 138 4191 1242 4266; baseline -0.001 -17"><span class='ocrx_word' id='word_1_234' title='bbox 138 4193 216 4251; x_wconf 71' lang='lat' dir='ltr'><strong>infra</strong></span> <span class='ocrx_word' id='word_1_235' title='bbox 332 4203 349 4235; x_wconf 83' lang='lat'><em>¹</em></span> <span class='ocrx_word' id='word_1_236' title='bbox 363 4191 544 4266; x_wconf 71' lang='lat' dir='ltr'><strong>affectarint]</strong></span> <span class='ocrx_word' id='word_1_237' title='bbox 560 4191 761 4250; x_wconf 79' lang='lat' dir='ltr'><strong>affectaverint.</strong></span> <span class='ocrx_word' id='word_1_238' title='bbox 782 4191 858 4248; x_wconf 82' lang='lat' dir='ltr'><strong>Nam</strong></span> <span class='ocrx_word' id='word_1_239' title='bbox 873 4191 905 4248; x_wconf 92' lang='grc' dir='ltr'><strong>Ρ.</strong></span> <span class='ocrx_word' id='word_1_240' title='bbox 1014 4191 1180 4266; x_wconf 76' lang='lat' dir='ltr'><strong>tinductae]</strong></span> <span class='ocrx_word' id='word_1_241' title='bbox 1196 4211 1242 4248; x_wconf 89' lang='lat' dir='ltr'><strong>su·</strong></span> 
     </span>
     <span class='ocr_line' id='line_1_33' title="bbox 140 4270 1240 4426; baseline -0.005 -13"><span class='ocrx_word' id='word_1_242' title='bbox 140 4293 260 4413; x_wconf 65' lang='lat' dir='ltr'><strong>nr</strong></span> <span class='ocrx_word' id='word_1_243' title='bbox 275 4273 463 4426; x_wconf 59' lang='lat' dir='ltr'><strong>asta</strong></span> <span class='ocrx_word' id='word_1_244' title='bbox 477 4270 1072 4426; x_wconf 51' lang='lat' dir='ltr'><strong>nassttlr‘trn&#39;p&#39;‘utba</strong></span> <span class='ocrx_word' id='word_1_245' title='bbox 1088 4271 1240 4410; x_wconf 58' lang='lat' dir='ltr'><strong>aaliz]</strong></span> 
     </span>
    </p>
   </div>
   <div class='ocr_carea' id='block_1_5' title="bbox 141 4429 1241 4589">
    <p class='ocr_par' dir='ltr' id='par_1_7' title="bbox 141 4429 1241 4589">
     <span class='ocr_line' id='line_1_34' title="bbox 141 4429 1241 4510; baseline -0.002 -19"><span class='ocrx_word' id='word_1_246' title='bbox 141 4433 325 4510; x_wconf 69' lang='lat' dir='ltr'><strong>eimmerito]</strong></span> <span class='ocrx_word' id='word_1_247' title='bbox 347 4429 483 4490; x_wconf 85' lang='lat' dir='ltr'><strong>inmerito</strong></span> <span class='ocrx_word' id='word_1_248' title='bbox 498 4434 528 4490; x_wconf 92' lang='grc' dir='ltr'><strong>Ρ.</strong></span> <span class='ocrx_word' id='word_1_249' title='bbox 635 4429 731 4490; x_wconf 74' lang='lat' dir='ltr'><strong>dsistra</strong></span> <span class='ocrx_word' id='word_1_250' title='bbox 745 4431 826 4508; x_wconf 89' lang='lat' dir='ltr'><strong>oum]</strong></span> <span class='ocrx_word' id='word_1_251' title='bbox 842 4451 938 4508; x_wconf 85' lang='lat' dir='ltr'><strong>namq;</strong></span> <span class='ocrx_word' id='word_1_252' title='bbox 953 4436 971 4488; x_wconf 79' lang='grc' dir='ltr'><strong>ῖι</strong></span> <span class='ocrx_word' id='word_1_253' title='bbox 987 4432 1019 4488; x_wconf 92' lang='grc' dir='ltr'><strong>Ρ.</strong></span> <span class='ocrx_word' id='word_1_254' title='bbox 1123 4441 1241 4491; x_wconf 70' lang='lat' dir='ltr'><strong>‘nieta-</strong></span> 
     </span>
     <span class='ocr_line' id='line_1_35' title="bbox 143 4511 723 4589; baseline -0.005 -16"><span class='ocrx_word' id='word_1_255' title='bbox 143 4513 218 4588; x_wconf 76' lang='lat' dir='ltr'><strong>bots]</strong></span> <span class='ocrx_word' id='word_1_256' title='bbox 235 4511 401 4572; x_wconf 83' lang='lat' dir='ltr'><strong>ametabols</strong></span> <span class='ocrx_word' id='word_1_257' title='bbox 412 4512 532 4572; x_wconf 86' lang='lat' dir='ltr'><strong>Vossius</strong></span> <span class='ocrx_word' id='word_1_258' title='bbox 544 4515 578 4572; x_wconf 81' lang='lat' dir='ltr'><strong>A.</strong></span> <span class='ocrx_word' id='word_1_259' title='bbox 590 4514 627 4572; x_wconf 88' lang='lat' dir='ltr'><strong>G.</strong></span> <span class='ocrx_word' id='word_1_260' title='bbox 639 4513 662 4572; x_wconf 91' lang='lat'><strong>1.</strong></span> <span class='ocrx_word' id='word_1_261' title='bbox 677 4531 723 4589; x_wconf 92' lang='lat'><strong>¹9·</strong></span> 
     </span>
    </p>
   </div>
   <div class='ocr_carea' id='block_1_6' title="bbox 0 0 1527 5084">
    <p class='ocr_par' dir='ltr' id='par_1_8' title="bbox 0 0 1527 5084">
     <span class='ocr_line' id='line_1_36' title="bbox 0 0 1527 5084; baseline 0 0"><span class='ocrx_word' id='word_1_262' title='bbox 0 0 1527 5084; x_wconf 95' lang='lat' dir='ltr'><strong> </strong></span> 
     </span>
    </p>
   </div>
  </div>
 </body>
</html>
