3124 5120
151 431 238 480 cnr.
255 431 280 480 r.
408 407 473 480 De
490 407 689 508 conjunctas
705 409 802 482 inter
816 434 856 480 se
872 409 1010 482 metris.
1193 419 1260 497 ¹³7

153 605 245 680 tem,
263 615 336 687 qua
353 603 390 664 et
406 603 568 666 veterum
590 593 658 666 sub
674 617 904 691 quacumque
920 591 1000 689 lege
1022 591 1152 666 tradita
1169 593 1262 664 cele-

153 707 243 780 riter
272 705 591 804 comprehendere,
615 721 651 780 et
681 707 797 781 multa
823 705 891 806 ipsi
917 705 1111 780 temulente
1140 705 1262 780 studio

155 849 251 896 nora
268 823 457 922 concipere
475 825 608 909 animo,
625 839 734 922 atque
750 822 945 896 informare
960 821 1152 922 possimus.
1203 823 1290 899 lter

156 939 257 1012 enim
276 952 486 1026 metrorum,
502 937 599 1038 ¹quae
616 964 663 1012 ex
680 936 820 1038 origine
837 937 1006 1012 noscendi
1020 965 1042 1011 e
1058 940 1261 1039 prototypis

156 1079 289 1126 novem
317 1054 514 1152 profluunt,
544 1055 637 1128 inter
661 1081 700 1126 se
723 1053 874 1128 varietas
902 1053 1134 1127 multiformis
1157 1067 1194 1128 et
1216 1053 1262 1126 de

157 1167 339 1268 praefinito
372 1169 483 1242 veluti
524 1168 751 1268 quorundam
796 1169 1022 1244 mseminario
1057 1169 1263 1242 innumera-

158 1284 244 1356 bilis
261 1283 366 1382 copia
382 1295 458 1356 est:
484 1297 526 1358 ut
547 1285 608 1358 ille
634 1285 797 1360 ¹²loculus
812 1282 1069 1358 Archimedius
1094 1311 1115 1356 e
1139 1296 1264 1383 ⁰quat-

158 1397 361 1472 tuordecim
387 1399 515 1472 crustis
540 1400 717 1487 eburneis,
743 1425 841 1474 nunc
857 1397 1052 1497 quadratis,
1078 1425 1177 1473 nunc
1199 1401 1265 1472 tri-

159 1513 313 1610 angulis,
331 1537 431 1586 nunc
445 1542 489 1590 ex
508 1529 659 1614 utraque
676 1517 795 1616 specie
811 1516 907 1590 varie
922 1516 1095 1615 figuratis,
1111 1529 1148 1590 et
1166 1517 1265 1590 velut

160 1629 377 1728 quibusdam
399 1631 572 1704 membris
592 1632 676 1705 artis
703 1629 881 1704 struendae
906 1655 1014 1704 causa
1040 1630 1264 1730 compositus

159 1746 337 1846 proditur.
386 1746 487 1821 Nam
515 1745 618 1819 utin
646 1746 709 1819 illo
743 1746 922 1846 prefinito
956 1773 997 1820 ac
1026 1745 1292 1824 determinatos

160 1875 363 1936 crustarum
398 1887 552 1936 numero
586 1861 779 1962 multiplici
816 1860 1010 1936 earundem
1046 1861 1265 1935 Pvariatione

162 2003 264 2051 nunc
292 2005 410 2066 naves,
437 2003 536 2051 nunc
561 1976 705 2076 agladii,
734 2004 834 2051 nunc
860 1977 1050 2052 arbuscula
1076 1990 1114 2050 et
1135 1977 1164 2049 si
1192 2001 1265 2074 qua

163 2095 232 2167 alia
249 2096 460 2192 figurantur,
477 2095 529 2168 ita
547 2109 743 2169 metrorum
762 2109 860 2169 certo
880 2119 924 2168 ex
951 2093 1087 2192 origine
1113 2119 1266 2166 nomem

163 2209 257 2282 infra
279 2209 402 2284 decem
431 2223 626 2311 prototypa
650 2211 898 2310 conprehenso
924 2210 1115 2308 multiplex
1142 2208 1266 2282 admo-

162 2324 250 2398 dum
270 2325 450 2400 varietatis
467 2326 571 2424 copia
589 2341 817 2426 propagatur.
864 2325 963 2399 Nam
983 2339 1024 2398 ut
1041 2351 1084 2397 ea
1099 2348 1267 2398 exercen-

162 2438 209 2512 tis
227 2452 291 2514 sut
307 2439 493 2540 ingenium
513 2455 575 2514 aut
591 2442 786 2516 voluntatis
801 2442 992 2515 arbitrium
1011 2453 1077 2531 est,
1093 2442 1143 2514 ita
1161 2441 1267 2514 varias

163 2581 205 2627 ao
225 2555 464 2630 multiformes
483 2571 677 2630 metrorum
702 2557 840 2657 species
865 2557 1105 2656 proferuntur.
1156 2553 1297 2655 Figu-6
1309 2549 1311 2556 ’

162 2683 287 2742 rantur
302 2672 400 2744 enim
427 2672 653 2771 generalibus
680 2672 798 2747 modis
822 2673 977 2762 duobus,
993 2671 1204 2769 quantitatis
1229 2685 1267 2745 et

161 2783 359 2884 qualitatis.
413 2785 638 2886 Specialibus
671 2801 792 2862 autem
827 2799 929 2861 octo:
965 2811 1048 2860 nam
1084 2787 1266 2883 quantitas

163 2900 376 2974 immutabit
394 2913 551 2975 metrum
569 2917 633 2976 aut
648 2929 713 3003 per
730 2903 968 3001 adjectionem
986 2915 1050 2975 aut
1073 2927 1137 3002 per
1153 2902 1267 2976 demi·

163 3019 374 3091 nutionem:
402 3016 557 3114 qualitas
584 3030 704 3090 autem
728 3045 793 3117 per
808 3017 1091 3106 translationem,
1107 3017 1267 3116 permix-

163 3133 316 3219 tionem,
333 3133 697 3232 transfigurationcm,
713 3133 941 3222 divisionem,
963 3133 1150 3217 unitatem,
1168 3157 1267 3204 com-

162 3247 394 3348 positionem.
444 3247 495 3322 Et
521 3275 567 3322 ex
598 3249 708 3324 heroo
735 3247 905 3348 rquidem
932 3273 996 3346 per
1027 3245 1295 3343 adjectionemr

163 3365 313 3463 syllaboe
330 3365 394 3436 fiet
411 3363 472 3453 ite,

265 3478 385 3554 Mauo
400 3479 453 3552 mi
468 3479 639 3554 Pierides
655 3488 711 3553 'et
731 3479 882 3554 Clarius
898 3477 997 3552 adsit
1012 3477 1156 3576 Apollo.

163 3597 216 3671 mi
231 3597 331 3670 enim
358 3595 496 3694 syllaba
519 3595 772 3683 detractarent
799 3596 1016 3674 hexameter.
1069 3595 1137 3670 Per
1152 3593 1267 3670 demi-

164 3711 352 3784 nutionem
372 3724 494 3784 autem
513 3711 660 3810 syllabae
676 3724 813 3786 octavae
826 3714 900 3786 sive
917 3739 1023 3786 nonoe
1039 3737 1084 3785 ex
1103 3713 1266 3787 trimetro

165 3825 334 3911 iambico,
352 3825 415 3916 sic,

266 3941 408 4016 Beatus
424 3941 490 4016 ille
507 3945 570 4044 qui
581 3943 714 4041 procul
729 3945 911 4018 messibus.

166 4057 235 4130 Per
249 4057 519 4132 translationem
540 4085 622 4132 vero
639 4061 829 4134 verborum
848 4087 892 4134 ex
911 4061 1033 4149 heroo,
1050 4060 1112 4150 sic,
1279 4070 1295 4118 ⁸

206 4288 305 4369 ¹quae]
321 4287 389 4366 quia
403 4289 435 4346 P.
518 4291 720 4365 mseminario]
738 4292 929 4352 seminumero
942 4295 973 4351 P.
1040 4291 1263 4369 nloculusesse]

167 4391 298 4430 esseom.
314 4370 346 4428 P.
464 4372 893 4450 ⁰quatnordecem]quattuord
937 4376 1009 4432 mP.
1032 4374 1266 4433 Vid.Atil.For·

167 4465 257 4510 tuost.
273 4471 300 4530 p.
315 4450 403 4528 2685.
415 4453 461 4512 ed.
473 4454 586 4511 Putsch.
638 4463 654 4507 1³
669 4454 773 4510 variata
783 4453 890 4530 specie]
905 4454 1043 4514 variaticie
1053 4457 1085 4513 P.
1136 4465 1152 4510 q
1165 4454 1265 4534 gladii]

168 4532 276 4612 gladios
290 4533 322 4591 P.
410 4533 564 4612 rqrridem]
581 4532 658 4610 quod
673 4533 704 4590 P.
786 4543 842 4592 ¹et
856 4533 978 4608 Clarius]
990 4533 1156 4612 Clariosque
1170 4535 1201 4592 P.

705 4649 729 4696 T
