3082 5140
146 429 233 482 cnr.
249 419 309 480 28.
512 405 721 481 Demetros
738 403 902 480 Horatii.
1175 414 1248 476 35³

147 617 315 664 sensum:
343 588 414 662 hoc
431 603 487 663 est
504 589 600 662 enim
619 589 823 689 legitimum
842 590 879 663 in
897 587 1033 689 epodis.
1078 586 1177 685 Ergo
1194 613 1244 660 se-

146 706 307 781 cundum
330 707 411 780 haec
428 719 465 778 et
482 707 597 804 elegia
613 706 805 806 epodicum
825 731 982 779 carmen.
1029 701 1122 776 Haec
1140 701 1277 800 igiturr

147 822 269 896 cantio
287 821 409 919 lyrica,
426 847 507 918 quae
531 834 611 898 tres.
629 820 692 894 has
718 835 836 921 partes
860 821 980 906 habet,
998 817 1163 919 pen'odos
1186 845 1249 916 ap-

146 936 323 1036 pellatum
351 934 476 1008 eadem
496 934 594 1020 trias,
608 935 636 1007 si
663 961 708 1008 ex
734 936 839 1008 rebus
864 937 920 1008 his
946 949 1097 1010 constet.
1148 935 1249 1007 Solet

148 1051 246 1124 enim
273 1049 513 1125 abundantior
539 1064 575 1122 et
605 1049 745 1148 plenior
771 1052 891 1124 cantio
922 1051 1053 1124 habere
1083 1049 1249 1124 antistro-

147 1167 247 1266 phen
279 1165 450 1264 periodon
478 1166 669 1264 aliquando
694 1181 731 1238 et
760 1166 797 1237 in
826 1165 957 1255 medio,
983 1166 1053 1239 hoc
1077 1180 1132 1239 est
1157 1165 1250 1238 inter

148 1283 321 1381 strophen
347 1296 385 1354 et
410 1281 658 1381 antistrophen
687 1280 872 1353 mesodon.
923 1281 1161 1354 Inveniuntur
1185 1294 1276 1354 ειη-8

148 1409 224 1469 tem
247 1395 284 1468 in
309 1396 455 1494 strophe
473 1396 552 1469 cola
568 1397 624 1468 vel
643 1411 825 1469 commata
842 1393 988 1492 ¹aliqua,
1002 1421 1047 1468 ex
1064 1395 1248 1491 voluntate

150 1510 339 1584 scribentis
374 1511 470 1584 varia
501 1510 605 1583 metri
643 1512 720 1608 lege
750 1510 872 1584 finita:
912 1511 998 1584 huic
1025 1511 1247 1610 antistrophe

150 1623 312 1698 redditur
337 1624 488 1699 totidem
516 1626 615 1715 colis,
633 1625 774 1698 hisdem
801 1625 943 1698 metris:
972 1626 1078 1699 tertio
1106 1623 1249 1699 additur

150 1739 298 1838 epodos,
318 1740 397 1837 jam
425 1741 586 1838 quolibet
612 1755 749 1824 metro;
787 1741 864 1814 hsec
889 1755 944 1814 est
970 1754 1009 1813 ut
1034 1740 1109 1813 dixi
1137 1767 1247 1838 quam

151 1854 266 1928 triada
289 1855 484 1955 appellant.
535 1853 606 1928 Sed
625 1855 794 1952 quoniam
819 1856 897 1930 haec
914 1856 1113 1930 accuratius
1130 1857 1277 1934 Graeci⁹

152 1985 267 2068 poetae
284 1984 524 2058 servaverunt,
545 1971 671 2044 melius
689 1985 725 2044 te
741 1971 859 2044 Graeci
884 1973 1045 2071 magistri
1063 1971 1108 2045 de
1124 1999 1249 2046 exem-

150 2083 221 2185 plis
239 2085 375 2158 Graecis
392 2085 585 2159 docebunt.

202 2199 240 2272 N
244 2227 313 2273 unc
330 2202 517 2274 veniamus
535 2201 579 2274 ad
597 2201 808 2277 divisionem
828 2217 1037 2278 metrorum.

327 2351 432 2436 [1.1.]
461 2353 622 2416 Maecenas
636 2354 742 2418 omnis
756 2353 835 2418 edite
850 2355 989 2441 regilius.
1157 2380 1163 2390 =
1264 2375 1295 2411 ιο

152 2461 413 2561 Asclepiadeon
433 2475 572 2534 metron
600 2477 758 2552 vocatur,
776 2489 848 2536 non
867 2463 963 2560 quod
990 2477 1148 2563 repertor
1172 2463 1249 2560 ejus

153 2576 384 2676 Asclepiades
401 2575 520 2665 fuerit,
538 2576 598 2649 sed
618 2576 714 2675 quod
739 2605 783 2649 eo
805 2577 1014 2652 familiarius
1031 2593 1068 2651 et
1084 2579 1251 2676 frequen·

154 2691 227 2765 tius
244 2691 291 2764 sit
308 2717 404 2764 usus.
446 2691 544 2763 Ante
568 2691 670 2763 illum
688 2693 786 2766 enim
806 2693 859 2767 usi
877 2695 1021 2768 Alcaeus
1039 2708 1076 2767 et
1101 2695 1251 2796 Sappho

155 2809 225 2880 hoc
241 2807 382 2906 integro
401 2833 463 2880 usa
480 2821 535 2879 est
552 2807 621 2879 min
640 2807 731 2880 libro
748 2808 887 2904 quinto.
940 2809 1039 2882 Inter
1056 2809 1159 2882 binos
1176 2837 1252 2882 ver·

155 2950 215 2998 sus
232 2923 425 2997 decurrunt
452 2924 580 2996 melica
604 2923 845 3022 systematica,
863 2925 964 2998 nhaec
986 2925 1079 2998 binis
1104 2927 1159 3000 vel
1186 2928 1249 2999 tri-

155 3041 222 3113 bus
250 3040 306 3112 vel
337 3054 508 3137 quattuor
540 3039 700 3112 versibus
736 3053 913 3113 constant.
979 3041 1065 3114 Hoc
1094 3056 1248 3115 metrum

156 3154 295 3228 videtur
312 3183 333 3228 a
350 3168 576 3253 pentametro
594 3153 745 3252 epodieo
761 3168 900 3228 natum.
936 3153 1033 3228 Nam
1054 3157 1162 3230 habet
1179 3155 1251 3229 duo
1267 3187 1294 3222 11

156 3271 455 3370 penthemimere,
471 3269 630 3369 primum
658 3269 906 3356 acatalectum,
932 3271 1130 3345 secundum
1159 3285 1253 3346 cata-

156 3386 339 3476 lenticum,

370 3485 534 3549 Moecrnos
548 3485 654 3548 mame
668 3485 748 3549 adite
761 3485 901 3573 regibus.

157 3594 257 3668 Huic
284 3596 313 3668 si
338 3594 462 3669 reddas
480 3595 518 3668 in
537 3595 667 3668 ultimo
685 3595 873 3694 syllabam,
892 3597 1029 3696 integer
1043 3597 1110 3670 erit
1126 3612 1254 3697 penta-

157 3723 282 3796 meter,

371 3809 532 3874 Mcecmos
546 3811 653 3874 olom
665 3808 746 3874 edite
758 3810 885 3897 rrgilio.

156 3918 217 3992 Ab
244 3945 288 3992 eo
317 3933 439 3992 tamen
471 3931 699 4019 pentametro
724 3920 882 3993 nascitur
905 3920 968 4018 qui
994 3943 1069 3992 x111
1100 3917 1257 4017 syllabas

158 4033 279 4124 habet,
297 4034 367 4108 hoc
388 4049 443 4108 est
466 4035 568 4131 eujus
586 4034 702 4134 prima
720 4061 801 4133 pars
819 4033 864 4107 de
882 4033 1041 4134 spondeo
1058 4047 1095 4108 et
1111 4033 1256 4133 dactylo

157 4161 308 4223 constet.
360 4149 532 4223 Ceterum
551 4148 813 4248 Asclepiadeon
832 4149 1157 4249 duodecasyllsbon
1179 4177 1255 4224 esse
1272 4189 1300 4224 ιι

157 4279 312 4364 oportet,
329 4279 448 4366 potest
473 4281 510 4340 et
536 4265 793 4366 antispasticon
820 4289 896 4336 esse
923 4265 1111 4337 trimetron
1138 4280 1256 4340 acata-

159 4441 330 4586 hlpiligyo]
347 4449 461 4524 aliquod
474 4446 554 4505 Med.
638 4449 774 4502 ninom.
792 4444 826 4504 V.
910 4445 1009 4520 nlicre]
1027 4453 1091 4503 sont
1105 4448 1206 4506 horest
1221 4449 1258 4506 V.

178 4543 211 4582 oc
297 4569 305 4585 .

676 4643 737 4693 ZZ
