3082 5140
156 427 255 476 cae.
274 416 304 476 l.
523 403 589 476 De
607 403 743 478 alletris
763 403 927 480 Cornicis.
1200 423 1272 500 387

220 597 246 630 “
265 585 441 660 Meminit
458 601 580 662 autern
599 613 720 662 versus
743 589 821 685 ejus
839 587 1060 678 Herodotus,
1078 615 1185 688 quem
1211 619 1274 692 ap-

157 713 187 747 “
208 703 336 802 plicui,
352 701 402 776 ‘oi
416 735 469 798 μοι
485 704 528 777 τὰ
545 704 647 800 l's'pen
662 713 715 778 τοῦ
729 703 921 801 πολυχρύσου
934 704 1055 798 pileis

219 817 272 890 Et
297 817 475 890 hactenus
500 817 545 890 de
581 817 791 892 catalectico
821 818 985 892 trimetro
1009 817 1162 893 dictum.
1212 819 1318 894 Dea

160 945 371 1006 octometro
400 933 568 1006 rssoiscio
598 932 692 1004 idern
724 931 776 1005 sic
807 929 940 1008 ldicit:
983 933 1272 1010 “Octometrum

160 1055 193 1089 “
212 1047 461 1120 catalecticum
480 1045 577 1144 quod
597 1047 797 1146 appellatur
815 1048 1031 1138 ¹Boiscium,

256 1172 279 1206 “
299 1161 428 1243 Belem
445 1166 460 1235 ὅ
476 1162 535 1234 eisd
553 1169 684 1250 Κυζικοῦ
699 1163 808 1246 acarde
825 1165 962 1263 γραφεὺς
978 1168 1155 1260 ποιήματος,

257 1287 279 1320 “
299 1277 349 1350 ris
365 1268 510 1352 o’rrrcinovr
527 1277 613 1374 eiplrs
630 1278 738 1374 στίχον
754 1278 861 1377 Φοίβῳ
878 1274 978 1368 τίθησι
997 1279 1115 1378 1ιδῶρον.

255 1399 277 1431 “
294 1393 428 1458 Boiscus
442 1391 516 1458 ¹iate
531 1394 677 1480 meysam
692 1395 788 1457 raoni
801 1401 945 1482 repertor
957 1395 1131 1460 carminis:

255 1502 277 1534 “
294 1497 383 1559 Nam
391 1498 522 1583 primus
537 1517 664 1560 versum
677 1503 843 1558 ‘’octonum
853 1495 971 1580 pedum
986 1495 1042 1560 deo
1054 1497 1247 1564 dicaverat.”

167 1613 375 1687 Firmianus
393 1615 437 1688 ad
464 1615 622 1688 Probum
642 1613 688 1687 de
711 1615 834 1687 metris
856 1613 1116 1689 comoediarum
1145 1617 1196 1690 sic
1219 1615 1272 1690 di·
1286 1645 1317 1698 ²9

166 1729 238 1802 cit:
264 1729 402 1802 “Nam
430 1730 527 1828 quod
553 1729 747 1803 demetria
774 1731 1034 1804 comoediarum
1059 1732 1270 1830 trequisisti

165 1855 245 1916 “et
265 1871 332 1943 ego
356 1846 431 1918 scio
455 1845 629 1944 plurimos
648 1846 853 1920 existimare
869 1845 1101 1919 Terentianae
1119 1849 1175 1920 vel
1195 1875 1270 1921 ma-

166 1959 307 2031 “xime
325 1959 464 2032 fabulas
486 1971 650 2032 metrum'
668 1987 741 2034 non
766 1961 897 2034 habere
914 1961 1104 2036 comoediae
1122 1963 1268 2050 Graeca,

166 2083 188 2116 “
208 2074 243 2146 id
271 2088 336 2162 est,
356 2073 561 2164 Menandri,
582 2075 818 2165 Philemonis,
834 2075 990 2176 Diphili,
1009 2077 1071 2176 qui
1098 2078 1268 2152 trimetris

165 2189 366 2262 “versibus
397 2201 574 2262 coustant.
625 2189 750 2262 Nostri
784 2191 880 2264 enirn
912 2205 1048 2264 veteres
1079 2193 1268 2266 comoediae

166 2315 189 2346 ‘⁴
208 2303 397 2402 scriptores
412 2305 450 2376 in
465 2303 692 2378 modulandis
709 2305 839 2378 fabulis
857 2307 955 2403 sequi
972 2305 1176 2380 maluerunt
1192 2307 1268 2380 Eu·

166 2427 188 2460 “
205 2419 331 2516 polim,
345 2413 551 2508 Uratinum,
568 2419 862 2522 Aristophanem,
881 2433 922 2492 ut
937 2419 1124 2518 praefatum
1144 2421 1227 2492 est.”

216 2533 427 2618 Mensuram
463 2561 541 2608 esse
581 2537 617 2608 in
657 2535 800 2622 sabulis,
836 2536 904 2608 hoc
939 2547 994 2606 est
1029 2533 1166 2631 1μέτρον,
1198 2534 1313 2614 'Pe-³0

165 2649 268 2720 rentii
288 2663 325 2722 et
343 2649 472 2736 Plauti,
490 2677 531 2724 ac
554 2665 753 2724 ceterorum
785 2649 1024 2722 'comicorum
1052 2661 1089 2720 et
1115 2650 1266 2748 tragico-

165 2791 260 2854 rum,
283 2765 428 2840 ⁸dicunt
457 2767 505 2853 bi,
535 2767 674 2854 Cicero,
702 2765 868 2854 Scaums,
897 2761 1113 2851 Firmianus,
1137 2763 1265 2854 Varro,

165 2878 384 2971 Victorinus,
424 2881 561 2954 Caesius
603 2879 751 2969 Bassus,
787 2879 1037 2968 Terentianus,
1080 2881 1265 2954 ‘Caecilius

205 3059 248 3137 ¹}
260 3064 325 3137 privs
337 3065 427 3140 pipere]
444 3059 462 3122 ri
473 3089 514 3138 μοι
527 3071 551 3122 τ’
565 3065 677 3140 ἀργυρέου
692 3072 733 3121 τοῖ
747 3063 809 3122 Ald.
909 3073 922 3113 Ι
938 3062 1064 3136 Bolsclo]
1081 3061 1185 3121 Bolsco
1198 3062 1264 3122 ΑΗ.

164 3141 267 3201 Boisto
281 3145 355 3203 Ven.
417 3141 533 3220 misit]
549 3144 618 3204 dicit
632 3145 705 3202 Ven.
720 3145 783 3202 Ald.
849 3142 857 3184 ¹
872 3143 1030 3217 Boiscirnn]
1047 3145 1175 3200 casnm
1191 3145 1265 3201 Ven.

165 3225 356 3284 ubiGmmo
412 3223 525 3301 ktsps]
541 3229 628 3300 breda
642 3223 714 3284 snt
779 3223 869 3299 lists]
886 3223 1036 3282 isderlld.
1105 3233 1128 3266 ¹¹¹
1144 3222 1262 3300 Cyzico]

165 3305 263 3399 zyaico
278 3305 350 3384 Ven.
445 3305 540 3364 ¹'novi
550 3304 609 3384 jovi
622 3306 695 3362 Ven.
783 3315 948 3364 ⁰oetonum
964 3302 1263 3382 pedum-dicaverat]

164 3395 653 3479 octonopedess-dicaritvenalld.
719 3401 905 3480 Preqnisisti]
922 3401 1037 3478 requieti
1051 3400 1124 3457 Ven.
1191 3401 1266 3472 *ἱμέ-

163 3482 229 3554 τρον]
249 3493 369 3540 metrum
386 3484 458 3540 Ven.
528 3481 726 3540 rcomicorum
741 3495 771 3538 et
784 3481 952 3560 tragicorum
968 3501 1025 3538 om.
1042 3480 1112 3537 Ven.
1189 3479 1265 3538 ·di.

164 3562 244 3634 cant]
260 3562 360 3620 dicunt
376 3563 447 3620 Ven.
463 3563 527 3620 ald.
543 3561 687 3636 Caecilius]
702 3561 806 3619 Caelius
820 3564 892 3620 Ven.
907 3562 955 3638 qui
969 3581 1028 3618 om.
1040 3559 1162 3618 Vindex.

207 3731 253 3789 29.
271 3725 302 3771 ut
316 3714 462 3792 prefatum
476 3716 532 3788 est]
557 3715 693 3792 Prologos
734 3714 843 3772 medios
870 3727 959 3773 actus.
996 3715 1202 3786 Varierursus
1234 3711 1263 3771 in

162 3792 250 3872 igitur
265 3807 295 3854 st
317 3794 473 3872 primamrn
495 3793 620 3854 actiones
643 3793 692 3852 tri-
732 3796 810 3854 exitu
829 3794 987 3856 labulsrum
1001 3795 1152 3874 quadratos
1166 3793 1263 3870 quales

63 3895 69 3903 ·
162 3875 262 3932 metris
284 3875 568 3954 comprehenderunt,
590 3873 692 3932 deinde
733 3875 856 3932 diximus
870 3871 899 3932 in
914 3875 1039 3934 secunda
1054 3872 1263 3932 scenolocare·

162 3953 343 4032 longissimos
377 3953 407 4013 id
435 3967 479 4012 est
513 3967 691 4013 tetrametros
734 3965 808 4013 ruat.
831 3956 887 4012 Sed
899 3955 983 4014 iidem
999 3953 1127 4031 quadrati
1141 3950 1262 4028 legitimi

161 4032 417 4114 subdideruntqui
430 4035 608 4114 appellantur
622 4055 690 4112 qua·
733 4053 798 4093 cum
821 4055 874 4093 xrs
896 4035 1016 4113 syllabis·
1027 4032 1110 4108 juxta
1127 4037 1175 4111 jus
1195 4051 1262 4108 pro·

162 4113 243 4179 drati,
259 4113 541 4192 inconsequentibus
558 4115 691 4192 deinceps
734 4114 825 4191 prium
852 4127 981 4172 constare
1009 4113 1141 4182 debeant,
1164 4123 1261 4170 tamen

162 4193 344 4252 sanaverunt.
379 4195 472 4253 Modo
492 4195 569 4254 enirn
594 4197 691 4252 trime·
733 4193 889 4272 plerunque
911 4193 983 4250 fiunt
1004 4211 1049 4250 xx
1069 4203 1118 4250 aut
1138 4191 1262 4270 amplius

160 4287 229 4341 tros,
244 4275 332 4334 niodo
351 4275 449 4334 addito
470 4277 625 4353 quadrante
646 4273 690 4332 vel
730 4273 917 4350 syllabarum:
939 4272 1006 4332 hinc
1020 4285 1155 4352 putantur
1170 4285 1261 4333 metro

160 4354 277 4413 undose
297 4368 462 4433 posuerunt,
478 4357 505 4414 id
524 4357 625 4414 estvel
645 4372 688 4412 se·
730 4371 824 4410 carere
853 4371 904 4410 nec
939 4353 1000 4434 lege
1028 4353 1085 4412 ulla
1112 4353 1259 4412 contineri.

160 4434 275 4512 mipede
292 4435 414 4510 adjecto,
430 4437 472 4494 vel
493 4435 604 4514 integro
618 4433 689 4513 pede
729 4433 796 4490 Ald.
835 4431 949 4491 Delevit
983 4435 1056 4495 Scal.
1084 4435 1180 4492 addita
1207 4435 1261 4494 hac

161 4514 266 4583 iambo,
281 4515 324 4575 rel
338 4516 514 4594 sesquipede.
556 4517 628 4574 Haec
640 4534 689 4593 per
731 4515 1025 4580 munerantur.
1039 4515 1261 4593 Vid.supras.9.

785 4619 894 4680 31³2
