3124 5120
159 429 238 480 cnr.
256 418 291 480 8.
492 405 555 478 De
571 415 786 479 tetrametro
802 430 921 479 uersu.
1189 415 1257 496 ¹⁶7

158 590 371 664 hexametro
386 587 498 661 heroo
514 587 560 662 ad
577 587 734 687 epodnm
748 603 959 662 convertens
973 586 1058 660 satis
1071 599 1257 686 acceptam

158 705 304 778 auribus
329 729 407 776 rem
434 721 663 776 commentus
686 717 751 776 est.
804 701 908 775 Idem
938 703 1046 776 etiarn
1070 699 1259 800 jungendo

158 819 317 891 interae
346 816 497 906 diversa,
524 843 616 890 nova
652 831 765 890 metra
798 817 1001 916 conposuit,
1026 843 1107 913 quae
1137 817 1258 890 Groeci

160 933 286 1006 oham
313 945 351 1004 et
374 931 523 1006 salvom
548 932 741 1031 appellant.
791 931 958 1006 'Aedem
981 931 1150 1029 ‘quidem
1177 957 1257 1028 quae

159 1047 321 1143 ejusdem
340 1059 425 1119 sunt
442 1047 594 1143 generis,
612 1047 737 1120 σῦιθετα
752 1071 837 1120 vero
860 1072 940 1143 quae
963 1073 1008 1119 ex
1035 1045 1175 1118 diverso
1197 1071 1258 1118 co-

159 1162 341 1261 pulantur.
393 1158 493 1257 Ergo
509 1173 716 1234 tetrameter
732 1162 806 1236 aive
823 1189 944 1235 versus
965 1161 1040 1234 sive
1058 1161 1256 1236 hexametri
1271 1185 1285 1220 ²

161 1276 259 1348 heroi
278 1289 377 1348 tome
399 1276 525 1350 tertia:
551 1303 634 1350 nam
654 1290 737 1376 post
752 1275 842 1350 duaa
863 1276 1054 1350 incisiones
1077 1276 1153 1372 ejus
1174 1303 1256 1376 pro-

160 1391 268 1489 prias,
308 1389 345 1462 id
382 1406 438 1463 est
475 1392 787 1490 penthemimeren
828 1405 865 1465 et
906 1390 1258 1488 hephthemimeren‚

161 1505 266 1578 tertia
291 1517 347 1577 est
375 1531 429 1595 ea,
447 1531 555 1602 quam
586 1510 765 1596 βουκολικὴν
790 1505 994 1605 appellant;
1021 1529 1102 1603 qnae
1131 1519 1259 1603 quarto

161 1619 252 1718 pede
270 1645 415 1718 semper
431 1647 577 1694 sensum
596 1621 787 1695 claudente
807 1621 1051 1719 distinguitur,
1069 1619 1221 1717 ideoque
1239 1647 1259 1694 a

163 1734 303 1808 Graecis
320 1735 372 1806 sie
390 1735 602 1834 appellatur,
618 1737 716 1834 quod
735 1735 885 1810 bucolici
910 1735 1077 1808 carminis
1100 1735 1177 1808 haec
1200 1735 1256 1810 lex

163 1849 220 1935 sit,
245 1862 289 1922 ut
305 1875 427 1922 versus
453 1852 528 1948 ejus
554 1879 597 1926 ea
625 1852 873 1926 observatione
901 1851 1086 1938 formetur,
1112 1865 1259 1924 utente

162 1962 253 2038 duos
270 1964 418 2037 ultimos
435 1979 563 2062 quarto
579 1966 672 2066 pede
695 1966 864 2040 terminet
889 1979 952 2039 aut
970 1979 1107 2064 partem
1130 1968 1260 2040 oratio-

163 2079 219 2151 nis
237 2091 301 2151 aut
317 2105 475 2168 sensum,
492 2106 601 2178 quarn
627 2081 745 2180 legem
771 2106 967 2180 peremne
991 2107 1082 2181 opus
1106 2082 1160 2154 sui
1186 2107 1261 2156 car-

164 2193 274 2266 minis
283 2193 497 2268 Theocritus
514 2194 771 2294 Syracusanus,
780 2195 940 2295 exceptis
954 2195 1068 2269 tribus
1086 2209 1260 2292 autquat-

164 2321 247 2380 tnor
262 2307 375 2380 ferme
392 2308 564 2400 versibus,
582 2313 618 2402 (e
635 2311 766 2408 quibus
784 2322 879 2397 sunt,

264 2420 435 2518 ΡΑμφόες,
451 2425 617 2521 anemis,
634 2424 679 2499 he
694 2427 861 2522 γλυφάνοω
878 2423 1055 2498 exortator.

266 2663 330 2736 τοῖς
346 2653 378 2727 li
394 2655 478 2749 μέτα
493 2652 640 2752 lypsanis
655 2687 690 2728 re
706 2654 812 2753 lylpm
827 2651 879 2727 καὶ
894 2654 991 2751 πέτρα
1005 2653 1176 2746 τέζυκται.)

166 2767 334 2842 custodit.
368 2771 419 2842 At
437 2785 557 2842 noster
574 2771 682 2844 Maro
699 2770 795 2845 haud
812 2771 874 2858 ita,
888 2768 1008 2867 '‘quod
1025 2783 1146 2841 utrum
1166 2795 1289 2846 seru-s

166 2883 335 2982 polosum
367 2910 410 2956 an
445 2909 705 2982 supervacuum
735 2882 890 2968 duxerit,
918 2884 996 2982 ipse
1029 2883 1135 2968 norit,
1165 2881 1262 2980 qnod

207 3098 311 3175 equae]
327 3095 441 3174 quidem
456 3115 518 3174 quae
533 3097 564 3154 P.
646 3093 785 3174 Ῑάμφῧις]
801 3103 899 3174 &poda
913 3097 945 3154 Ρ.
1030 3095 1186 3168 tmen]
1201 3117 1263 3152 sor·

167 3178 242 3234 tetur
257 3177 287 3235 P.
381 3173 520 3254 hypante]
537 3201 630 3254 sprewa
645 3177 677 3233 P.
793 3173 888 3252 lylpm
901 3177 943 3233 sal
956 3177 1036 3250 adeps
1049 3173 1183 3246 τέτυκται]
1198 3199 1265 3250 pepon

167 3277 248 3316 recta
260 3269 382 3336 rysryxte
396 3257 428 3315 P.
509 3253 526 3300 ἴ
540 3257 629 3334 quod]
645 3255 693 3334 qui
708 3255 739 3314 P.

210 3478 239 3519 a.
271 3457 407 3534 bucolici]
438 3458 575 3537 Exceptis
604 3457 692 3518 tribus
743 3457 902 3536 quistatim
918 3457 1265 3536 huncsequitur,s'melo

167 3539 549 3678 lh‘lt‘tt‘stttttl
562 3539 691 3676 *llll
743 3535 1263 3678 lnff.'“1tlltlt.l.·llt*·.l

168 3719 217 3758 sus
238 3711 272 3757 ut
291 3639 392 3776 guasto
413 3717 525 3776 semper
545 3639 625 3777 ζόα,
644 3700 694 3776 qni
742 3699 951 3757 Tortlrt'lms
963 3699 1208 3774 drelrrdhrpdrm
1220 3663 1266 3773 75:

168 3779 471 3858 plerumquedactylus
481 3793 564 3846 esset,
578 3781 693 3838 verbum
742 3801 820 3854 ρωπος
835 3774 841 3858 Ι
858 3782 982 3854 aepulare
1001 3787 1163 3856 σταφυλαῒσι
1190 3779 1267 3836 xaatv

169 3857 317 3926 finiretu1'3
332 3859 380 3917 sed
395 3871 491 3918 tamen
506 3879 542 3918 ne
554 3859 693 3918 'l’heocll-
743 3861 855 3936 flfflprdtr
867 3863 940 3915 ἀλωδι
957 3855 963 3938 Ι
980 3864 1028 3915 τὰν
1044 3863 1122 3934 δλῦγος
1141 3859 1179 3924 rit
1198 3864 1267 3933 κῧρος

170 3953 217 3997 tua
244 3937 360 4017 quidem
388 3939 427 3998 ita
454 3951 619 3998 constanter
640 3939 694 3998 lroc
744 3939 786 4015 ἐφ’
812 3944 963 4012 αἱμασιαῒσι
982 3943 1120 4015 φυλάσσει.
1161 3937 1266 3996 Nullus

169 4019 338 4086 oboervsrit,
354 4031 386 4077 ut
400 4037 458 4078 nnn
476 4018 531 4078 nisi
552 4020 583 4078 in
606 4021 694 4080 tn'bus
744 4017 821 4076 enirn
844 4019 944 4076 horum
969 4016 1002 4076 lis
1021 4017 1121 4076 similis
1142 4035 1214 4094 quoa
1232 4017 1268 4077 de

169 4111 220 4157 aut
242 4111 364 4177 quatuor
382 4099 505 4159 versibus
530 4099 693 4178 neglexerit,
744 4097 827 4156 initio
844 4096 927 4172 hujus
948 4095 1035 4174 idyllii
1056 4097 1084 4155 in
1106 4097 1268 4176 exemplum

171 4192 203 4236 ut
215 4179 287 4237 dicit
299 4181 403 4238 author
421 4193 526 4238 noster.
567 4181 643 4238 Nam
658 4179 694 4237 de
744 4177 888 4236 adducens
905 4177 1093 4235 Terentianus
1116 4177 1157 4236 sic
1181 4177 1268 4237 inter·

169 4259 262 4337 ptimo
278 4259 375 4318 atatim
395 4259 502 4336 idyllio,
517 4259 595 4336 quod
614 4258 694 4338 pueri
745 4269 872 4336 pretatus
899 4267 963 4314 est:
1000 4259 1094 4316 Dulce
1118 4260 1166 4316 tibi
1186 4263 1270 4335 pisus

168 4339 313 4416 qnondam
356 4339 560 4405 ediscebamus,
602 4339 695 4418 plnres
744 4339 957 4406 submurmurat,
985 4357 1018 4395 ea
1053 4339 1102 4395 ribi
1131 4338 1252 4419 partor}

169 4419 267 4476 statim
291 4433 458 4498 suppetunt,
481 4433 513 4477 ut
532 4419 594 4488 iste,
612 4426 696 4495 καρπῷ
746 4420 878 4476 Proxima
892 4417 1040 4492 fonticulis
1062 4426 1089 4474 et
1113 4425 1143 4475 tu
1165 4437 1271 4494 quoqne

169 4497 224 4564 ἕλιξ
236 4505 342 4558 εἱλεῖται
355 4501 520 4574 ὀγαλλομίνα
529 4501 655 4576 «pendam,
667 4511 696 4558 et
745 4501 838 4556 doute
849 4499 956 4572 pnngit.
979 4497 1128 4557 CAMER.
