3082 5140
299 735 559 810 PRlSCIANl
590 733 933 810 GRAMMATICI
969 733 1044 805 DE
1082 731 1290 804 METRIS
1327 729 1410 801 ΤΒ

295 817 322 854 θ
384 881 566 956 RENTll
594 877 958 962 ALlOllUMQUE
982 877 1337 952 COMlCORUM.

704 1126 986 1170 4-

299 1273 441 1390 CUM
470 1337 542 1385 non
571 1313 687 1386 solum
712 1310 918 1397 Terentius,
943 1309 1005 1384 sed
1033 1311 1142 1384 etiam
1176 1311 1345 1398 Plautus,
1373 1329 1406 1383 et

297 1427 450 1512 Ennius,
467 1429 684 1526 Acciusque,
699 1441 737 1501 et
759 1425 909 1501 Naerius
935 1439 1043 1524 atque
1061 1426 1255 1513 Pacuvius,
1273 1427 1406 1524 Turpi-

299 1543 450 1640 liusque,
487 1555 525 1614 et
558 1569 686 1616 omnes
720 1555 794 1618 tam
838 1540 1022 1639 tragoediae
1058 1566 1168 1639 quam
1211 1542 1404 1614 comcedie

298 1657 426 1730 veteris
444 1655 585 1731 Latinae
610 1658 812 1757 scriptores,
829 1655 958 1730 eodem
984 1656 1090 1728 metri
1118 1655 1229 1728 modo
1257 1656 1403 1730 iambici

298 1771 370 1846 sint
398 1771 465 1858 usi,
495 1784 536 1845 ut
566 1771 734 1846 omnibus
765 1771 801 1844 in
835 1771 921 1844 locis
951 1769 1192 1844 indifferenter
1225 1787 1403 1870 ponerent

298 1887 458 1986 quinque
475 1885 596 1986 pedes,
613 1885 649 1960 id
667 1901 722 1960 est
740 1885 916 1973 iambum,
929 1885 983 1958 vel
1004 1885 1228 1983 tribrachyn,
1241 1888 1302 1958 vel
1320 1913 1404 1958 ana-

299 2017 465 2102 poestum,
495 2001 549 2072 vel
583 2000 782 2099 dactylum,
810 2001 865 2072 vel
896 1999 1110 2099 spondeum,
1139 2002 1280 2099 absque
1305 2019 1402 2100 post-

298 2141 399 2188 remo
425 2115 515 2202 loco,
536 2115 571 2186 in
589 2141 663 2212 quo
680 2115 736 2187 vel
755 2115 931 2204 iambum,
949 2115 1004 2188 vel
1031 2117 1287 2214 pyrrhichium
1305 2129 1402 2188 ⁸om-

298 2230 447 2304 nimodo
460 2230 620 2329 posuisse
634 2229 886 2315 inveniuntur,
906 2231 1015 2302 miror
1027 2231 1201 2329 quosdam
1216 2233 1276 2304 vel
1294 2234 1399 2304 abne

299 2371 381 2442 gare
407 2371 484 2418 esse
510 2345 546 2417 in
576 2345 735 2417 Terentii
766 2343 955 2417 comoediis
987 2359 1110 2431 metra,
1136 2347 1192 2419 vel
1224 2374 1266 2418 ea
1298 2347 1396 2444 quasi

300 2485 428 2533 arcana
457 2459 636 2556 quaedam,
664 2473 701 2532 et
734 2459 780 2532 ab
809 2459 978 2532 omnibus
1007 2459 1123 2533 doctis
1153 2477 1306 2547 semota,
1331 2463 1396 2534 sibi

299 2575 383 2646 solis
404 2601 481 2646 esse
506 2574 650 2672 cognita
673 2576 893 2648 confirmare.
945 2575 1111 2656 Quorum
1137 2589 1178 2647 ut
1202 2577 1258 2647 vel
1284 2579 1398 2674 impe-

300 2689 390 2760 ritiae
422 2688 476 2760 vcl
508 2687 718 2786 arrogantiae
754 2686 881 2758 vitium
914 2687 1139 2784 effugiamus,
1166 2687 1323 2760 breviter
1354 2689 1397 2760 de

301 2801 586 2900 supradictorum
613 2800 735 2873 metris
761 2815 947 2873 auctorum
966 2827 1210 2899 exponamus3
1238 2803 1397 2874 testimo-

301 2916 369 2988 niis
411 2917 520 2991 etiam
562 2917 792 2990 metricorum
838 2941 1043 3013 usuumque
1079 2917 1395 3015 approbationibus

302 3045 454 3104 utentes.

273 3179 287 3214 ι
351 3146 545 3219 Sciendum
572 3146 691 3243 igitur,
708 3145 802 3242 quod
829 3143 972 3218 iambici
991 3171 1111 3216 versus
1129 3145 1183 3216 vel
1211 3171 1393 3218 monomc-
1489 3163 1490 3166 ’

301 3261 345 3332 tri
376 3273 472 3348 sunt,
497 3287 542 3333 ex
569 3261 710 3332 duobus
737 3259 889 3359 pedibus
919 3259 1143 3357 simplicibus
1171 3258 1390 3353 conjunctis:

302 3373 357 3444 vcl
385 3371 541 3461 dimetri,
566 3401 610 3447 ex
638 3389 826 3472 quattuor:
864 3374 919 3446 vel
950 3373 1113 3460 trimetri,
1144 3400 1189 3445 ex
1220 3399 1302 3444 sex:
1338 3373 1387 3442 vel

302 3485 510 3575 tetrametri,
540 3513 584 3559 ex
618 3504 723 3563 octo:
761 3515 845 3561 num
876 3487 1089 3586 pentametri
1124 3501 1161 3559 et
1198 3487 1387 3558 hexametri

302 3599 479 3674 rarissime
505 3601 745 3676 inveniuntur.
797 3603 896 3701 Ergo
922 3601 1091 3674 trimetris
1119 3614 1156 3673 et
1182 3601 1385 3674 tetrametris

302 3715 524 3814 frequentius
544 3729 694 3789 utuntur
710 3718 852 3804 comici,
870 3717 947 3790 aliis
964 3741 1048 3787 vero
1065 3741 1155 3802 raro,
1168 3729 1205 3786 et
1222 3715 1258 3786 in
1277 3715 1385 3787 medio

301 3831 481 3932 dispersis,
499 3831 806 3930 pronunciationis
831 3832 1045 3930 rhythmicae
1069 3855 1176 3902 causa
1197 3843 1234 3901 et
1250 3829 1383 3902 distinc-

302 3949 419 4023 tionis.
481 3947 569 4020 Ideo
597 3959 716 4020 autem
744 3949 941 4046 spondeum
970 3948 1025 4020 vel
1051 3947 1235 4045 dactylum
1262 3945 1319 4018 ¹’iu
1337 3973 1383 4018 se·

301 4061 419 4134 cundo
454 4061 509 4134 vel
543 4075 671 4159 quarto
707 4063 783 4134 loco
818 4075 1025 4161 posueruut,
1054 4061 1152 4158 quod
1185 4063 1382 4134 invenerunt

300 4171 410 4244 etiam
442 4173 537 4272 apud
566 4178 712 4250 Graecos
742 4178 900 4252 comicos
931 4175 1202 4265 vetustissimos,
1233 4177 1380 4272 quamvis

349 4371 365 4404 ⁸
378 4363 509 4437 omnino]
525 4365 690 4425 omnimodo
704 4367 743 4425 D.
947 4365 963 4410 b
978 4368 1006 4426 in
1022 4369 1147 4428 secundo
1161 4368 1206 4428 vel
1219 4387 1276 4426 om.
1291 4369 1323 4426 D.
