<?xml version="1.0" encoding="UTF-8"?>
<!DOCTYPE html PUBLIC "-//W3C//DTD XHTML 1.0 Transitional//EN"
    "http://www.w3.org/TR/xhtml1/DTD/xhtml1-transitional.dtd">
<html xmlns="http://www.w3.org/1999/xhtml" xml:lang="en" lang="en">
 <head>
  <title>
</title>
<meta http-equiv="Content-Type" content="text/html;charset=utf-8" />
  <meta name='ocr-system' content='tesseract 3.04.00' />
  <meta name='ocr-capabilities' content='ocr_page ocr_carea ocr_par ocr_line ocrx_word'/>
</head>
<body>
  <div class='ocr_page' id='page_1' title='image "./scriptoreslatin00gaisgoog_0529.png"; bbox 0 0 2980 5142; ppageno 0'>
   <div class='ocr_carea' id='block_1_1' title="bbox 64 409 1199 486">
    <p class='ocr_par' dir='ltr' id='par_1_1' title="bbox 64 409 1199 486">
     <span class='ocr_line' id='line_1_1' title="bbox 64 409 1199 486; baseline -0.002 0"><span class='ocrx_word' id='word_1_1' title='bbox 64 421 258 486; x_wconf 61' lang='lat' dir='ltr'><strong>camah.</strong></span> <span class='ocrx_word' id='word_1_2' title='bbox 435 409 643 483; x_wconf 76' lang='lat' dir='ltr'><strong>Demean</strong></span> <span class='ocrx_word' id='word_1_3' title='bbox 655 409 892 486; x_wconf 68' lang='lat' dir='ltr'><em>Horatianis,</em></span> <span class='ocrx_word' id='word_1_4' title='bbox 1132 425 1199 486; x_wconf 80' lang='lat'><strong>511</strong></span> 
     </span>
    </p>
   </div>
   <div class='ocr_carea' id='block_1_2' title="bbox 1 588 1296 4382">
    <p class='ocr_par' dir='ltr' id='par_1_2' title="bbox 70 588 1296 779">
     <span class='ocr_line' id='line_1_2' title="bbox 70 588 1296 688; baseline 0.003 -26"><span class='ocrx_word' id='word_1_5' title='bbox 70 591 148 662; x_wconf 89' lang='lat' dir='ltr'><strong>tiis</strong></span> <span class='ocrx_word' id='word_1_6' title='bbox 170 603 215 662; x_wconf 90' lang='lat' dir='ltr'><strong>et</strong></span> <span class='ocrx_word' id='word_1_7' title='bbox 233 616 305 662; x_wconf 86' lang='lat' dir='ltr'><strong>una</strong></span> <span class='ocrx_word' id='word_1_8' title='bbox 323 588 472 688; x_wconf 81' lang='lat' dir='ltr'><strong>syllaba.</strong></span> <span class='ocrx_word' id='word_1_9' title='bbox 511 590 683 677; x_wconf 78' lang='lat' dir='ltr'><strong>Quartus,</strong></span> <span class='ocrx_word' id='word_1_10' title='bbox 695 590 757 687; x_wconf 91' lang='lat' dir='ltr'><strong>qui</strong></span> <span class='ocrx_word' id='word_1_11' title='bbox 776 589 946 688; x_wconf 88' lang='lat' dir='ltr'><strong>strophen</strong></span> <span class='ocrx_word' id='word_1_12' title='bbox 963 589 1107 682; x_wconf 85' lang='lat' dir='ltr'><strong>claudit,</strong></span> <span class='ocrx_word' id='word_1_13' title='bbox 1121 619 1205 666; x_wconf 90' lang='lat' dir='ltr'><strong>con·</strong></span> <span class='ocrx_word' id='word_1_14' title='bbox 1292 613 1296 620; x_wconf 86' lang='lat'>&#39;</span> 
     </span>
     <span class='ocr_line' id='line_1_3' title="bbox 74 705 1009 779; baseline 0 -1"><span class='ocrx_word' id='word_1_15' title='bbox 74 717 164 779; x_wconf 88' lang='lat' dir='ltr'><strong>stat</strong></span> <span class='ocrx_word' id='word_1_16' title='bbox 184 731 234 778; x_wconf 88' lang='lat' dir='ltr'><strong>ex</strong></span> <span class='ocrx_word' id='word_1_17' title='bbox 253 705 409 778; x_wconf 90' lang='lat' dir='ltr'><strong>dimetro</strong></span> <span class='ocrx_word' id='word_1_18' title='bbox 428 705 572 778; x_wconf 91' lang='lat' dir='ltr'><strong>heroico</strong></span> <span class='ocrx_word' id='word_1_19' title='bbox 590 720 626 778; x_wconf 88' lang='lat' dir='ltr'><strong>et</strong></span> <span class='ocrx_word' id='word_1_20' title='bbox 643 705 799 778; x_wconf 90' lang='lat' dir='ltr'><strong>dimetro</strong></span> <span class='ocrx_word' id='word_1_21' title='bbox 815 706 1009 779; x_wconf 87' lang='lat' dir='ltr'><strong>trochaico.</strong></span> 
     </span>
    </p>

    <p class='ocr_par' dir='ltr' id='par_1_3' title="bbox 82 820 1246 1035">
     <span class='ocr_line' id='line_1_4' title="bbox 139 820 1246 920; baseline 0 -26"><span class='ocrx_word' id='word_1_22' title='bbox 139 822 316 920; x_wconf 88' lang='lat' dir='ltr'><strong>Septima</strong></span> <span class='ocrx_word' id='word_1_23' title='bbox 339 821 478 894; x_wconf 88' lang='lat' dir='ltr'><strong>decima</strong></span> <span class='ocrx_word' id='word_1_24' title='bbox 502 821 571 893; x_wconf 89' lang='lat' dir='ltr'><strong>ode</strong></span> <span class='ocrx_word' id='word_1_25' title='bbox 589 820 834 920; x_wconf 89' lang='lat' dir='ltr'><strong>supradictum</strong></span> <span class='ocrx_word' id='word_1_26' title='bbox 855 835 1012 897; x_wconf 89' lang='lat' dir='ltr'><strong>metrum</strong></span> <span class='ocrx_word' id='word_1_27' title='bbox 1030 823 1150 912; x_wconf 82' lang='lat' dir='ltr'><strong>habet,</strong></span> <span class='ocrx_word' id='word_1_28' title='bbox 1168 839 1204 900; x_wconf 90' lang='lat' dir='ltr'><strong>et</strong></span> <span class='ocrx_word' id='word_1_29' title='bbox 1218 857 1246 909; x_wconf 68' lang='grc' dir='ltr'>η</span> 
     </span>
     <span class='ocr_line' id='line_1_5' title="bbox 82 937 800 1035; baseline -0.003 -25"><span class='ocrx_word' id='word_1_30' title='bbox 82 939 270 1012; x_wconf 87' lang='lat' dir='ltr'><strong>similiter</strong></span> <span class='ocrx_word' id='word_1_31' title='bbox 289 955 440 1035; x_wconf 88' lang='lat' dir='ltr'><strong>utroque</strong></span> <span class='ocrx_word' id='word_1_32' title='bbox 458 949 589 1035; x_wconf 77' lang='lat' dir='ltr'><strong>genere</strong></span> <span class='ocrx_word' id='word_1_33' title='bbox 606 937 800 1024; x_wconf 81' lang='lat' dir='ltr'><strong>scanditur,</strong></span> 
     </span>
    </p>

    <p class='ocr_par' dir='ltr' id='par_1_4' title="bbox 90 1052 1247 1598">
     <span class='ocr_line' id='line_1_6' title="bbox 280 1052 897 1140; baseline 0 -24"><span class='ocrx_word' id='word_1_34' title='bbox 280 1055 372 1118; x_wconf 84' lang='lat' dir='ltr'><strong>Valaa</strong></span> <span class='ocrx_word' id='word_1_35' title='bbox 386 1052 560 1137; x_wconf 72' lang='lat' dir='ltr'><strong>amoelnnnrl</strong></span> <span class='ocrx_word' id='word_1_36' title='bbox 578 1062 674 1140; x_wconf 77' lang='lat' dir='ltr'><strong>tsape</strong></span> <span class='ocrx_word' id='word_1_37' title='bbox 689 1053 897 1138; x_wconf 74' lang='lat' dir='ltr'><strong>Lucreltilani.</strong></span> 
     </span>
     <span class='ocr_line' id='line_1_7' title="bbox 92 1151 1247 1264; baseline -0.003 -27"><span class='ocrx_word' id='word_1_38' title='bbox 92 1151 95 1154; x_wconf 34' lang='lat'>¹</span> <span class='ocrx_word' id='word_1_39' title='bbox 144 1164 291 1237; x_wconf 87' lang='lat' dir='ltr'><strong>Octava</strong></span> <span class='ocrx_word' id='word_1_40' title='bbox 315 1163 455 1237; x_wconf 86' lang='lat' dir='ltr'><strong>decima</strong></span> <span class='ocrx_word' id='word_1_41' title='bbox 472 1163 540 1236; x_wconf 92' lang='lat' dir='ltr'><strong>ode</strong></span> <span class='ocrx_word' id='word_1_42' title='bbox 564 1154 790 1263; x_wconf 86' lang='lat' dir='ltr'><strong>Sapphicum</strong></span> <span class='ocrx_word' id='word_1_43' title='bbox 821 1163 1200 1264; x_wconf 85' lang='lat' dir='ltr'><strong>heccedecasyllabum</strong></span> <span class='ocrx_word' id='word_1_44' title='bbox 1218 1185 1247 1234; x_wconf 70' lang='lat' dir='ltr'><strong>rs</strong></span> 
     </span>
     <span class='ocr_line' id='line_1_8' title="bbox 90 1277 1203 1378; baseline 0.004 -28"><span class='ocrx_word' id='word_1_45' title='bbox 90 1291 259 1352; x_wconf 89' lang='lat' dir='ltr'><strong>metrum</strong></span> <span class='ocrx_word' id='word_1_46' title='bbox 286 1279 406 1367; x_wconf 91' lang='lat' dir='ltr'><strong>habet,</strong></span> <span class='ocrx_word' id='word_1_47' title='bbox 423 1277 520 1376; x_wconf 92' lang='lat' dir='ltr'><strong>quod</strong></span> <span class='ocrx_word' id='word_1_48' title='bbox 540 1293 681 1352; x_wconf 88' lang='lat' dir='ltr'><strong>constat</strong></span> <span class='ocrx_word' id='word_1_49' title='bbox 697 1277 867 1378; x_wconf 80' lang='lat' dir='ltr'>spondeo,</span> <span class='ocrx_word' id='word_1_50' title='bbox 885 1293 922 1352; x_wconf 85' lang='lat' dir='ltr'><strong>et</strong></span> <span class='ocrx_word' id='word_1_51' title='bbox 945 1281 1060 1353; x_wconf 88' lang='lat' dir='ltr'><strong>tribus</strong></span> <span class='ocrx_word' id='word_1_52' title='bbox 1083 1281 1203 1354; x_wconf 88' lang='lat' dir='ltr'><strong>chori·</strong></span> 
     </span>
     <span class='ocr_line' id='line_1_9' title="bbox 93 1393 526 1493; baseline -0.005 -27"><span class='ocrx_word' id='word_1_53' title='bbox 93 1394 233 1482; x_wconf 81' lang='lat' dir='ltr'><strong>ambis,</strong></span> <span class='ocrx_word' id='word_1_54' title='bbox 250 1407 287 1466; x_wconf 91' lang='lat' dir='ltr'><strong>et</strong></span> <span class='ocrx_word' id='word_1_55' title='bbox 305 1393 526 1493; x_wconf 91' lang='lat' dir='ltr'><strong>pyrrhichio,</strong></span> 
     </span>
     <span class='ocr_line' id='line_1_10' title="bbox 204 1508 1064 1598; baseline 0.005 -24"><span class='ocrx_word' id='word_1_56' title='bbox 204 1511 347 1594; x_wconf 70' lang='lat' dir='ltr'><strong>Nullam}</strong></span> <span class='ocrx_word' id='word_1_57' title='bbox 369 1512 448 1573; x_wconf 80' lang='lat' dir='ltr'><strong>Vara</strong></span> <span class='ocrx_word' id='word_1_58' title='bbox 460 1509 561 1594; x_wconf 75' lang='lat' dir='ltr'><strong>aaaral</strong></span> <span class='ocrx_word' id='word_1_59' title='bbox 577 1509 641 1572; x_wconf 79' lang='lat' dir='ltr'><strong>vite</strong></span> <span class='ocrx_word' id='word_1_60' title='bbox 650 1508 753 1594; x_wconf 72' lang='lat' dir='ltr'><strong>prius}</strong></span> <span class='ocrx_word' id='word_1_61' title='bbox 768 1511 888 1576; x_wconf 72' lang='lat' dir='ltr'><strong>suanir</strong></span> <span class='ocrx_word' id='word_1_62' title='bbox 900 1511 1064 1598; x_wconf 72' lang='lat' dir='ltr'><strong>arlhorern.</strong></span> 
     </span>
    </p>

    <p class='ocr_par' dir='ltr' id='par_1_5' title="bbox 97 1609 1246 2179">
     <span class='ocr_line' id='line_1_11' title="bbox 148 1609 1246 1711; baseline 0.004 -19"><span class='ocrx_word' id='word_1_63' title='bbox 148 1619 264 1711; x_wconf 57' lang='lat' dir='ltr'><strong>Nona⁴</strong></span> <span class='ocrx_word' id='word_1_64' title='bbox 291 1619 433 1692; x_wconf 90' lang='lat' dir='ltr'><strong>decima</strong></span> <span class='ocrx_word' id='word_1_65' title='bbox 458 1618 526 1690; x_wconf 91' lang='lat' dir='ltr'><strong>ode</strong></span> <span class='ocrx_word' id='word_1_66' title='bbox 558 1617 801 1691; x_wconf 79' lang='lat' dir='ltr'><strong>Horatianum</strong></span> <span class='ocrx_word' id='word_1_67' title='bbox 831 1634 988 1694; x_wconf 86' lang='lat' dir='ltr'><strong>metrum</strong></span> <span class='ocrx_word' id='word_1_68' title='bbox 1012 1609 1138 1711; x_wconf 82' lang='lat' dir='ltr'><strong>habet,</strong></span> <span class='ocrx_word' id='word_1_69' title='bbox 1164 1635 1202 1695; x_wconf 90' lang='lat' dir='ltr'><strong>et</strong></span> <span class='ocrx_word' id='word_1_70' title='bbox 1216 1647 1246 1697; x_wconf 82' lang='lat'><strong>19</strong></span> 
     </span>
     <span class='ocr_line' id='line_1_12' title="bbox 97 1733 1200 1836; baseline 0.001 -28"><span class='ocrx_word' id='word_1_71' title='bbox 97 1749 242 1808; x_wconf 88' lang='lat' dir='ltr'><strong>constat</strong></span> <span class='ocrx_word' id='word_1_72' title='bbox 259 1759 303 1807; x_wconf 89' lang='lat' dir='ltr'><strong>ex</strong></span> <span class='ocrx_word' id='word_1_73' title='bbox 323 1734 506 1833; x_wconf 83' lang='lat' dir='ltr'><strong>Glycouio</strong></span> <span class='ocrx_word' id='word_1_74' title='bbox 523 1747 560 1806; x_wconf 90' lang='lat' dir='ltr'><strong>et</strong></span> <span class='ocrx_word' id='word_1_75' title='bbox 577 1733 825 1830; x_wconf 86' lang='lat' dir='ltr'><strong>Asclepiadeo,</strong></span> <span class='ocrx_word' id='word_1_76' title='bbox 842 1735 938 1832; x_wconf 90' lang='lat' dir='ltr'><strong>quod</strong></span> <span class='ocrx_word' id='word_1_77' title='bbox 964 1761 1071 1836; x_wconf 86' lang='lat' dir='ltr'><strong>supra</strong></span> <span class='ocrx_word' id='word_1_78' title='bbox 1088 1737 1200 1836; x_wconf 86' lang='lat' dir='ltr'><strong>scrip·</strong></span> 
     </span>
     <span class='ocr_line' id='line_1_13' title="bbox 98 1847 1198 1948; baseline 0.003 -26"><span class='ocrx_word' id='word_1_79' title='bbox 98 1863 206 1948; x_wconf 90' lang='lat' dir='ltr'><strong>ptum</strong></span> <span class='ocrx_word' id='word_1_80' title='bbox 234 1863 289 1921; x_wconf 89' lang='lat' dir='ltr'><strong>est</strong></span> <span class='ocrx_word' id='word_1_81' title='bbox 315 1849 350 1920; x_wconf 90' lang='lat' dir='ltr'><strong>in</strong></span> <span class='ocrx_word' id='word_1_82' title='bbox 379 1849 504 1947; x_wconf 84' lang='lat' dir='ltr'><strong>ecloga</strong></span> <span class='ocrx_word' id='word_1_83' title='bbox 530 1847 740 1947; x_wconf 83' lang='lat' dir='ltr'><strong>proseuticae</strong></span> <span class='ocrx_word' id='word_1_84' title='bbox 765 1850 917 1948; x_wconf 83' lang='lat' dir='ltr'><strong>Virgilii.</strong></span> <span class='ocrx_word' id='word_1_85' title='bbox 968 1849 1053 1924; x_wconf 80' lang='lat' dir='ltr'><strong>Alio</strong></span> <span class='ocrx_word' id='word_1_86' title='bbox 1078 1866 1198 1925; x_wconf 83' lang='lat' dir='ltr'><strong>autem</strong></span> 
     </span>
     <span class='ocr_line' id='line_1_14' title="bbox 100 1963 1200 2063; baseline 0.006 -29"><span class='ocrx_word' id='word_1_87' title='bbox 100 1990 231 2062; x_wconf 87' lang='lat' dir='ltr'><strong>genere</strong></span> <span class='ocrx_word' id='word_1_88' title='bbox 258 1963 443 2036; x_wconf 87' lang='lat' dir='ltr'><strong>scanditur</strong></span> <span class='ocrx_word' id='word_1_89' title='bbox 464 1991 528 2062; x_wconf 87' lang='lat' dir='ltr'><strong>per</strong></span> <span class='ocrx_word' id='word_1_90' title='bbox 556 1964 658 2036; x_wconf 91' lang='lat' dir='ltr'><strong>binos</strong></span> <span class='ocrx_word' id='word_1_91' title='bbox 687 1990 820 2055; x_wconf 88' lang='lat' dir='ltr'><strong>versus,</strong></span> <span class='ocrx_word' id='word_1_92' title='bbox 837 1992 991 2063; x_wconf 88' lang='lat' dir='ltr'><strong>quorum</strong></span> <span class='ocrx_word' id='word_1_93' title='bbox 1024 1993 1117 2040; x_wconf 88' lang='lat' dir='ltr'><strong>unus</strong></span> <span class='ocrx_word' id='word_1_94' title='bbox 1146 1982 1200 2040; x_wconf 90' lang='lat' dir='ltr'><strong>est</strong></span> 
     </span>
     <span class='ocr_line' id='line_1_15' title="bbox 100 2078 904 2179; baseline 0 -27"><span class='ocrx_word' id='word_1_95' title='bbox 100 2079 256 2179; x_wconf 86' lang='lat' dir='ltr'><strong>tripodia</strong></span> <span class='ocrx_word' id='word_1_96' title='bbox 273 2078 461 2178; x_wconf 84' lang='lat' dir='ltr'><strong>dactylica,</strong></span> <span class='ocrx_word' id='word_1_97' title='bbox 480 2080 568 2152; x_wconf 86' lang='lat' dir='ltr'><strong>alter</strong></span> <span class='ocrx_word' id='word_1_98' title='bbox 587 2079 904 2177; x_wconf 83' lang='lat' dir='ltr'><strong>penthemimeres,</strong></span> 
     </span>
    </p>

    <p class='ocr_par' dir='ltr' id='par_1_6' title="bbox 2 2195 1244 2622">
     <span class='ocr_line' id='line_1_16' title="bbox 273 2195 735 2282; baseline 0 -24"><span class='ocrx_word' id='word_1_99' title='bbox 273 2195 390 2282; x_wconf 67' lang='lat' dir='ltr'><strong>Matar!</strong></span> <span class='ocrx_word' id='word_1_100' title='bbox 406 2215 493 2260; x_wconf 78' lang='lat' dir='ltr'><strong>sava</strong></span> <span class='ocrx_word' id='word_1_101' title='bbox 510 2195 735 2281; x_wconf 78' lang='lat' dir='ltr'><strong>Culpids&#39;num.</strong></span> 
     </span>
     <span class='ocr_line' id='line_1_17' title="bbox 151 2297 1244 2404; baseline 0.003 -29"><span class='ocrx_word' id='word_1_102' title='bbox 151 2303 331 2376; x_wconf 75' lang='lat' dir='ltr'><strong>vicesima</strong></span> <span class='ocrx_word' id='word_1_103' title='bbox 356 2303 425 2377; x_wconf 90' lang='lat' dir='ltr'><strong>ode</strong></span> <span class='ocrx_word' id='word_1_104' title='bbox 450 2304 675 2404; x_wconf 87' lang='lat' dir='ltr'><strong>Sapphicum</strong></span> <span class='ocrx_word' id='word_1_105' title='bbox 703 2297 859 2378; x_wconf 85' lang='lat' dir='ltr'><strong>metrum</strong></span> <span class='ocrx_word' id='word_1_106' title='bbox 886 2305 1007 2396; x_wconf 86' lang='lat' dir='ltr'><strong>habet,</strong></span> <span class='ocrx_word' id='word_1_107' title='bbox 1032 2305 1128 2403; x_wconf 94' lang='lat' dir='ltr'><strong>quod</strong></span> <span class='ocrx_word' id='word_1_108' title='bbox 1158 2320 1200 2380; x_wconf 90' lang='lat' dir='ltr'><strong>ut</strong></span> <span class='ocrx_word' id='word_1_109' title='bbox 1212 2341 1244 2378; x_wconf 74' lang='lat' dir='ltr'><strong>ao</strong></span> 
     </span>
     <span class='ocr_line' id='line_1_18' title="bbox 2 2419 610 2526; baseline 0.002 -37"><span class='ocrx_word' id='word_1_110' title='bbox 2 2513 10 2526; x_wconf 30' lang='grc' dir='ltr'>ν</span> <span class='ocrx_word' id='word_1_111' title='bbox 106 2444 210 2518; x_wconf 86' lang='lat' dir='ltr'><strong>supra</strong></span> <span class='ocrx_word' id='word_1_112' title='bbox 228 2419 400 2514; x_wconf 79' lang='lat' dir='ltr'><strong>diximus,</strong></span> <span class='ocrx_word' id='word_1_113' title='bbox 417 2419 610 2505; x_wconf 84' lang='lat' dir='ltr'><strong>scanditur,</strong></span> 
     </span>
     <span class='ocr_line' id='line_1_19' title="bbox 278 2527 927 2622; baseline 0 -24"><span class='ocrx_word' id='word_1_114' title='bbox 278 2535 349 2620; x_wconf 68' lang='lat' dir='ltr'><strong>Vini</strong></span> <span class='ocrx_word' id='word_1_115' title='bbox 363 2536 496 2622; x_wconf 74' lang='lat' dir='ltr'><strong>potalhia</strong></span> <span class='ocrx_word' id='word_1_116' title='bbox 510 2534 655 2619; x_wconf 76' lang='lat' dir='ltr'><strong>moldicial</strong></span> <span class='ocrx_word' id='word_1_117' title='bbox 671 2534 839 2600; x_wconf 80' lang='lat' dir='ltr'><strong>Sabinum.</strong></span> <span class='ocrx_word' id='word_1_118' title='bbox 923 2527 927 2534; x_wconf 71' lang='grc'><strong>’</strong></span> 
     </span>
    </p>

    <p class='ocr_par' dir='ltr' id='par_1_7' title="bbox 153 2643 1239 2744">
     <span class='ocr_line' id='line_1_20' title="bbox 153 2643 1239 2744; baseline 0.002 -26"><span class='ocrx_word' id='word_1_119' title='bbox 153 2644 331 2718; x_wconf 86' lang='lat' dir='ltr'><strong>Vicesima</strong></span> <span class='ocrx_word' id='word_1_120' title='bbox 353 2645 471 2744; x_wconf 87' lang='lat' dir='ltr'><strong>prima</strong></span> <span class='ocrx_word' id='word_1_121' title='bbox 486 2645 555 2718; x_wconf 91' lang='lat' dir='ltr'><strong>ode</strong></span> <span class='ocrx_word' id='word_1_122' title='bbox 572 2643 815 2718; x_wconf 85' lang='lat' dir='ltr'><strong>Horatianum</strong></span> <span class='ocrx_word' id='word_1_123' title='bbox 840 2658 995 2718; x_wconf 89' lang='lat' dir='ltr'><strong>metrum</strong></span> <span class='ocrx_word' id='word_1_124' title='bbox 1024 2646 1144 2734; x_wconf 86' lang='lat' dir='ltr'><strong>hahet,</strong></span> <span class='ocrx_word' id='word_1_125' title='bbox 1162 2661 1197 2720; x_wconf 92' lang='lat' dir='ltr'><strong>et</strong></span> <span class='ocrx_word' id='word_1_126' title='bbox 1212 2685 1239 2720; x_wconf 80' lang='grc' dir='ltr'><strong>ιι</strong></span> 
     </span>
    </p>

    <p class='ocr_par' dir='ltr' id='par_1_8' title="bbox 1 2759 1199 2979">
     <span class='ocr_line' id='line_1_21' title="bbox 106 2759 1199 2860; baseline 0.004 -28"><span class='ocrx_word' id='word_1_127' title='bbox 106 2787 168 2860; x_wconf 91' lang='lat' dir='ltr'><strong>per</strong></span> <span class='ocrx_word' id='word_1_128' title='bbox 184 2775 372 2858; x_wconf 86' lang='lat' dir='ltr'><strong>quaternos</strong></span> <span class='ocrx_word' id='word_1_129' title='bbox 397 2783 519 2835; x_wconf 84' lang='lat' dir='ltr'><strong>versus</strong></span> <span class='ocrx_word' id='word_1_130' title='bbox 542 2759 737 2849; x_wconf 82' lang='lat' dir='ltr'><strong>scanditur,</strong></span> <span class='ocrx_word' id='word_1_131' title='bbox 753 2785 906 2857; x_wconf 90' lang='lat' dir='ltr'><strong>quorum</strong></span> <span class='ocrx_word' id='word_1_132' title='bbox 934 2759 1007 2834; x_wconf 91' lang='lat' dir='ltr'><strong>duo</strong></span> <span class='ocrx_word' id='word_1_133' title='bbox 1031 2776 1199 2838; x_wconf 85' lang='lat' dir='ltr'><strong>constant</strong></span> 
     </span>
     <span class='ocr_line' id='line_1_22' title="bbox 1 2875 1197 2979; baseline 0.004 -33"><span class='ocrx_word' id='word_1_134' title='bbox 1 2972 3 2979; x_wconf 61' lang='lat'><strong>.</strong></span> <span class='ocrx_word' id='word_1_135' title='bbox 108 2901 149 2947; x_wconf 84' lang='lat' dir='ltr'><strong>ex</strong></span> <span class='ocrx_word' id='word_1_136' title='bbox 165 2876 419 2975; x_wconf 83' lang='lat' dir='ltr'><strong>Asclepiadeis,</strong></span> <span class='ocrx_word' id='word_1_137' title='bbox 435 2877 561 2950; x_wconf 89' lang='lat' dir='ltr'><strong>tertius</strong></span> <span class='ocrx_word' id='word_1_138' title='bbox 584 2875 822 2962; x_wconf 84' lang='lat' dir='ltr'><strong>Pherecratio,</strong></span> <span class='ocrx_word' id='word_1_139' title='bbox 839 2889 987 2972; x_wconf 86' lang='lat' dir='ltr'><strong>quartus</strong></span> <span class='ocrx_word' id='word_1_140' title='bbox 1005 2877 1197 2977; x_wconf 83' lang='lat' dir='ltr'><strong>Glyconio.</strong></span> 
     </span>
    </p>

    <p class='ocr_par' dir='ltr' id='par_1_9' title="bbox 108 2991 1197 3092">
     <span class='ocr_line' id='line_1_23' title="bbox 108 2991 1197 3092; baseline 0.003 -29"><span class='ocrx_word' id='word_1_141' title='bbox 108 2991 176 3064; x_wconf 82' lang='lat' dir='ltr'><strong>Alii</strong></span> <span class='ocrx_word' id='word_1_142' title='bbox 198 3017 281 3064; x_wconf 87' lang='lat' dir='ltr'><strong>vero</strong></span> <span class='ocrx_word' id='word_1_143' title='bbox 306 2991 358 3064; x_wconf 88' lang='lat' dir='ltr'><strong>sic</strong></span> <span class='ocrx_word' id='word_1_144' title='bbox 383 2991 573 3083; x_wconf 80' lang='lat' dir='ltr'><strong>scandunt,</strong></span> <span class='ocrx_word' id='word_1_145' title='bbox 589 2992 692 3066; x_wconf 64' lang='lat' dir='ltr'><strong>uduae</strong></span> <span class='ocrx_word' id='word_1_146' title='bbox 717 2991 1035 3092; x_wconf 86' lang='lat' dir='ltr'><strong>penthemimeres,</strong></span> <span class='ocrx_word' id='word_1_147' title='bbox 1053 3007 1090 3066; x_wconf 91' lang='lat' dir='ltr'><strong>et</strong></span> <span class='ocrx_word' id='word_1_148' title='bbox 1115 2991 1197 3066; x_wconf 86' lang='lat' dir='ltr'><strong>duae</strong></span> 
     </span>
    </p>

    <p class='ocr_par' dir='ltr' id='par_1_10' title="bbox 110 3101 1132 3206">
     <span class='ocr_line' id='line_1_24' title="bbox 110 3101 1132 3206; baseline 0.012 -29"><span class='ocrx_word' id='word_1_149' title='bbox 110 3106 263 3205; x_wconf 83' lang='lat' dir='ltr'><strong>tripodiae</strong></span> <span class='ocrx_word' id='word_1_150' title='bbox 281 3106 481 3206; x_wconf 80' lang='lat' dir='ltr'><strong>dactylicus,</strong></span> <span class='ocrx_word' id='word_1_151' title='bbox 1130 3101 1132 3104; x_wconf 27' lang='lat'>⁵</span> 
     </span>
    </p>

    <p class='ocr_par' dir='ltr' id='par_1_11' title="bbox 101 3268 1200 4372">
     <span class='ocr_line' id='line_1_25' title="bbox 148 3268 1197 3344; baseline 0.002 -20"><span class='ocrx_word' id='word_1_152' title='bbox 148 3269 243 3342; x_wconf 76' lang='lat' dir='ltr'><strong>‘Sape</strong></span> <span class='ocrx_word' id='word_1_153' title='bbox 257 3269 417 3327; x_wconf 84' lang='lat' dir='ltr'><strong>lucretilen.</strong></span> <span class='ocrx_word' id='word_1_154' title='bbox 462 3270 566 3326; x_wconf 84' lang='lat' dir='ltr'><strong>Ortaha</strong></span> <span class='ocrx_word' id='word_1_155' title='bbox 588 3271 693 3326; x_wconf 87' lang='lat' dir='ltr'><strong>decima</strong></span> <span class='ocrx_word' id='word_1_156' title='bbox 715 3272 765 3326; x_wconf 87' lang='lat' dir='ltr'><strong>ode</strong></span> <span class='ocrx_word' id='word_1_157' title='bbox 785 3268 951 3342; x_wconf 83' lang='lat' dir='ltr'><strong>Sapphieum</strong></span> <span class='ocrx_word' id='word_1_158' title='bbox 970 3270 995 3324; x_wconf 85' lang='lat' dir='ltr'><strong>ei</strong></span> <span class='ocrx_word' id='word_1_159' title='bbox 1014 3271 1197 3344; x_wconf 85' lang='lat' dir='ltr'><strong>eceedeeasyl·</strong></span> 
     </span>
     <span class='ocr_line' id='line_1_26' title="bbox 111 3349 1198 3444; baseline 0.002 -40"><span class='ocrx_word' id='word_1_160' title='bbox 111 3349 195 3404; x_wconf 83' lang='lat' dir='ltr'><strong>latum</strong></span> <span class='ocrx_word' id='word_1_161' title='bbox 214 3349 294 3405; x_wconf 84' lang='lat' dir='ltr'><strong>halet</strong></span> <span class='ocrx_word' id='word_1_162' title='bbox 315 3351 387 3424; x_wconf 81' lang='lat' dir='ltr'><strong>quod</strong></span> <span class='ocrx_word' id='word_1_163' title='bbox 407 3357 514 3406; x_wconf 84' lang='lat' dir='ltr'><strong>constat</strong></span> <span class='ocrx_word' id='word_1_164' title='bbox 536 3351 648 3444; x_wconf 82' lang='lat' dir='ltr'><strong>spondia</strong></span> <span class='ocrx_word' id='word_1_165' title='bbox 672 3356 700 3406; x_wconf 86' lang='lat' dir='ltr'><strong>et</strong></span> <span class='ocrx_word' id='word_1_166' title='bbox 720 3350 806 3406; x_wconf 82' lang='lat' dir='ltr'><strong>trihm</strong></span> <span class='ocrx_word' id='word_1_167' title='bbox 825 3349 987 3405; x_wconf 78' lang='lat' dir='ltr'><strong>choriambis</strong></span> <span class='ocrx_word' id='word_1_168' title='bbox 1010 3357 1037 3406; x_wconf 83' lang='lat' dir='ltr'><strong>et</strong></span> <span class='ocrx_word' id='word_1_169' title='bbox 1057 3351 1198 3424; x_wconf 79' lang='lat' dir='ltr'><strong>pyrrichio</strong></span> 
     </span>
     <span class='ocr_line' id='line_1_27' title="bbox 111 3429 1197 3504; baseline 0.004 -20"><span class='ocrx_word' id='word_1_170' title='bbox 111 3429 182 3485; x_wconf 87' lang='lat' dir='ltr'><strong>nulla</strong></span> <span class='ocrx_word' id='word_1_171' title='bbox 195 3447 287 3486; x_wconf 84' lang='lat' dir='ltr'><strong>naara</strong></span> <span class='ocrx_word' id='word_1_172' title='bbox 299 3438 379 3486; x_wconf 81' lang='lat' dir='ltr'><strong>sacra</strong></span> <span class='ocrx_word' id='word_1_173' title='bbox 392 3433 448 3486; x_wconf 89' lang='lat' dir='ltr'><strong>aite</strong></span> <span class='ocrx_word' id='word_1_174' title='bbox 458 3433 537 3504; x_wconf 81' lang='lat' dir='ltr'><strong>prius</strong></span> <span class='ocrx_word' id='word_1_175' title='bbox 556 3433 654 3488; x_wconf 82' lang='lat' dir='ltr'><strong>severis</strong></span> <span class='ocrx_word' id='word_1_176' title='bbox 668 3430 802 3488; x_wconf 80' lang='lat' dir='ltr'><strong>arharern.</strong></span> <span class='ocrx_word' id='word_1_177' title='bbox 844 3429 1031 3488; x_wconf 79' lang='lat' dir='ltr'><strong>Norradeeina</strong></span> <span class='ocrx_word' id='word_1_178' title='bbox 1050 3431 1100 3488; x_wconf 87' lang='lat' dir='ltr'><strong>ade</strong></span> <span class='ocrx_word' id='word_1_179' title='bbox 1115 3431 1197 3488; x_wconf 89' lang='lat' dir='ltr'><strong>hara·</strong></span> 
     </span>
     <span class='ocr_line' id='line_1_28' title="bbox 114 3511 1199 3586; baseline 0.003 -21"><span class='ocrx_word' id='word_1_180' title='bbox 114 3512 208 3565; x_wconf 90' lang='lat' dir='ltr'><strong>tianum</strong></span> <span class='ocrx_word' id='word_1_181' title='bbox 226 3517 342 3566; x_wconf 90' lang='lat' dir='ltr'><strong>metrum</strong></span> <span class='ocrx_word' id='word_1_182' title='bbox 362 3511 487 3568; x_wconf 81' lang='lat' dir='ltr'><strong>habetet</strong></span> <span class='ocrx_word' id='word_1_183' title='bbox 507 3518 613 3568; x_wconf 85' lang='lat' dir='ltr'><strong>constat</strong></span> <span class='ocrx_word' id='word_1_184' title='bbox 629 3530 662 3567; x_wconf 80' lang='lat' dir='ltr'><strong>aa</strong></span> <span class='ocrx_word' id='word_1_185' title='bbox 678 3511 804 3584; x_wconf 77' lang='lat' dir='ltr'><strong>glyconio</strong></span> <span class='ocrx_word' id='word_1_186' title='bbox 822 3511 1006 3584; x_wconf 76' lang='lat' dir='ltr'><strong>easclepiadeo</strong></span> <span class='ocrx_word' id='word_1_187' title='bbox 1025 3513 1096 3585; x_wconf 87' lang='lat' dir='ltr'><strong>quad</strong></span> <span class='ocrx_word' id='word_1_188' title='bbox 1114 3531 1199 3586; x_wconf 83' lang='lat' dir='ltr'><strong>supra</strong></span> 
     </span>
     <span class='ocr_line' id='line_1_29' title="bbox 111 3583 1199 3666; baseline 0.003 -21"><span class='ocrx_word' id='word_1_189' title='bbox 111 3589 229 3646; x_wconf 82' lang='lat' dir='ltr'><strong>scribtum</strong></span> <span class='ocrx_word' id='word_1_190' title='bbox 244 3585 306 3646; x_wconf 73' lang='lat' dir='ltr'><strong>nl·</strong></span> <span class='ocrx_word' id='word_1_191' title='bbox 297 3609 326 3646; x_wconf 78' lang='lat' dir='ltr'><strong>an</strong></span> <span class='ocrx_word' id='word_1_192' title='bbox 340 3593 437 3664; x_wconf 82' lang='lat' dir='ltr'><strong>egloga</strong></span> <span class='ocrx_word' id='word_1_193' title='bbox 457 3610 536 3665; x_wconf 86' lang='lat' dir='ltr'><strong>prose</strong></span> <span class='ocrx_word' id='word_1_194' title='bbox 555 3593 628 3648; x_wconf 88' lang='lat' dir='ltr'><strong>utice</strong></span> <span class='ocrx_word' id='word_1_195' title='bbox 645 3583 760 3664; x_wconf 85' lang='lat' dir='ltr'><strong>Vergilii</strong></span> <span class='ocrx_word' id='word_1_196' title='bbox 782 3593 824 3664; x_wconf 89' lang='lat' dir='ltr'><strong>(in</strong></span> <span class='ocrx_word' id='word_1_197' title='bbox 843 3593 949 3664; x_wconf 85' lang='lat' dir='ltr'><strong>agloga</strong></span> <span class='ocrx_word' id='word_1_198' title='bbox 965 3594 1119 3666; x_wconf 86' lang='lat' dir='ltr'><strong>prasentice</strong></span> <span class='ocrx_word' id='word_1_199' title='bbox 1137 3593 1199 3648; x_wconf 86' lang='lat' dir='ltr'><strong>Vir.</strong></span> 
     </span>
     <span class='ocr_line' id='line_1_30' title="bbox 111 3669 1199 3746; baseline 0.003 -20"><span class='ocrx_word' id='word_1_200' title='bbox 111 3671 168 3744; x_wconf 81' lang='lat' dir='ltr'><strong>gilii</strong></span> <span class='ocrx_word' id='word_1_201' title='bbox 181 3669 261 3743; x_wconf 78' lang='lat' dir='ltr'><strong>Van.)</strong></span> <span class='ocrx_word' id='word_1_202' title='bbox 277 3673 333 3726; x_wconf 86' lang='lat' dir='ltr'><strong>alia</strong></span> <span class='ocrx_word' id='word_1_203' title='bbox 349 3679 442 3727; x_wconf 79' lang='lat' dir='ltr'><strong>autem</strong></span> <span class='ocrx_word' id='word_1_204' title='bbox 461 3674 563 3746; x_wconf 85' lang='lat' dir='ltr'><strong>g‘enere</strong></span> <span class='ocrx_word' id='word_1_205' title='bbox 582 3673 725 3728; x_wconf 75' lang='lat' dir='ltr'><strong>smaditur</strong></span> <span class='ocrx_word' id='word_1_206' title='bbox 741 3691 793 3746; x_wconf 87' lang='lat' dir='ltr'><strong>per</strong></span> <span class='ocrx_word' id='word_1_207' title='bbox 808 3673 883 3728; x_wconf 83' lang='lat' dir='ltr'><strong>hinos</strong></span> <span class='ocrx_word' id='word_1_208' title='bbox 896 3691 988 3728; x_wconf 83' lang='lat' dir='ltr'><strong>narsus</strong></span> <span class='ocrx_word' id='word_1_209' title='bbox 1000 3691 1115 3746; x_wconf 78' lang='lat' dir='ltr'><strong>quornm</strong></span> <span class='ocrx_word' id='word_1_210' title='bbox 1129 3691 1199 3729; x_wconf 79' lang='lat' dir='ltr'><strong>unm</strong></span> 
     </span>
     <span class='ocr_line' id='line_1_31' title="bbox 113 3751 1198 3826; baseline 0.003 -19"><span class='ocrx_word' id='word_1_211' title='bbox 113 3758 150 3807; x_wconf 85' lang='lat' dir='ltr'><strong>est</strong></span> <span class='ocrx_word' id='word_1_212' title='bbox 172 3751 285 3824; x_wconf 78' lang='lat' dir='ltr'><strong>tripodis</strong></span> <span class='ocrx_word' id='word_1_213' title='bbox 306 3753 443 3825; x_wconf 83' lang='lat' dir='ltr'><strong>dactylica</strong></span> <span class='ocrx_word' id='word_1_214' title='bbox 465 3755 537 3809; x_wconf 88' lang='lat' dir='ltr'><strong>aller</strong></span> <span class='ocrx_word' id='word_1_215' title='bbox 565 3753 793 3826; x_wconf 83' lang='lat' dir='ltr'><strong>penthememerss</strong></span> <span class='ocrx_word' id='word_1_216' title='bbox 821 3759 909 3810; x_wconf 89' lang='lat' dir='ltr'><strong>mater</strong></span> <span class='ocrx_word' id='word_1_217' title='bbox 935 3771 1006 3810; x_wconf 82' lang='lat' dir='ltr'><strong>sana</strong></span> <span class='ocrx_word' id='word_1_218' title='bbox 1030 3755 1198 3826; x_wconf 74' lang='lat' dir='ltr'><strong>cupidinum.</strong></span> 
     </span>
     <span class='ocr_line' id='line_1_32' title="bbox 117 3831 1200 3907; baseline 0.001 -20"><span class='ocrx_word' id='word_1_219' title='bbox 117 3831 240 3904; x_wconf 77' lang='lat' dir='ltr'><strong>Vigesima</strong></span> <span class='ocrx_word' id='word_1_220' title='bbox 254 3833 305 3887; x_wconf 87' lang='lat' dir='ltr'><strong>ode</strong></span> <span class='ocrx_word' id='word_1_221' title='bbox 319 3831 485 3906; x_wconf 88' lang='lat' dir='ltr'><strong>Sapphicum</strong></span> <span class='ocrx_word' id='word_1_222' title='bbox 504 3840 620 3888; x_wconf 87' lang='lat' dir='ltr'><strong>metrum</strong></span> <span class='ocrx_word' id='word_1_223' title='bbox 635 3833 716 3889; x_wconf 84' lang='lat' dir='ltr'><strong>hahet</strong></span> <span class='ocrx_word' id='word_1_224' title='bbox 731 3835 804 3907; x_wconf 85' lang='lat' dir='ltr'><strong>quod</strong></span> <span class='ocrx_word' id='word_1_225' title='bbox 823 3839 852 3889; x_wconf 91' lang='lat' dir='ltr'><strong>ul</strong></span> <span class='ocrx_word' id='word_1_226' title='bbox 873 3835 1074 3906; x_wconf 81' lang='lat' dir='ltr'><strong>supradirimus</strong></span> <span class='ocrx_word' id='word_1_227' title='bbox 1091 3835 1200 3889; x_wconf 84' lang='lat' dir='ltr'><strong>scandi·</strong></span> 
     </span>
     <span class='ocr_line' id='line_1_33' title="bbox 115 3912 1197 3986; baseline 0.003 -20"><span class='ocrx_word' id='word_1_228' title='bbox 115 3919 156 3967; x_wconf 86' lang='lat' dir='ltr'><strong>tur</strong></span> <span class='ocrx_word' id='word_1_229' title='bbox 167 3912 216 3967; x_wconf 84' lang='lat' dir='ltr'><strong>alle</strong></span> <span class='ocrx_word' id='word_1_230' title='bbox 226 3914 333 3984; x_wconf 86' lang='lat' dir='ltr'><strong>patavis</strong></span> <span class='ocrx_word' id='word_1_231' title='bbox 346 3915 458 3969; x_wconf 87' lang='lat' dir='ltr'><strong>modicis</strong></span> <span class='ocrx_word' id='word_1_232' title='bbox 473 3913 585 3970; x_wconf 81' lang='lat' dir='ltr'><strong>Sanina.</strong></span> <span class='ocrx_word' id='word_1_233' title='bbox 625 3913 753 3969; x_wconf 70' lang='lat' dir='ltr'><strong>Vicesima</strong></span> <span class='ocrx_word' id='word_1_234' title='bbox 774 3916 866 3986; x_wconf 89' lang='lat' dir='ltr'><strong>prima</strong></span> <span class='ocrx_word' id='word_1_235' title='bbox 880 3915 930 3968; x_wconf 86' lang='lat' dir='ltr'><strong>ode</strong></span> <span class='ocrx_word' id='word_1_236' title='bbox 944 3912 1119 3968; x_wconf 77' lang='lat' dir='ltr'><strong>horatianum</strong></span> <span class='ocrx_word' id='word_1_237' title='bbox 1141 3931 1197 3969; x_wconf 89' lang='lat' dir='ltr'><strong>me·</strong></span> 
     </span>
     <span class='ocr_line' id='line_1_34' title="bbox 115 3991 1199 4068; baseline 0.004 -22"><span class='ocrx_word' id='word_1_238' title='bbox 115 4000 179 4047; x_wconf 89' lang='lat' dir='ltr'><strong>trum</strong></span> <span class='ocrx_word' id='word_1_239' title='bbox 192 3991 271 4048; x_wconf 84' lang='lat' dir='ltr'><strong>hahet</strong></span> <span class='ocrx_word' id='word_1_240' title='bbox 292 3999 318 4052; x_wconf 80' lang='lat' dir='ltr'><strong>el</strong></span> <span class='ocrx_word' id='word_1_241' title='bbox 334 4011 386 4067; x_wconf 89' lang='lat' dir='ltr'><strong>per</strong></span> <span class='ocrx_word' id='word_1_242' title='bbox 400 4002 549 4067; x_wconf 83' lang='lat' dir='ltr'><strong>quaternus</strong></span> <span class='ocrx_word' id='word_1_243' title='bbox 568 4011 659 4050; x_wconf 73' lang='lat' dir='ltr'><strong>nasus</strong></span> <span class='ocrx_word' id='word_1_244' title='bbox 678 3995 820 4050; x_wconf 82' lang='lat' dir='ltr'><strong>scanditur</strong></span> <span class='ocrx_word' id='word_1_245' title='bbox 840 4011 953 4068; x_wconf 83' lang='lat' dir='ltr'><strong>querum</strong></span> <span class='ocrx_word' id='word_1_246' title='bbox 972 3995 1026 4048; x_wconf 90' lang='lat' dir='ltr'><strong>duo</strong></span> <span class='ocrx_word' id='word_1_247' title='bbox 1044 4000 1150 4049; x_wconf 84' lang='lat' dir='ltr'><strong>canstat</strong></span> <span class='ocrx_word' id='word_1_248' title='bbox 1166 4012 1199 4050; x_wconf 79' lang='lat' dir='ltr'><strong>ea</strong></span> 
     </span>
     <span class='ocr_line' id='line_1_35' title="bbox 114 4072 1197 4148; baseline 0.003 -21"><span class='ocrx_word' id='word_1_249' title='bbox 114 4073 277 4144; x_wconf 81' lang='lat' dir='ltr'><strong>malepiadeis</strong></span> <span class='ocrx_word' id='word_1_250' title='bbox 297 4076 394 4129; x_wconf 86' lang='lat' dir='ltr'><strong>tertius</strong></span> <span class='ocrx_word' id='word_1_251' title='bbox 406 4072 588 4148; x_wconf 84' lang='lat' dir='ltr'><strong>serecratia.</strong></span> <span class='ocrx_word' id='word_1_252' title='bbox 601 4079 716 4146; x_wconf 83' lang='lat' dir='ltr'><strong>quartus</strong></span> <span class='ocrx_word' id='word_1_253' title='bbox 734 4075 860 4146; x_wconf 81' lang='lat' dir='ltr'><strong>glyconio</strong></span> <span class='ocrx_word' id='word_1_254' title='bbox 874 4075 925 4129; x_wconf 85' lang='lat' dir='ltr'><strong>alii</strong></span> <span class='ocrx_word' id='word_1_255' title='bbox 938 4091 1002 4129; x_wconf 86' lang='lat' dir='ltr'><strong>aero</strong></span> <span class='ocrx_word' id='word_1_256' title='bbox 1014 4075 1053 4128; x_wconf 86' lang='lat' dir='ltr'><strong>sic</strong></span> <span class='ocrx_word' id='word_1_257' title='bbox 1064 4075 1197 4130; x_wconf 86' lang='lat' dir='ltr'><strong>scandunt</strong></span> 
     </span>
     <span class='ocr_line' id='line_1_36' title="bbox 101 4153 1198 4244; baseline -0.001 -36"><span class='ocrx_word' id='word_1_258' title='bbox 101 4153 162 4244; x_wconf 58' lang='lat' dir='ltr'><strong>,dua</strong></span> <span class='ocrx_word' id='word_1_259' title='bbox 178 4153 400 4226; x_wconf 84' lang='lat' dir='ltr'><strong>panthememeres</strong></span> <span class='ocrx_word' id='word_1_260' title='bbox 414 4162 441 4210; x_wconf 89' lang='lat' dir='ltr'><strong>et</strong></span> <span class='ocrx_word' id='word_1_261' title='bbox 454 4159 509 4210; x_wconf 85' lang='lat' dir='ltr'><strong>duo</strong></span> <span class='ocrx_word' id='word_1_262' title='bbox 524 4155 646 4228; x_wconf 84' lang='lat' dir='ltr'><strong>trepodia</strong></span> <span class='ocrx_word' id='word_1_263' title='bbox 661 4155 793 4228; x_wconf 82' lang='lat' dir='ltr'><strong>dactylica</strong></span> <span class='ocrx_word' id='word_1_264' title='bbox 810 4155 922 4210; x_wconf 89' lang='lat' dir='ltr'><strong>dianam</strong></span> <span class='ocrx_word' id='word_1_265' title='bbox 943 4161 1032 4209; x_wconf 87' lang='lat' dir='ltr'><strong>tenere</strong></span> <span class='ocrx_word' id='word_1_266' title='bbox 1047 4155 1168 4208; x_wconf 86' lang='lat' dir='ltr'><strong>dicite&#39;</strong></span> <span class='ocrx_word' id='word_1_267' title='bbox 1141 4173 1198 4210; x_wconf 86' lang='lat' dir='ltr'><strong>mr-</strong></span> 
     </span>
     <span class='ocr_line' id='line_1_37' title="bbox 113 4233 1198 4308; baseline 0.004 -20"><span class='ocrx_word' id='word_1_268' title='bbox 113 4233 187 4305; x_wconf 82' lang='lat' dir='ltr'><strong>gr&#39;aes.</strong></span> <span class='ocrx_word' id='word_1_269' title='bbox 218 4233 348 4290; x_wconf 83' lang='lat' dir='ltr'><strong>Vicesima</strong></span> <span class='ocrx_word' id='word_1_270' title='bbox 368 4239 486 4290; x_wconf 85' lang='lat' dir='ltr'><strong>secunda</strong></span> <span class='ocrx_word' id='word_1_271' title='bbox 502 4237 552 4291; x_wconf 89' lang='lat' dir='ltr'><strong>ode</strong></span> <span class='ocrx_word' id='word_1_272' title='bbox 569 4236 638 4290; x_wconf 65' lang='lat' dir='ltr'><strong>mens</strong></span> <span class='ocrx_word' id='word_1_273' title='bbox 653 4241 769 4289; x_wconf 86' lang='lat' dir='ltr'><strong>metrum</strong></span> <span class='ocrx_word' id='word_1_274' title='bbox 784 4235 864 4290; x_wconf 88' lang='lat' dir='ltr'><strong>habel</strong></span> <span class='ocrx_word' id='word_1_275' title='bbox 879 4241 905 4290; x_wconf 88' lang='lat' dir='ltr'><strong>et</strong></span> <span class='ocrx_word' id='word_1_276' title='bbox 919 4235 1001 4290; x_wconf 81' lang='lat' dir='ltr'><strong>simili</strong></span> <span class='ocrx_word' id='word_1_277' title='bbox 1016 4236 1094 4289; x_wconf 90' lang='lat' dir='ltr'><strong>modo</strong></span> <span class='ocrx_word' id='word_1_278' title='bbox 1108 4235 1198 4308; x_wconf 88' lang='lat' dir='ltr'><strong>dupli·</strong></span> 
     </span>
     <span class='ocr_line' id='line_1_38' title="bbox 115 4315 1199 4382; baseline 0.005 -15"><span class='ocrx_word' id='word_1_279' title='bbox 115 4315 173 4368; x_wconf 86' lang='lat' dir='ltr'><strong>citer</strong></span> <span class='ocrx_word' id='word_1_280' title='bbox 185 4317 331 4382; x_wconf 84' lang='lat' dir='ltr'><strong>scanditur,</strong></span> <span class='ocrx_word' id='word_1_281' title='bbox 345 4319 415 4372; x_wconf 84' lang='lat' dir='ltr'><strong>vitat</strong></span> <span class='ocrx_word' id='word_1_282' title='bbox 431 4317 522 4372; x_wconf 86' lang='lat' dir='ltr'><strong>inaleo</strong></span> <span class='ocrx_word' id='word_1_283' title='bbox 536 4334 578 4371; x_wconf 87' lang='lat' dir='ltr'><strong>me</strong></span> <span class='ocrx_word' id='word_1_284' title='bbox 590 4315 686 4370; x_wconf 85' lang='lat' dir='ltr'><strong>similis</strong></span> <span class='ocrx_word' id='word_1_285' title='bbox 700 4315 784 4370; x_wconf 87' lang='lat' dir='ltr'><strong>chloe.</strong></span> <span class='ocrx_word' id='word_1_286' title='bbox 823 4315 954 4370; x_wconf 83' lang='lat' dir='ltr'><strong>Vicesima</strong></span> <span class='ocrx_word' id='word_1_287' title='bbox 969 4315 1050 4370; x_wconf 86' lang='lat' dir='ltr'><strong>tertia</strong></span> <span class='ocrx_word' id='word_1_288' title='bbox 1066 4315 1115 4370; x_wconf 90' lang='lat' dir='ltr'><strong>ade</strong></span> <span class='ocrx_word' id='word_1_289' title='bbox 1129 4316 1199 4372; x_wconf 87' lang='lat' dir='ltr'><strong>idem</strong></span> 
     </span>
    </p>
   </div>
   <div class='ocr_carea' id='block_1_3' title="bbox 114 4395 1199 4470">
    <p class='ocr_par' dir='ltr' id='par_1_12' title="bbox 114 4395 1199 4470">
     <span class='ocr_line' id='line_1_39' title="bbox 114 4395 1199 4470; baseline 0.004 -21"><span class='ocrx_word' id='word_1_290' title='bbox 114 4401 218 4466; x_wconf 79' lang='lat' dir='ltr'><strong>metrum</strong></span> <span class='ocrx_word' id='word_1_291' title='bbox 238 4395 319 4451; x_wconf 88' lang='lat' dir='ltr'><strong>hahet</strong></span> <span class='ocrx_word' id='word_1_292' title='bbox 339 4403 366 4451; x_wconf 88' lang='lat' dir='ltr'><strong>et</strong></span> <span class='ocrx_word' id='word_1_293' title='bbox 384 4414 436 4470; x_wconf 86' lang='lat' dir='ltr'><strong>per</strong></span> <span class='ocrx_word' id='word_1_294' title='bbox 460 4405 608 4470; x_wconf 81' lang='lat' dir='ltr'><strong>quaternus</strong></span> <span class='ocrx_word' id='word_1_295' title='bbox 628 4413 720 4452; x_wconf 79' lang='lat' dir='ltr'><strong>aereus</strong></span> <span class='ocrx_word' id='word_1_296' title='bbox 740 4397 889 4452; x_wconf 81' lang='lat' dir='ltr'><strong>scanditur.</strong></span> <span class='ocrx_word' id='word_1_297' title='bbox 917 4396 965 4451; x_wconf 86' lang='lat' dir='ltr'><strong>sed</strong></span> <span class='ocrx_word' id='word_1_298' title='bbox 988 4401 1042 4451; x_wconf 86' lang='lat' dir='ltr'><strong>tres</strong></span> <span class='ocrx_word' id='word_1_299' title='bbox 1060 4401 1199 4469; x_wconf 82' lang='lat' dir='ltr'><strong>penleme-</strong></span> 
     </span>
    </p>
   </div>
   <div class='ocr_carea' id='block_1_4' title="bbox 116 4475 1199 4615">
    <p class='ocr_par' dir='ltr' id='par_1_13' title="bbox 116 4475 1199 4615">
     <span class='ocr_line' id='line_1_40' title="bbox 116 4475 1199 4612; baseline 0.003 -81"><span class='ocrx_word' id='word_1_300' title='bbox 116 4493 189 4608; x_wconf 67' lang='lat' dir='ltr'><strong>ryyerer</strong></span> <span class='ocrx_word' id='word_1_301' title='bbox 205 4494 286 4532; x_wconf 90' lang='lat' dir='ltr'><strong>unum</strong></span> <span class='ocrx_word' id='word_1_302' title='bbox 307 4479 354 4612; x_wconf 59' lang='lat' dir='ltr'><strong>qryi</strong></span> <span class='ocrx_word' id='word_1_303' title='bbox 376 4478 570 4612; x_wconf 65' lang='lat' dir='ltr'><strong>lry&#39;yoh-qua</strong></span> <span class='ocrx_word' id='word_1_304' title='bbox 584 4477 710 4550; x_wconf 85' lang='lat' dir='ltr'><strong>glyconio</strong></span> <span class='ocrx_word' id='word_1_305' title='bbox 724 4475 760 4532; x_wconf 87' lang='lat' dir='ltr'><strong>A.</strong></span> <span class='ocrx_word' id='word_1_306' title='bbox 785 4475 953 4552; x_wconf 85' lang='lat' dir='ltr'><strong>Sapphicum</strong></span> <span class='ocrx_word' id='word_1_307' title='bbox 964 4477 1199 4552; x_wconf 82' lang='lat' dir='ltr'><strong>endecasyllabum</strong></span> 
     </span>
     <span class='ocr_line' id='line_1_41' title="bbox 140 4565 472 4615; baseline 0.006 -3"><span class='ocrx_word' id='word_1_308' title='bbox 140 4573 179 4612; x_wconf 88' lang='lat' dir='ltr'><strong>en.</strong></span> <span class='ocrx_word' id='word_1_309' title='bbox 298 4565 315 4597; x_wconf 79' lang='lat'><strong>¹¹</strong></span> <span class='ocrx_word' id='word_1_310' title='bbox 348 4575 383 4612; x_wconf 91' lang='lat' dir='ltr'><strong>uo</strong></span> <span class='ocrx_word' id='word_1_311' title='bbox 425 4576 472 4615; x_wconf 88' lang='lat' dir='ltr'><strong>en.</strong></span> 
     </span>
    </p>
   </div>
   <div class='ocr_carea' id='block_1_5' title="bbox 0 0 1513 5142">
    <p class='ocr_par' dir='ltr' id='par_1_14' title="bbox 0 0 1513 5142">
     <span class='ocr_line' id='line_1_42' title="bbox 0 0 1513 5142; baseline 0 0"><span class='ocrx_word' id='word_1_312' title='bbox 0 0 1513 5142; x_wconf 95' lang='lat' dir='ltr'><strong> </strong></span> 
     </span>
    </p>
   </div>
  </div>
 </body>
</html>
