3076 5140
298 398 369 460 180
680 383 801 458 Marii
820 383 997 458 Wrtorini
1245 407 1320 456 ua.
1335 404 1396 454 ιιι.

296 569 389 642 Item

392 625 404 659 ⁹
446 666 637 742 Praeterea
655 669 725 742 duo
742 693 809 742 nec
825 679 906 742 tuta
923 668 1013 742 milti
1028 665 1126 741 valle
1141 665 1289 764 reperti.

269 799 400 872 ⁴Huic
416 799 554 872 ⁰simile
572 802 839 899 anapaesticum‚

450 911 662 1014 Cuicunque
680 915 802 989 libebit
818 917 975 989 satiatos.

299 1027 407 1111 erod
425 1029 453 1100 si
472 1029 680 1128 conjungas,
697 1031 796 1120 facit,

450 1144 587 1218 PVoso
608 1143 772 1243 Calliope
787 1171 869 1219 mea
886 1145 977 1219 tibio
994 1145 1113 1218 dicere
1128 1169 1264 1218 versam

301 1259 394 1334 Inde
420 1259 581 1358 intellegi
608 1261 713 1334 datur
736 1287 780 1334 ex
806 1260 1013 1356 hujusmodi
1038 1260 1227 1360 anapaestis
1251 1283 1399 1331 carmen

301 1377 410 1450 ritlud
447 1377 642 1466 Faliscum,
675 1377 770 1476 quod
800 1389 942 1450 constat
968 1401 1014 1448 ex
1045 1374 1205 1475 spondeo
1238 1373 1400 1446 'duobus

301 1493 491 1592 anapaestis
507 1505 542 1564 et
561 1493 709 1590 syllaba,
726 1519 802 1564 esse
820 1492 1076 1590 compositum,

451 1607 577 1680 'Unde
594 1609 690 1680 unde
707 1608 852 1682 colonas
867 1607 954 1680 an

451 1721 491 1793 Α
499 1719 664 1820 flumine
678 1723 777 1795 verrit
797 1721 942 1796 Oronti.

275 1835 431 1910 sutrina
460 1835 667 1908 catalectico
702 1837 942 1936 superfluente
972 1835 1120 1933 syllaba.
1183 1833 1405 1930 tsuggeren-

302 1951 391 2024 dum
409 1965 530 2023 tamen
551 1950 748 2023 necessario
768 1977 857 2035 reor,
874 1979 920 2024 ne
938 1950 1029 2022 forte
1046 1949 1141 2048 apud
1160 1947 1314 2044 aliquem
1334 1944 1405 2017 rni-

303 2091 383 2138 rum
399 2079 461 2138 aut
479 2089 613 2136 novum
631 2063 689 2154 sit,
702 2065 730 2136 si
751 2067 906 2139 mixtum
923 2065 1111 2164 anapaestis
1129 2061 1328 2162 spondeum
1347 2059 1406 2130 in-

302 2181 450 2266 venerit,
468 2205 551 2252 nam
570 2205 653 2252 cum
677 2193 714 2252 et
736 2195 937 2280 anapaestus
954 2194 992 2253 et
1008 2180 1173 2277 dactylus
1198 2193 1240 2248 'e
1262 2174 1407 2248 duabus
1430 2259 1443 2280 .

305 2294 453 2393 spondei
481 2293 598 2392 longis
622 2320 718 2366 nunc
744 2295 859 2392 prima
877 2321 974 2368 nunc
994 2293 1150 2367 secunda
1167 2291 1289 2364 divisis
1315 2287 1403 2362 editi

304 2436 383 2482 esse
400 2423 605 2497 noscantur,
622 2424 882 2507 consequenter
897 2437 939 2482 ac
958 2410 1086 2482 merito
1101 2422 1142 2481 ut
1161 2431 1289 2506 parens
1315 2405 1406 2476 utri-

305 2551 419 2622 usque
437 2523 533 2623 apud
552 2525 701 2598 alterum
720 2551 845 2598 eorum
860 2525 1109 2597 auctoritatem
1129 2523 1325 2596 maximam
1340 2521 1408 2593 ob-

306 2641 447 2728 tinebit,
457 2655 494 2713 et
509 2641 568 2712 ubi
580 2667 666 2714 usus
677 2641 875 2738 'exegerit
886 2640 979 2712 inter
989 2651 1190 2738 anapaestos
1203 2637 1321 2709 locum
1336 2635 1404 2707 sibi

277 2757 524 2856 6¹usurpabit.
551 2755 683 2852 Neque
701 2755 770 2828 hoc
789 2756 931 2829 silentio
944 2755 1163 2839 tradiderim,
1180 2756 1280 2825 lesse
1293 2751 1403 2823 etiarn

306 2872 452 2944 alteram
481 2869 700 2944 Faliscorum
727 2872 928 2944 carminum
956 2870 1112 2969 speciem
1142 2870 1192 2941 ita
1217 2867 1408 2962 digestam,

307 3001 347 3060 ut
364 3015 384 3060 e
401 2987 515 3060 tribus
532 2985 684 3084 dactylis
704 2999 741 3058 et
758 2986 880 3058 iambo
898 2987 1027 3059 ultimo
1044 2983 1206 3058 ordinata
1224 2981 1408 3066 subsistat,

305 3103 418 3190 velut,

456 3215 604 3316 Pergo!
620 3217 738 3290 amica
758 3215 802 3290 V
795 3241 883 3290 enus
898 3215 1116 3314 modojocis.

282 3330 479 3403 tDimetro
495 3345 615 3404 autem
636 3331 853 3430 anapaestico
867 3331 1076 3404 catalectico
1091 3329 1164 3402 sive
1177 3329 1287 3402 heroo
1300 3338 1412 3426 'pen-

308 3444 514 3516 themimeri
550 3445 578 3517 si
604 3445 767 3543 phalaecii
794 3447 910 3532 colon,
936 3445 973 3518 id
1003 3457 1057 3518 est
1086 3457 1225 3544 partem
1249 3469 1270 3514 e
1292 3441 1411 3514 tribus

349 3665 483 3741 ⁰simile]
499 3665 622 3724 similem
637 3668 669 3723 P.
782 3670 873 3728 uVos
887 3670 1024 3743 o]oom.
1038 3669 1070 3726 P.
1190 3664 1411 3724 ailtutt’halts-

309 3749 388 3822 cunr]
406 3747 485 3805 illum
500 3746 642 3804 Faliscum
658 3747 689 3804 P.
780 3749 929 3826 rdnobus]
946 3751 1054 3807 duabus
1068 3749 1099 3806 P.
1193 3747 1302 3804 »unda
1317 3745 1408 3820 unde]

309 3829 385 3886 unde
400 3829 430 3885 P.
550 3825 800 3905 tsuggerendum]
818 3841 985 3908 suggerente
1001 3831 1032 3886 P.
1150 3826 1334 3900 vedrrabus]
1351 3838 1412 3883 ete

309 3909 418 3966 duabus
433 3907 463 3964 P.
566 3917 589 3948 V
601 3906 735 3986 exegerit]
751 3907 868 3986 exigerit
882 3911 913 3967 P.
1009 3919 1025 3951 ¹
1039 3906 1200 3984 usurpabit]
1216 3905 1363 3984 usurpavit
1377 3906 1411 3963 P.

310 3989 440 4062 setiam]
458 3984 591 4046 bestiam
608 3988 641 4046 P.
732 3997 747 4028 ¹
762 3987 993 4064 penthemimeris
1007 3988 1030 4046 si
1045 3987 1185 4066 phalaecii]
1202 3984 1412 4064 penthemime-

310 4069 348 4126 ris
362 4067 511 4146 aplraletiei
525 4067 558 4124 P.

353 4264 381 4318 4.
401 4246 479 4302 Unde
499 4247 584 4321 ande]
605 4248 678 4303 unde
696 4249 776 4304 unda
796 4247 841 4304 ed.
883 4247 1001 4306 “lectio
1039 4248 1067 4305 in
1103 4248 1277 4306 Terentiano
1313 4245 1414 4304 codice

310 4325 435 4403 Tubing.
455 4327 534 4382 undae
552 4329 624 4383 unde
645 4325 766 4384 correxit
783 4329 839 4384 Ca·
883 4333 902 4360 “
918 4327 1003 4406 paulo
1017 4327 1179 4386 diversior.”
1212 4325 1279 4384 Vid.
1295 4327 1413 4384 Saoten.

312 4409 455 4474 merarius,
492 4407 599 4484 recepit
633 4405 838 4466 Commelinus.
881 4409 917 4466 ad
931 4407 1050 4467 Terent.
1063 4408 1158 4466 Maur.
1173 4427 1199 4466 v.
1219 4406 1305 4464 1821.

311 4485 403 4543 Notat
430 4485 616 4554 Camerarius,
646 4487 767 4562 “Atque
781 4553 785 4560 ⁴
797 4500 841 4544 est
