3124 5120
160 439 245 489 cae.
258 431 294 489 4.
341 413 442 492 Quot
458 437 502 486 ea
519 409 699 510 dactylico
715 409 824 484 heroo
840 419 1039 484 metrumm
1057 409 1121 509 dyc.
1192 423 1262 501 149

161 600 237 684 Qui
264 611 408 674 constat
433 621 481 670 ex
507 593 680 696 spondeo,
708 592 851 668 duobus
879 593 1109 684 choriambis,
1132 593 1262 668 ultimo
1276 619 1305 670 η

162 716 297 803 iambo,
322 711 408 811 ‘qui
438 711 547 786 etiam
573 709 692 810 prima
720 709 864 784 ademta
893 711 1031 811 syllaba
1056 711 1263 785 Anacreon-

161 832 240 905 tion
257 829 369 920 dabit,
386 829 450 916 aie,

267 945 379 1019 Serio
394 941 582 1041 trepidant
597 939 930 1044 corbuaoflotr'bua.

164 1089 227 1136 seu
254 1073 410 1134 metrum
437 1058 596 1131 ionicum
623 1056 812 1131 claudente
834 1056 989 1157 dactylo.
1031 1059 1155 1134 Altera
1178 1085 1264 1132 vero

165 1175 316 1275 species,
331 1175 393 1262 ita,
411 1199 496 1248 cum
513 1186 584 1246 tres
602 1185 687 1245 sunt
704 1171 866 1272 spondei,
885 1174 1056 1275 anapaesti
1075 1174 1160 1264 duo,
1170 1187 1263 1248 tam·

166 1315 289 1388 quam,

271 1399 536 1504 Osortunutur
551 1403 674 1476 desine
691 1401 888 1476 Menolioa.
934 1489 942 1511 ·

166 1521 289 1594 Tertia
315 1535 451 1610 autem,
467 1545 550 1593 oum
578 1519 735 1619 ‘primus
761 1532 816 1592 eat
841 1517 1017 1618 dactylus,
1033 1517 1265 1616 sequentibus
1279 1541 1309 1590 ¹⁴

168 1635 310 1709 duobus
328 1633 509 1734 spondeis,
526 1633 714 1734 anapestis
731 1632 873 1708 duobus
886 1633 923 1707 in
941 1632 1102 1708 clausula
1117 1633 1265 1733 positia:

170 1765 220 1840 ut,

271 1847 399 1947 Cn'ape
414 1847 652 1948 «Iugurthinae
669 1847 833 1922 conditor
848 1847 1017 1925 tntum

169 1981 361 2054 Memento
392 2007 478 2054 sane
505 2006 767 2078 nonnunquam
798 1981 835 2053 in
863 1981 919 2054 his
946 1993 984 2054 et
1008 1979 1177 2078 quintum
1205 1981 1309 2055 tri-¹⁵

169 2098 331 2196 braebyn
349 2096 505 2196 reperiri.
532 2095 603 2170 Sed
614 2095 849 2192 jamdictum
866 2109 920 2172 eat
936 2096 982 2170 de
999 2098 1136 2197 syllaba
1153 2099 1266 2188 finali,

170 2211 264 2285 unde
282 2237 374 2301 eam,
391 2227 432 2285 ut
448 2211 548 2302 velis,
565 2212 708 2311 accipe:
735 2213 858 2298 veluti,

273 2327 410 2428 Tiphys
426 2338 461 2401 et
478 2328 712 2402 Automedon
729 2327 848 2403 ‘dicor
864 2330 999 2402 amor-is
1016 2355 1091 2428 ego.

169 2445 330 2519 Notandi
357 2471 442 2518 rane
466 2459 504 2521 et
526 2445 736 2543 hujusmodi
762 2472 895 2536 versua,
911 2446 974 2543 qui
997 2445 1206 2519 hexametro
1231 2457 1268 2520 et
1282 2459 1313 2510 ¹⁶

169 2575 394 2658 pentametro
423 2561 538 2634 verani
573 2587 638 2660 per
669 2561 906 2658 adjectionem
938 2575 976 2634 et
1008 2559 1266 2634 detractionem

170 2689 263 2776 tque
280 2676 427 2774 syllabae
445 2689 659 2750 communes
676 2689 771 2766 aunt,
788 2689 988 2773 tamquam,

269 2791 322 2864 Et
336 2783 485 2891 genitor
502 2792 622 2865 diuum
641 2817 730 2891 quor
747 2792 918 2865 terminat
938 2791 1118 2865 oceanus.

172 2905 245 2980 Hic
263 2907 373 2994 enim,
387 2921 533 3008 accepta
546 2906 608 2980 ¹¹in
622 2907 753 2981 ultimo
770 2933 840 3006 que
851 2907 1001 3008 syllaba,
1015 2907 1266 2984 hexametrum
1284 2929 1312 2983 ¹⁷

170 3019 267 3110 facit,
284 3021 347 3109 sic,

271 3151 324 3224 Et
336 3155 485 3252 genitor
502 3154 623 3227 divum
640 3179 729 3254 quoa
745 3155 919 3228 terminat
939 3153 1185 3252 Oceanusque.

170 3284 225 3356 Ac
243 3283 271 3355 ai
290 3311 361 3356 una
379 3284 515 3383 syllaba
535 3285 653 3358 media
670 3299 753 3384 post
769 3284 859 3360 duos
872 3284 981 3384 pedes
994 3301 1030 3360 et
1047 3287 1267 3388 semipedem

171 3396 401 3490 ¹detrahatur,
417 3400 484 3473 erit
501 3415 736 3500 pentameter,
752 3401 813 3490 ita,

271 3527 327 3601 Et
340 3531 488 3628 genitor
505 3531 625 3606 divum
639 3529 832 3606 lterminut
852 3532 1029 3608 Oceanus.

172 3658 365 3759 Semipede
391 3663 488 3736 enim
521 3663 566 3735 ab
595 3663 806 3738 hexametro
832 3665 961 3756 minor,
989 3693 1010 3738 a
1042 3679 1270 3768 pentametro

172 3777 286 3872 major
310 3793 375 3864 eat,
401 3779 463 3875 qui
490 3807 511 3852 a
537 3777 672 3854 Graecis
698 3781 793 3854 inter
818 3780 1072 3879 quadratorum
1101 3809 1268 3857 versuum

172 3917 301 3990 genera
318 3907 538 3968 numeratur.

222 4009 265 4081 ln
295 4010 500 4084 scandendo
528 4023 649 4084 autem
679 4022 906 4110 pentametro
939 4011 1103 4085 nonnulli
1134 4011 1315 4084 dinen-o

171 4121 284 4208 tiunt;
311 4123 459 4223 quidam
481 4127 577 4199 enim
598 4153 681 4198 eum
701 4123 829 4198 induo
848 4125 1014 4200 dividunt
1031 4127 1120 4217 cola,
1137 4141 1175 4199 et
1193 4153 1271 4226 per-

210 4385 329 4467 dqnod]
346 4389 394 4466 qui
409 4389 440 4447 P.
556 4390 705 4468 ⁰primus]
721 4389 845 4528 primum
860 4389 892 4447 P.
1016 4387 1128 4466 ‘dicarl
1145 4389 1223 4449 dicor
1237 4391 1269 4448 P.

171 4468 457 4547 tquemadmodurn]
474 4489 537 4548 quar
551 4469 585 4527 P.
671 4467 819 4544 ¹²ntimo]
837 4470 866 4527 in
881 4467 982 4529 ultimo
996 4473 1028 4531 P.
1117 4467 1270 4530 ¹detraba-

172 4553 232 4628 tur]
250 4549 379 4609 trabatur
391 4549 424 4609 P.
503 4545 514 4604 l
529 4549 675 4626 terminat]
689 4569 760 4628 quoa
774 4547 910 4608 terminat
924 4550 956 4610 P.
