3012 5084
114 377 188 428 css.
205 365 245 444 7.
279 353 346 424 De
363 349 601 450 Syllabarum
619 359 758 424 nutura
774 358 810 424 el
827 350 1059 425 cmmecione.
1168 367 1215 426 ts

114 553 171 612 aut
186 537 386 637 positione,
402 561 486 608 cum
513 534 737 608 'inferuntur
754 535 851 608 brevi
869 535 1018 632 syllabae
1034 533 1116 608 duae
1133 561 1218 608 con·

113 669 292 740 sonantes,
312 679 468 749 quarum
494 651 593 751 prior
613 677 755 750 semper
773 665 885 738 muta,
902 677 1056 750 sequens
1082 651 1219 748 liquida

114 787 175 844 est.
228 770 406 868 Superest
432 781 560 839 natura
593 767 720 854 brevis,
744 766 847 862 cujus
875 791 967 838 unus
992 765 1142 840 modus:
1182 765 1218 840 id
1236 797 1263 847 ιτ

115 903 164 960 est
189 912 276 957 cum
307 897 474 980 correpta
501 881 633 953 vocalis
660 881 791 953 desinit
818 883 854 952 in
883 899 1155 972 consonantem,
1177 909 1220 956 ea

115 1001 308 1074 dumtaxat
330 999 423 1094 lege,
453 1009 495 1068 ut
520 1023 674 1094 sequens
698 995 835 1092 syllaba
865 996 1015 1096 incipiat
1043 1025 1063 1070 a
1093 999 1219 1082 vocali,

116 1127 338 1212 'tamquam

267 1229 351 1302 Hir
369 1229 435 1317 ait,
453 1237 490 1302 et
506 1227 650 1300 nostris.

121 1343 402 1418 ltaefficiuutur
421 1342 531 1432 modi,
551 1355 591 1414 ut
617 1339 862 1438 supradictum
889 1355 956 1426 est,
973 1355 1055 1414 tres.
1106 1341 1224 1441 Igitur
1239 1367 1268 1416 sa
1302 1404 1305 1410 .

120 1461 233 1559 prima
251 1459 396 1560 species
412 1459 490 1545 erit,
508 1485 589 1555 quoe
614 1456 770 1554 bdactyli
796 1455 897 1554 pedis
919 1457 1062 1528 tertiam
1081 1459 1223 1531 brevem

120 1603 180 1650 seu
207 1575 428 1673 productam
447 1573 620 1656 vocalem,
639 1597 702 1644 seu
725 1569 876 1642 duarum
904 1569 1171 1666 conjunctione,
1188 1571 1224 1645 id

120 1705 183 1778 est,
197 1702 212 1736 ‘
217 1689 492 1788 diphthongon,
506 1688 650 1786 longam
664 1685 822 1758 efficiens
836 1699 960 1758 contra
977 1687 1114 1784 legemd
1138 1687 1226 1760 hex·

120 1807 247 1880 ametri
279 1805 378 1878 heroi
406 1803 695 1902 amphimacrum
726 1800 876 1888 inducit,
902 1803 965 1898 qui
991 1827 1057 1900 pro
1082 1802 1227 1903 dactylo

122 1925 200 2022 lege
225 1921 481 1996 communium
509 1921 725 2020 syllabarum
754 1917 961 2017 accipietur,
978 1920 1028 1991 ita
1045 1931 1168 1992 tamen
1188 1933 1228 1991 ut

122 2063 279 2136 nequens
297 2064 319 2108 a
337 2035 450 2108 vocali
473 2062 536 2136 pes
561 2037 717 2110 inchoet.
768 2033 884 2130 Cujus
900 2035 1111 2136 exemplum
1131 2035 1227 2136 apud
1245 2063 1273 2114 ¹⁹

123 2155 351 2240 Homerum,

275 2270 369 2366 ὠδρά
386 2301 437 2362 μοι
455 2267 550 2342 luere
568 2276 691 2360 poisat

123 2385 218 2486 apud
237 2399 420 2471 nostrum,

278 2498 414 2573 Insulae
432 2497 532 2572 Ionio
549 2499 587 2570 in
604 2523 745 2598 magno.

124 2617 225 2690 Nam
246 2615 371 2688 subtili
392 2614 645 2710 conjunctione
662 2615 798 2712 elongae
814 2641 895 2712 quae
913 2629 1009 2702 sunt,
1025 2613 1232 2712 hujusmodi

128 2733 321 2828 utriusque
346 2730 479 2802 vocalis
513 2755 648 2802 nomen
682 2729 879 2819 incurrunt,
906 2745 944 2802 et
977 2729 1014 2802 in
1049 2729 1234 2804 collisione

128 2847 304 2946 ‘spatium
323 2843 496 2943 temporis
522 2845 600 2943 ipsa
617 2845 872 2942 pronuntiandi
899 2845 1082 2919 celeritate
1106 2871 1236 2917 consu-

129 2963 262 3037 mitur:
288 2975 536 3058 lquamquam
556 2961 718 3032 nonnulli
741 2958 865 3056 hquasi
887 2961 1030 3032 finalem
1058 2960 1233 3059 syllabam

131 3093 278 3176 propter
295 3073 570 3148 indifferentiam
590 3101 669 3172 quoe
696 3075 732 3148 in
760 3077 884 3148 metris
901 3075 1071 3148 omnibus
1089 3101 1237 3174 compe-

135 3194 187 3280 tit,
204 3192 363 3280 tradant,
381 3216 487 3290 super
501 3215 574 3286 quo
591 3193 753 3290 plerique
771 3192 972 3290 ambigunt,
990 3193 1026 3264 in
1046 3193 1115 3264 isto
1132 3191 1237 3264 dum-

135 3323 232 3382 taxat
251 3307 472 3406 syllabarum
491 3307 741 3380 communium
766 3307 964 3407 privilegio.
1016 3305 1161 3380 Harum
1188 3307 1283 3380 al-ao

135 3437 207 3494 tera
233 3435 303 3508 est,
329 3445 413 3492 cum
441 3417 601 3514 ejusdem
626 3421 729 3521 pedis
757 3422 912 3496 secunda
935 3421 1085 3520 syllaba,
1108 3435 1238 3496 natura

136 3561 278 3635 semper
304 3535 433 3624 brevis,
458 3549 586 3634 utpote
616 3537 777 3635 sequenti
804 3537 884 3610 loco
910 3540 947 3609 in
975 3535 1120 3637 dactylo
1146 3537 1237 3636 pede

136 3649 339 3746 conjunctis
359 3649 500 3722 duabus
517 3653 811 3742 consonantibus,
830 3677 980 3750 quarum
1005 3653 1102 3752 prior
1126 3669 1238 3742 muta,

135 3793 289 3864 sequens
307 3763 445 3862 liquida
462 3766 522 3854 sit,
538 3767 681 3864 longam
700 3767 810 3843 efficit
827 3769 1025 3868 positione:
1052 3785 1093 3842 ut
1110 3783 1176 3856 est,

289 3881 396 3956 Vidit
414 3880 645 3969 'turicremis
1043 3877 1045 3884 ’

138 3998 171 4070 in
187 4025 235 4070 r:
266 4011 315 4086 et,

174 4165 389 4244 ²ingeruotur]
408 4163 568 4222 inseruntur
581 4166 612 4224 P.
697 4168 875 4242 nunqnam]
893 4177 1037 4242 umquam
1054 4167 1085 4226 P.
1145 4163 1240 4226 bdac·

137 4245 197 4322 tyli]
215 4244 315 4304 dactili
330 4245 363 4303 P.
379 4257 409 4302 et
422 4244 463 4303 sic
475 4246 557 4304 infra.
624 4247 823 4325 cdiphtongo]
841 4245 1009 4326 dyptongon
1026 4247 1056 4305 Ρ.
1126 4243 1241 4306 ‘lbera-

137 4325 229 4401 metri]
244 4326 382 4385 exametri
396 4325 431 4383 P.
522 4325 655 4407 elongae]
673 4328 756 4406 longe
770 4328 802 4384 Ρ.
833 4369 846 4398 ,
888 4324 901 4368 ἲ
913 4327 1054 4403 spacium]
1070 4327 1193 4406 spatium
1209 4329 1241 4388 P.

138 4410 344 4546 iuffiiss]
362 4423 535 4484 quamquam
551 4408 583 4466 Ρ.
665 4405 784 4485 ¹quali]
800 4405 913 4485 qui-buzi
928 4411 959 4466 P.
1023 4405 1240 4482 ¹thuricremis]

268 4507 293 4546 u
334 4529 342 4544 .
