3124 5120
304 399 373 473 1³6
692 395 810 472 Marii
829 397 1010 472 Victorini
1251 421 1328 472 trs.
1343 421 1401 472 111.

616 1013 801 1098 LIBER
830 1015 1089 1100 TERTIUS

382 1225 446 1288 DE
470 1225 767 1290 CONJUNCTIS
792 1225 944 1289 INTER
967 1225 1021 1288 SE
1045 1226 1111 1289 ET
1135 1225 1315 1292 MIXTIS

571 1359 757 1424 METRIS
780 1359 1128 1424 PRAGMATICIS.

700 1598 993 1642 *-

766 1789 869 1870 Car.
892 1791 926 1871 Ι.

300 1915 578 2028 DECURSIS
604 1965 801 2024 metrorum
833 1975 896 2048 per
927 1975 1057 2023 novem
1084 1949 1220 2050 species
1246 1948 1396 2047 fastigiis

298 2069 556 2167 elementisque
582 2065 851 2167 principalibus,
867 2092 948 2163 quae
972 2066 1092 2140 Graeci
1117 2066 1306 2166 apuro‘ma,
1323 2067 1397 2140 vel-

298 2199 339 2256 ut
364 2185 498 2284 primas
520 2185 653 2282 figuras
675 2180 901 2281 appellando,
919 2182 1162 2269 nominarunt,
1184 2183 1319 2256 scilicet
1342 2209 1397 2254 ar·

297 2298 343 2373 tis
370 2298 520 2396 hujusce
544 2298 672 2397 prima,
699 2311 740 2370 ut
765 2297 815 2370 ita
841 2295 1007 2387 dixerim,
1030 2298 1179 2384 semina,
1202 2297 1393 2372 dicendum

297 2416 431 2490 dehine
448 2414 646 2490 secundum
666 2415 783 2514 ipsam
800 2412 998 2514 disciplinae
1015 2415 1191 2514 originem
1210 2427 1396 2488 consenta-

298 2560 406 2608 neum
433 2559 524 2620 reor,
539 2531 636 2630 lquae
654 2556 699 2604 ex
717 2529 844 2604 iisdem
863 2530 974 2604 veluti
996 2530 1156 2604 fontibus
1177 2529 1335 2604 derivata
1351 2529 1395 2602 ad

297 2647 580 2722 innumerabiles
607 2660 803 2720 metrorum
830 2646 977 2746 species,
996 2673 1092 2719 nunc
1118 2673 1182 2745 per
1206 2645 1396 2742 ssadjectio·

297 2791 394 2854 nem,
408 2790 505 2838 nunc
520 2762 792 2852 detractionem,
804 2777 866 2836 aut
876 2762 1227 2848 transmutationem,
1237 2762 1294 2835 vel
1311 2788 1396 2836 con·

268 2881 538 2954 reinnationem
558 2880 770 2980 processisse
788 2880 984 2954 videantur.
1024 2877 1075 2952 Et
1091 2876 1199 2951 hcum
1217 2904 1290 2950 non
1308 2903 1395 2975 que-

296 3015 359 3070 ant
375 2996 500 3070 omnia
516 2997 564 3068 ob
581 2995 783 3070 inmensam
804 2995 859 3069 sui
874 2995 1014 3094 copiam
1034 2993 1305 3094 comprehendi,
1321 2991 1394 3065 iut·

296 3126 381 3210 pote
408 3137 490 3184 cum
518 3111 591 3184 sint
620 3110 900 3185 innumerabiles
927 3113 1051 3211 figurae
1077 3109 1395 3210 compositionum,

296 3252 358 3299 seu
384 3251 472 3322 quas
499 3225 615 3325 prisca
641 3241 726 3300 oetas
751 3225 863 3314 dedit,
888 3253 951 3300 seu
977 3252 1066 3324 quas
1088 3253 1240 3324 sequens
1263 3225 1396 3298 aemula

297 3341 497 3414 imitatione
523 3339 761 3439 excogitando
788 3341 969 3440 produxit,
995 3355 1116 3414 tamen
1145 3366 1188 3414 cx
1220 3340 1276 3412 his
1306 3365 1394 3436 quas

297 3470 359 3528 aut
376 3457 543 3554 frequens
569 3482 654 3528 usus
675 3457 841 3546 celebrat,
859 3471 920 3530 aut
946 3457 1064 3558 potior
1089 3454 1281 3529 auctoritas
1306 3453 1395 3526 reci·

296 3572 428 3672 piendo
455 3573 699 3664 commendat,
729 3589 834 3672 prout
864 3591 990 3676 potero
1019 3575 1170 3650 sollicita
1204 3574 1395 3674 investiga-

296 3691 393 3762 tione
421 3689 668 3789 conprehensa
694 3689 927 3789 depromam:
965 3719 1038 3790 quo
1068 3692 1221 3766 subinde
1246 3718 1288 3765 ea
1314 3717 1394 3790 quac

295 3806 425 3880 fallunt
440 3805 534 3906 apud
553 3819 676 3902 poetas
702 3819 816 3879 metra
834 3809 1020 3910 preceptis
1040 3807 1239 3907 discipline
1264 3808 1396 3881 instru-

295 3920 397 3993 endis
415 3920 554 3994 facilius
581 3921 844 4020 intellegantur,
859 3949 930 4020 qua
947 3937 1144 3998 metrorum
1171 3923 1309 4024 origine
1334 3949 1395 3997 ex-

294 4051 384 4125 orta,
410 4064 482 4134 qua
509 4037 627 4136 specie
654 4041 806 4138 figurata
829 4053 891 4114 aut
918 4040 988 4112 situ
1015 4053 1219 4139 temporum
1245 4038 1395 4140 digesta,

265 4166 359 4234 3aut
375 4153 604 4252 copulatione
620 4181 783 4229 connexa
801 4153 999 4228 videantur.
1052 4153 1177 4227 Habet
1194 4155 1290 4228 enim
1319 4181 1395 4227 me-

294 4281 431 4342 trorum
446 4268 538 4342 inter
549 4295 586 4342 se
599 4269 691 4343 ratio
704 4295 883 4344 summam
897 4269 957 4343 ¹‘in
969 4271 1220 4370 cognoscendo
1231 4271 1394 4368 volupta-

336 4459 434 4538 lquse]
450 4459 516 4537 quia
531 4460 565 4519 P.
629 4460 860 4542 fladjectionem]
878 4461 1067 4520 adfectionem
1084 4463 1115 4519 P.
1179 4461 1344 4540 hcuni]qi'1
1361 4463 1392 4519 Ρ.

293 4538 302 4580 ¹
316 4542 427 4619 utpote]
445 4555 543 4619 utpute
557 4541 589 4599 Ρ.
672 4539 688 4584 ἱ
702 4543 731 4600 in
746 4543 959 4621 cognoscendo]
972 4541 1145 4623 ignoscendo
1160 4544 1190 4602 P.
