3012 5084
9 299 10 336 ἒ
113 377 197 428 cnr.
211 353 256 428 6.
378 355 441 428 De
457 355 724 428 Enunliotione
744 355 982 428 Litteruntm.
1185 367 1234 448 39

114 539 250 628 mitur,
267 537 332 610 sed
358 551 396 611 et
418 563 528 614 omne
551 565 683 638 corpus
704 541 929 633 verberatum
956 553 992 612 ct
1019 537 1232 640 ¹’inpulsum

115 679 257 727 sonum
288 655 448 728 conlissae
478 655 576 730 vocis
610 655 724 742 dabit,
753 669 790 728 et
819 655 990 754 equidem
1022 655 1159 729 varium
1192 683 1234 730 sc

117 767 371 868 multiplicem
396 797 460 869 pro
477 771 653 868 qualitate
674 769 873 872 plagarum.
924 771 1096 846 Diximus
1122 773 1260 872 igitur3

118 887 268 958 litteras
286 885 324 956 in
342 885 432 957 duas
449 887 599 986 species,
617 885 653 958 id
671 899 736 975 est,
755 888 894 961 vocales
912 903 1232 986 consonantesque,

117 1001 336 1074 ddiscerni:
362 1027 514 1098 quarum
534 1003 632 1088 alias,
651 1003 727 1076 sine
744 1003 900 1102 equibus
914 1005 1049 1103 syllaba
1063 1005 1156 1078 coire
1170 1005 1231 1078 vix

119 1131 262 1218 potest,
279 1119 440 1203 vocalem
467 1118 564 1204 alias,
582 1145 666 1216 quae
685 1119 885 1217 conjunctae
911 1120 1152 1220 superioribus
1170 1145 1233 1192 vo-

120 1233 176 1306 cis
200 1257 334 1305 sonum
363 1233 544 1329 adjuvent,
570 1247 607 1306 ct
632 1259 775 1308 sensum
803 1235 950 1308 auribus
976 1257 1021 1308 ex
1048 1235 1233 1334 utriusque

122 1347 389 1444 conjunctione
405 1349 505 1421 velut
532 1349 718 1447 geminum
741 1351 900 1439 afferant,
917 1365 1155 1424 consonantes
1173 1351 1233 1424 ad·
1309 1379 1312 1384 ’

122 1463 276 1564 pellani:
314 1489 375 1536 cas
405 1489 548 1560 quoque
577 1463 613 1536 in
642 1463 731 1537 duas
764 1481 895 1565 partes,
922 1465 958 1538 id
992 1481 1058 1555 est,
1083 1469 1261 1540 semino-⁴

123 1581 224 1653 cales
242 1593 450 1677 mutasque,
466 1579 479 1626 ¹
487 1579 613 1680 digeri,
631 1605 652 1653 e
669 1581 772 1678 queis
789 1581 1021 1654 semivocales
1039 1583 1075 1655 in
1093 1595 1113 1644 t
1122 1609 1234 1656 enun-

124 1697 280 1769 tiatione
315 1698 460 1795 propria
494 1723 554 1768 ore
588 1696 781 1770 semicluso
815 1711 992 1796 strepunt,
1027 1715 1138 1773 mutae
1169 1725 1233 1772 au-

124 1829 202 1885 tem
221 1839 293 1885 nec
310 1813 384 1884 ictu
411 1813 481 1884 oris
506 1839 572 1885 nee
597 1813 729 1910 linguae
747 1813 827 1884 nisu
853 1841 982 1887 sonum
1009 1815 1142 1888 ¹¹edere
1165 1816 1231 1888 nisi

126 1929 334 2024 conjunctae
351 1929 535 2000 vocalibus
560 1945 710 2024 queunt.
754 1927 872 2026 igitur
893 1931 1044 2028 singulae
1068 1957 1139 2028 qua
1162 1931 1260 2004 oriss

128 2043 242 2115 nostri
265 2041 350 2115 sede
373 2058 568 2138 conceptae,
584 2067 658 2140 quo
680 2043 806 2142 spiritu
830 2044 956 2117 nisuve
981 2046 1155 2134 formate,
1172 2073 1233 2118 vo·

129 2159 181 2231 cis
206 2185 282 2231 suae
304 2157 379 2231 vim
405 2171 694 2259 potestatemque
718 2159 936 2258 exprimant,
954 2173 994 2232 ut
1019 2173 1155 2258 potero,
1172 2185 1234 2234 ex·

132 2273 286 2371 plicabo.

180 2389 221 2460 A
241 2387 363 2461 littera
379 2389 470 2462 rictu
489 2389 626 2488 patulo,
639 2413 813 2487 suspensa
827 2415 945 2486 neque
958 2389 1132 2488 impressa
1148 2389 1261 2462 den-⁶

133 2503 228 2574 tibus
247 2501 391 2601 'lingua
408 2503 653 2578 *enuntiatus

183 2615 231 2704 E,
260 2643 343 2717 quae
370 2621 543 2716 sequitur,
572 2618 751 2718 ¹represso
782 2621 922 2694 modice
949 2621 1038 2694 rictu
1070 2622 1153 2712 oris,
1182 2645 1262 2695 νεα

136 2733 323 2831 ductisque
339 2735 533 2808 introrsum
554 2735 656 2807 labiis
674 2736 826 2809 effertur.

186 2851 217 2938 1,
236 2851 430 2924 semicluso
455 2875 527 2938 ore,
543 2850 800 2949 impressisque
816 2851 949 2924 sensim
976 2851 1100 2950 lingua
1119 2851 1262 2925 denti-⁸

138 2967 216 3055 bus,
233 2991 357 3040 vocem
379 2967 489 3039 dabit.

191 3077 236 3170 O,
247 3095 288 3154 ut
301 3081 353 3170 Ε,
371 3081 556 3179 geminum
571 3081 669 3155 vocis
687 3107 829 3167 sonum,
843 3109 909 3181 pro
921 3081 1127 3156 conditione
1145 3099 1262 3156 tem-9

141 3195 243 3292 poris,
266 3197 415 3296 promit,
437 3197 530 3268 unde
551 3198 646 3270 inter
670 3211 808 3270 nostras
830 3199 970 3272 vocales
990 3231 1010 3288 η
1032 3213 1069 3270 et
1091 3231 1112 3270 ω
1136 3199 1236 3272 Grae-

142 3335 273 3396 comm,
285 3325 327 3384 ut
340 3337 581 3410 supervacuae‚
594 3315 841 3412 praetermissae
855 3327 958 3387 sunt:
985 3313 1094 3413 igitur
1107 3325 1159 3388 ΙΙΙο
1172 3315 1233 3413 qui

179 3537 378 3619 limpulmm]
396 3541 541 3620 inpulsum
555 3545 587 3603 P.
679 3546 835 3622 Quidem]
851 3547 927 3623 quod
941 3549 973 3605 P.
1066 3547 1231 3626 ddiscerni]

142 3621 249 3680 dsoemi
263 3623 296 3681 P.
370 3626 514 3700 equibus]
530 3624 594 3702 quis
608 3625 638 3682 P.
720 3625 734 3668 f
745 3627 972 3706 digeriequais]
989 3627 1191 3708 diceresquis
1205 3633 1234 3690 P.

144 3703 175 3758 ln
191 3723 277 3782 sarug.
291 3715 360 3762 sote
374 3707 403 3760 id
417 3715 466 3768 est.
478 3705 691 3782 conspiciuntur
704 3708 761 3766 duo
774 3721 880 3785 puncta
893 3707 934 3766 siu
957 3749 964 3764 .
985 3751 992 3764 .
1073 3713 1235 3769 &enuntia-

143 3781 228 3857 tione]
244 3783 442 3843 enuntiatione
456 3785 486 3842 P.
568 3782 699 3862 ¹²sedere]
716 3789 800 3846 edere
814 3790 844 3846 P.
858 3787 907 3864 qui
922 3801 988 3846 ante
1000 3809 1024 3846 r.
1036 3807 1094 3866 seq.
1105 3789 1134 3846 in
1147 3811 1234 3869 marg.

142 3881 220 3956 ponit
233 3881 349 3940 obelum
364 3913 423 3940 -.
500 3879 509 3924 i
525 3881 634 3962 lingua]
650 3875 753 3961 lingui
768 3885 799 3942 P.
889 3881 1103 3961 bonomium]
1121 3887 1235 3946 nuntia·

143 3963 229 4019 turl'.
313 3959 523 4040 treprsnsmo]
539 3979 665 4040 represso
680 3965 710 4021 P.
795 3964 991 4042 ¹¹¹oqui]qui
1006 3967 1038 4022 P.

179 4161 206 4218 5.
219 4145 307 4201 cdere
316 4141 480 4216 conjunctu]
499 4143 572 4222 lego,
581 4146 668 4201 erdere
750 4161 777 4218 7.
807 4145 991 4222 reprehenso]
1022 4145 1114 4223 legere
1137 4149 1234 4207 malim

142 4225 189 4280 sisi
209 4223 361 4297 conjuncte
374 4225 488 4280 accolit».
519 4223 667 4281 Terentia·
707 4243 772 4282 cum
798 4223 971 4282 Terentiano
995 4227 1127 4301 demesso.
1179 4229 1235 4288 Sed

144 4321 200 4370 nus,
226 4305 342 4362 Vocolia
372 4307 471 4360 netum
498 4306 550 4360 nisi
565 4303 666 4376 juncto
708 4305 777 4362 nibil
800 4317 888 4364 muto.
936 4304 1010 4363 Vide
1030 4307 1234 4368 Terentianum

142 4383 307 4444 dineroriru.
338 4383 474 4444 COMM.
522 4383 570 4441 Sic
591 4384 668 4442 dedit
709 4385 1049 4461 p.10.r.22.(v.116.)
1073 4389 1205 4446 COMM.

146 4461 297 4524 Putseltitts.
