3082 5140
314 413 388 474 eoo
794 395 953 496 Rufinus

315 595 338 626 ‘⁴
354 609 398 658 sn
426 581 534 682 longa
550 581 607 658 sit
649 581 737 656 lam
763 579 907 682 '‘paean,
924 581 1021 680 quod
1046 585 1166 681 plures
1185 581 1300 656 habet
1317 583 1419 682 sylla-

315 708 338 742 “
356 699 432 785 bas,
457 723 629 772 numerus
655 723 676 770 a
701 695 932 794 quibusdam,
957 723 1030 770 non
1058 721 1121 796 pes
1146 695 1420 770 ¹existimatur.'

315 811 420 886 Idem
436 809 566 884 Cicero
583 809 619 884 in
637 808 802 908 Dialogis
823 809 869 884 de
893 809 1096 910 Republica
1115 811 1229 884 multa
1246 811 1355 898 dicit,
1372 839 1420 884 re·
1523 805 1524 832 ³

314 927 431 1000 ferens
448 925 602 1000 Asianos
627 937 784 1000 oratores
806 923 1003 998 ditrochaeo
1020 925 1196 998 clausulas
1213 927 1420 1000 terminare.

270 1067 302 1130 3⁶
364 1042 603 1118 Terentianus
616 1040 661 1116 de
675 1041 821 1130 cretico,
832 1041 902 1115 hoc
915 1053 970 1114 est
985 1038 1031 1113 de
1044 1039 1297 1140 amphimacro
1316 1043 1419 1142 pede,

315 1161 367 1234 sic
382 1157 492 1234 dicit:

359 1293 507 1380 Optimus
517 1311 575 1378 pes
584 1299 615 1354 et
626 1289 755 1354 meldis
768 1298 799 1354 et
814 1287 984 1376 opem
993 1287 1122 1376 gloriae.

359 1393 540 1460 Plnrs'snum
553 1401 682 1458 orontes
694 1390 959 1478 derelinquendo
973 1402 1077 1477 npene
1089 1391 1126 1452 tn
1140 1387 1252 1454 ultim

360 1498 487 1562 Obtinaet
499 1495 600 1562 eadm
614 1495 747 1572 bectens,
763 1495 909 1558 terminet
921 1495 951 1558 ci
964 1491 1140 1556 mandam

358 1599 527 1688 Dactylsss,
541 1597 697 1686 spondeus
711 1597 839 1670 ⁰imnm,
854 1615 910 1658 nec
925 1593 1092 1660 trocheum
1106 1614 1230 1680 respuo.

359 1701 513 1766 Bacchias
527 1699 806 1786 ntrosqroefigitm
821 1717 877 1760 nec
891 1697 1017 1782 reftllos
1031 1695 1250 1782 Ptrihroclyu.

359 1801 448 1866 Num
461 1801 537 1865 solet
550 1799 680 1886 longm
694 1797 847 1862 truchmss
861 1798 1001 1862 neotum
1015 1799 1051 1861 in
1065 1797 1148 1862 duas
1161 1797 1278 1862 breues.

362 1903 453 1970 Unde
466 1913 496 1968 rt
509 1903 669 1991 appellent
683 1900 866 1978 hochceum,
880 1919 971 1988 pacm
986 1920 1133 1964 vocamus
1147 1900 1347 1988 tribrachys,

359 2007 493 2072 Pensm
507 2013 665 2070 nacnror
678 2003 767 2067 istud
781 2011 865 2066 ‘orte
878 2011 908 2066 rt
918 2021 1019 2088 prosa
1032 2001 1201 2066 rhetonrm.

270 2151 301 2204 ³7
366 2131 558 2232 Pompeius
587 2129 805 2204 Messalinus
823 2127 868 2202 de
890 2129 1050 2202 numeris
1068 2141 1105 2201 et
1129 2127 1283 2228 pedibus
1301 2141 1420 2200 orato-

315 2273 395 2321 rum
408 2247 460 2320 sic
471 2245 580 2318 dicit:
599 2244 755 2318 “Cicero
768 2243 968 2345 spondeum
983 2243 1103 2319 incisis
1118 2245 1290 2317 idoneum
1302 2259 1419 2344 putat,

316 2373 338 2406 ‘⁴
357 2361 417 2462 qni
439 2363 515 2458 (¹ut
532 2362 596 2455 ait)
616 2361 832 2461 paucitatem
862 2359 996 2460 pedum
1017 2361 1191 2460 gravitate
1212 2387 1277 2433 sua
1296 2374 1332 2432 et
1350 2375 1420 2433 tar·

315 2477 469 2552 “ditate
494 2491 717 2576 compensat.
767 2475 992 2550 Dochmium
1021 2489 1146 2575 aptum
1176 2475 1265 2549 dicit
1291 2476 1419 2572 quovis

316 2601 339 2634 “
357 2591 438 2664 loco
459 2617 535 2664 esse
556 2589 644 2664 dum
672 2593 783 2666 semel
811 2605 974 2692 ponatur,
997 2592 1171 2690 quoniam
1199 2590 1419 2664 continuitas

317 2717 340 2749 “
358 2731 549 2779 numerum
591 2732 757 2806 asperum
802 2706 957 2780 efficiat:
996 2705 1234 2780 ditrochaeum
1272 2731 1420 2804 quoque

317 2831 340 2864 ‘⁴
357 2821 526 2922 praeclare
551 2821 701 2895 cadere:
741 2823 898 2922 palmam
925 2821 971 2895 de
998 2824 1167 2895 omnibus
1195 2823 1331 2896 cretico
1357 2824 1422 2894 tri-

316 2947 339 2978 “
358 2937 467 3010 buit.”
492 2937 586 3010 Item
602 2935 647 3010 de
660 2935 874 3011 Sallustiana
892 2937 1156 3036 compositione
1173 2937 1248 3010 sive
1265 2963 1421 3010 numero

316 3065 353 3124 et
370 3066 548 3125 structura
561 3051 612 3125 sic
624 3049 732 3125 dicit:
761 3063 784 3095 “
803 3051 936 3126 ‘Nunc
954 3054 983 3125 si
1001 3053 1175 3144 videatur,
1192 3053 1420 3126 Sallustianae

316 3179 340 3210 “
359 3167 493 3266 periodi
518 3195 686 3240 numeros
704 3167 950 3268 inspiciamus.
994 3171 1070 3244 Res
1092 3197 1202 3268 popu,
1228 3169 1418 3269 dactylus:

314 3293 338 3326 ‘⁸
358 3283 437 3372 liro,
455 3285 564 3374 mani,
580 3281 723 3374 Marco,
742 3299 813 3357 tres
830 3285 991 3384 spondei.
1020 3284 1173 3383 Lepido,
1191 3299 1418 3384 anapaestus:

317 3409 340 3440 “
362 3397 502 3475 Quinto
523 3397 665 3487 Catulo,
683 3399 863 3498 spondeus
889 3413 926 3474 et
951 3413 1173 3501 anapestus:
1200 3399 1419 3488 consulibus,

317 3521 340 3552 ‘⁶
358 3537 460 3609 paenn
480 3513 638 3610 primus:
664 3541 707 3588 ac
724 3515 859 3601 deinde,
877 3515 1065 3589 dichoreus
1089 3515 1162 3588 sive
1179 3513 1417 3587 ditrochaeus:

316 3637 339 3670 “
357 3623 478 3713 militi,
491 3623 676 3724 dactylus:
704 3657 732 3703 ω
747 3630 853 3719 domi,
870 3631 1046 3704 creticus:
1070 3639 1198 3730 gestas
1214 3629 1418 3729 spondeus:

315 3755 338 3789 “
358 3742 549 3842 composui,
566 3741 798 3818 choriambus
816 3771 862 3818 ex
887 3745 994 3846 longa
1012 3759 1047 3819 et
1073 3745 1182 3834 brevi,
1199 3759 1235 3818 et
1259 3746 1356 3818 brevi
1381 3760 1419 3818 ct

270 3873 338 3941 ³8“
357 3859 493 3962 longa.”

364 3977 515 4052 lCicero
550 3975 596 4050 de
625 3977 887 4078 compositione
926 3975 1186 4050 Demosthenis
1224 3976 1276 4048 sic
1310 3973 1416 4048 dicit:

357 4129 482 4210 lpaean]
500 4155 581 4214 paeon
597 4135 670 4196 Ven.
764 4131 976 4210 ¹existimatur]
993 4133 1149 4193 estimetur
1162 4133 1235 4191 Ven.
1327 4143 1352 4174 Β
1367 4151 1402 4210 pe

319 4210 420 4285 destri]
437 4215 574 4290 pedestris
588 4216 662 4275 Ven.
743 4226 759 4258 ¹¹
774 4233 847 4295 pene
861 4215 890 4274 in
905 4213 1007 4274 ultimo
1021 4214 1145 4288 obtinet]
1165 4211 1293 4290 penultio
1308 4211 1419 4289 optinet

319 4289 392 4347 Ven·
515 4293 644 4371 ulmam]
661 4315 718 4354 una
733 4296 805 4355 Ven.
938 4293 1141 4372 scribrachyn]
1157 4291 1330 4350 tribrachum
1344 4293 1418 4348 Ven.

319 4379 335 4424 (1
349 4369 470 4446 solvere]
486 4391 543 4430 om.
557 4375 633 4434 Ven.
716 4389 728 4421 r
742 4389 802 4434 arte
815 4387 845 4434 et
857 4395 915 4434 ons.
930 4376 1003 4432 Ven.
1018 4383 1044 4432 et
1058 4393 1117 4432 om.
1132 4372 1197 4431 Ald.
1289 4381 1302 4414 ¹
1317 4383 1349 4429 ut
1363 4371 1415 4446 ait]

317 4461 367 4507 aut
382 4450 455 4507 Ven.
547 4453 559 4495 2
573 4455 700 4530 nuncsi]
719 4475 836 4514 nurnero
849 4457 891 4514 sic
904 4455 976 4512 Ven.
1071 4465 1085 4496 v
1099 4451 1214 4529 Cicero]
1230 4452 1312 4510 Orat.
1326 4469 1352 4511 c.
1369 4467 1417 4526 70.

318 4528 527 4590 Cicero-dicit
540 4549 597 4588 om.
612 4533 685 4590 Ven.
