3100 5142
283 405 357 484 290
706 385 965 462 MariiPlotii

283 573 460 673 exemplis
488 571 711 646 docebimus.
761 571 907 646 Cadunt
931 583 1056 646 tamen
1083 569 1144 644 bin
1174 571 1243 644 hoc
1269 583 1397 644 metro

284 705 321 766 et
346 689 474 790 bippii,
496 689 534 762 id
558 703 614 762 est
638 687 786 790 epitriti,
808 701 845 762 et
870 687 992 776 ionici,
1016 701 1055 762 et
1076 687 1325 775 choriambici,
1351 701 1399 760 et

285 805 438 882 bacchii.

259 1075 272 1110 ι
377 1029 442 1104 De
457 1029 612 1104 dinem
628 1027 865 1126 antispastico
881 1025 1085 1100 acatalecto
1107 1025 1295 1127 Glycerio.

335 1179 627 1276 Antispasticum
644 1175 885 1250 acatalectam
898 1177 1091 1252 dimetrum
1113 1177 1331 1276 Glyooaiam
1345 1179 1395 1250 fit

287 1294 460 1396 spondeo,
477 1295 619 1368 dnobus
637 1293 842 1393 trisyllabis,
859 1291 1015 1392 dactylo,
1032 1307 1069 1366 et
1086 1293 1348 1394 amphimacro,

587 1407 699 1506 adapes
716 1407 793 1505 ἡνίχ’
811 1412 826 1482 i
842 1405 1001 1504 μαινὸλης.

590 1526 647 1591 Sic
660 1533 689 1588 te
702 1525 778 1588 diva
788 1531 902 1610 poleas
917 1525 1029 1610 Cypri.

290 1635 376 1712 Hoc
393 1635 531 1710 ‘differt
547 1663 567 1708 a
585 1633 766 1734 Glyconio
782 1631 939 1731 dactylo,
956 1631 1053 1732 quod
1077 1630 1178 1720 illud,
1195 1633 1288 1706 sicut
1305 1645 1392 1706 ante

289 1751 450 1840 tractavi,
467 1749 629 1850 spondeo
646 1762 787 1822 constat
803 1761 841 1820 et
856 1747 1000 1822 duobus
1017 1747 1190 1848 dactylis;
1218 1747 1288 1821 hoc
1305 1773 1392 1820 vero

289 1863 450 1966 spondeo
466 1863 660 1962 trisyllabis
677 1863 911 1962 quibuslibet.
947 1865 1069 1938 Potest
1086 1877 1209 1938 tamen
1227 1877 1264 1937 et
1281 1891 1393 1964 spon-

289 1979 358 2054 deo
374 1993 410 2054 et
427 1979 637 2053 choriambo
654 2005 865 2078 percussum
886 1979 1003 2056 facere
1029 1994 1185 2055 metrum
1204 1981 1394 2080 Asclepia-

289 2096 410 2186 deum,
427 2095 521 2170 sicut
538 2109 621 2170 ante
638 2093 757 2170 docui.

503 2195 562 2260 Sic
576 2203 605 2258 te
618 2195 696 2260 diva
707 2207 818 2282 poteras
834 2197 948 2284 Cypri.

261 2451 277 2498 a
416 2429 481 2504 De
492 2429 809 2529 peatlrcmimerico
826 2429 1031 2504 dochmiaco
1047 2401 1265 2528 AEaclryleo.

340 2563 636 2662 Antiapasticam
655 2559 1018 2659 penthemimericam
1043 2561 1290 2635 dochmiacam
1310 2559 1394 2634 AE-

290 2678 473 2780 sclryleura
491 2681 533 2752 lit
548 2677 758 2777 antispasto,
778 2677 903 2777 lrippio
921 2677 1090 2766 seeundo,
1106 2691 1142 2750 et
1159 2676 1348 2776 disyllabo.

508 2793 571 2868 Qut
582 2802 714 2858 ommate
729 2801 758 2856 te
770 2791 786 2837 ‘¹
796 2795 898 2880 coegit
912 2794 1001 2858 darc.

263 3069 280 3117 4
385 3028 449 3102 De
466 3027 669 3102 dochmiaco
686 3028 853 3102 trimetro
870 3027 1082 3102 catalectico
1101 3025 1300 3128 Euripidio

732 3145 947 3241 antespasto.

341 3303 633 3401 Antispastieam
658 3304 905 3378 daclrmiacam
923 3303 1158 3402 Euripidiam
1184 3305 1394 3378 trimetm

292 3418 546 3492 catalecticum
562 3421 604 3492 lit
621 3419 831 3518 antispasto,
847 3419 1057 3510 ditrochaeo,
1073 3419 1332 3519 amphimacro.

508 3533 645 3596 Decreta
659 3535 769 3600 Masis
782 3557 898 3600 carossa
906 3535 1046 3622 polclsra
1059 3557 1126 3598 rrae.

265 3789 279 3838 5
370 3741 432 3816 De
448 3740 786 3840 lepltlremimerico
803 3746 1041 3843 antbpastim
1059 3742 1309 3818 Pherecratio.

342 3893 635 3992 Antispasticum
657 3892 1036 3990 lrepbtlsemimerieam
1053 3893 1335 3969 Pherecratiam
1353 3896 1397 3968 lit

295 4011 422 4111 bippio
439 4023 577 4108 quarto,
603 4009 729 4110 hippio
755 4011 885 4110 primo,
901 4009 1069 4111 ddhippio
1092 4011 1208 4096 tertio,
1235 4011 1396 4111 spondeo

293 4129 349 4202 vel
367 4125 537 4212 trochaeo,

380 4250 478 4314 Nunc
492 4257 521 4314 te
536 4249 658 4314 Bacche
671 4269 794 4327 canam,
809 4271 865 4314 aec
879 4271 943 4314 aori
956 4247 1121 4313 silvestria
1135 4256 1244 4312 uorem.

335 4433 401 4494 bet
421 4437 450 4492 ia
475 4435 526 4492 boc
547 4443 634 4492 metro
660 4435 746 4508 lippit
768 4433 803 4491 L.
905 4432 1033 4507 ediffert
1059 4431 1191 4509 Glyconio
1213 4433 1339 4508 dactylas
1360 4431 1395 4488 L.
1538 4455 1539 4463 ¹

295 4515 312 4561 ‘¹
326 4519 434 4600 coegit]
452 4519 523 4590 cogit
537 4515 571 4572 L.
666 4509 697 4554 (Μ
712 4513 809 4572 Potius
823 4515 911 4570 ionico
924 4531 941 4569 a
955 4511 1065 4585 majore.
