3012 5084
320 371 341 428 2
705 357 827 430 Marii
847 357 1034 430 Victorini
1300 375 1401 424 Lm.
1429 373 1464 422 t.

290 541 455 635 ὀγητικὴν,
465 551 572 637 atque
585 542 745 638 ὅριστικήν.
767 542 858 623 Quae
872 555 926 612 est
938 539 1142 636 Ῑέξηγητικῆῗ
1161 539 1253 620 Quae
1266 549 1457 610 enarrat.

319 655 412 738 Qure
438 658 600 752 ὁριστικήῗ
628 657 721 740 Quae
743 653 898 730 iclefinit.
936 657 990 730 Ut
1014 655 1165 729 Varroni
1193 655 1330 753 placet,
1350 651 1458 724 Ars

316 771 657 870 grammaticaque
668 799 692 844 n
703 772 803 844 nobis
816 771 1030 845 litteratura
1041 771 1187 858 dicitur,
1197 770 1366 842 scientia
1382 777 1453 839 est

321 912 452 973 urunt,
470 912 547 984 qua
564 913 587 959 a
601 889 729 983 poetis,
746 887 940 976 historicis,
957 887 1232 984 oratoribusque
1245 885 1451 957 dicuntur

293 1029 305 1080 r
321 1028 365 1073 eu
377 1011 489 1098 purte
500 1001 647 1100 menore.
673 1001 763 1096 Ejus
777 1003 958 1101 praecipua
971 1003 1087 1076 officia
1101 1017 1185 1074 sunt
1198 1013 1377 1098 quatuor,
1397 1013 1446 1070 ut

322 1117 387 1216 ipsi
414 1117 543 1214 placet,
565 1119 731 1206 seribere,
749 1118 876 1216 legere,
899 1116 1130 1216 ¹intellegere,
1147 1117 1313 1215 probare.
1378 1113 1445 1186 Ut

321 1231 481 1304 Aristoni
500 1234 629 1327 placet,
651 1233 900 1307 Grammatico
917 1243 973 1306 est
986 1231 1139 1306 scientia
1151 1241 1280 1329 poetas
1298 1239 1339 1302 et
1355 1229 1445 1302 luis-

322 1345 455 1418 toricos
472 1345 695 1446 intellegere,
707 1344 876 1446 formam
897 1347 1083 1444 precipue
1098 1345 1267 1445 loqueum
1287 1344 1343 1416 ad
1366 1370 1442 1416 ra-

322 1459 455 1533 tionem
480 1471 515 1534 et
541 1462 832 1536 cousuetudinem
857 1463 1030 1560 dirigens.
1082 1459 1265 1562 Definitio
1292 1468 1361 1548 est,
1389 1473 1440 1530 ut

323 1573 372 1646 sit
390 1575 529 1660 Cicero,
547 1603 625 1676 qua
642 1577 732 1676 qnid
751 1579 810 1665 sit,
828 1578 959 1675 dequo
976 1577 1116 1676 agitur,
1133 1575 1290 1650 ostendit
1313 1599 1436 1672 quam

324 1689 540 1764 brevissime.

656 1847 758 1926 Cae.
781 1845 840 1926 ΙΙ.
889 1847 954 1926 De
979 1845 1086 1926 Voce.

374 1987 456 2060 Vox
480 2001 535 2060 est
562 2013 620 2059 aer
649 1987 741 2060 ictus
768 1988 893 2060 auditu
924 1986 1154 2088 percipibilis,
1179 1999 1355 2083 quantum
1384 1984 1425 2054 in

325 2103 404 2201 ipso
438 2115 502 2174 est.
554 2102 670 2175 Graeei
698 2103 874 2199 qualiter?
917 2105 974 2201 ἀὴρ
1009 2103 1248 2196 mummulus
1277 2097 1427 2187 αἰσθητὸς

297 2219 401 2318 «ἀκοῇ
417 2217 484 2290 ὅσον
501 2218 551 2308 ἐφ’
568 2219 662 2317 ἑαυτῷ
679 2219 773 2291 ἐστιν.
815 2217 924 2290 Vocis
945 2218 1070 2290 formae
1096 2230 1181 2289 sunt
1202 2215 1304 2298 duae3
1331 2215 1426 2286 arti-

325 2331 459 2422 culnto,
476 2346 513 2405 et
531 2331 689 2432 confusa.
734 2332 947 2406 Articuloto
963 2347 1029 2421 est,
1045 2359 1127 2431 quae
1152 2329 1272 2404 audita
1289 2329 1423 2402 intelli-

326 2447 423 2545 gitur
439 2461 474 2518 et
493 2447 669 2533 scribitur,
686 2460 722 2520 et
740 2447 819 2520 ideo
837 2475 857 2520 a
875 2448 1052 2547 plerisque
1069 2445 1277 2544 euplonuta,
1296 2472 1315 2517 a
1332 2471 1422 2516 non-

296 2561 432 2633 tnullis
459 2561 701 2662 intelligibilis
724 2563 865 2635 dicitur.
917 2563 1025 2635 Hanc
1044 2562 1160 2635 Graeci
1188 2560 1273 2659 quid
1300 2559 1421 2658 appel-

325 2676 425 2749 lant?
453 2677 581 2776 ἔναρθρον
605 2681 712 2770 φωνήν.
764 2678 887 2774 Hujus
908 2693 1029 2751 autem
1058 2679 1192 2777 species
1209 2691 1298 2774 quot
1314 2675 1417 2748 sunt?

325 2791 433 2865 Dnae.
477 2794 592 2876 Quae?
627 2793 723 2866 Natu
752 2810 814 2868 aut
843 2795 983 2867 musico
1017 2807 1082 2878 est,
1108 2821 1188 2890 quae
1214 2793 1310 2865 tibiis
1339 2792 1413 2863 nvel

325 2909 413 2980 tuba
430 2908 600 2997 redditur,
618 2923 679 2983 aut
695 2909 858 3008 quolibet
873 2935 1028 3007 organo;
1056 2923 1119 2982 aut
1131 2909 1335 2996 communis,
1346 2933 1415 3006 qua

298 3025 529 3122 rpromiseue
554 3051 681 3098 omnes
712 3041 872 3099 utuntur.
915 3022 1079 3126 Cmrsusu
1103 3039 1225 3097 autem
1253 3039 1315 3114 est,
1337 3049 1413 3120 quae

327 3137 416 3210 nihil
431 3139 525 3209 aliud
541 3166 651 3234 quam
665 3139 888 3239 ⁰sirnplicem
904 3141 1001 3214 vocis
1015 3167 1142 3213 sonum
1157 3140 1301 3229 emittit,
1314 3153 1350 3213 ut
1361 3153 1413 3212 est

327 3251 409 3347 equi
438 3251 611 3340 hinnitus,
628 3253 754 3351 anguis
780 3255 917 3344 sibilus,
943 3256 1100 3355 plausus,
1120 3255 1260 3344 stridor,
1276 3269 1310 3328 et
1332 3268 1412 3327 Pee-

300 3381 404 3438 stera
422 3366 477 3438 his
495 3367 635 3439 similia.
686 3368 759 3440 Alii
777 3395 871 3458 eam,
889 3397 969 3467 quae
987 3372 1119 3445 dicitur
1138 3372 1176 3444 in
1200 3399 1266 3444 usu
1287 3371 1413 3444 articu-

330 3481 433 3568 laris,
455 3479 650 3555 litteralem
668 3482 848 3574 dixerunt,
866 3499 905 3558 ut
927 3487 1086 3577 nomina,
1107 3489 1226 3575 verba,
1247 3487 1409 3574 adverbia,

299 3608 366 3670 tet
383 3612 516 3670 ceteras
542 3609 681 3696 spartes
706 3599 886 3672 orationis.
938 3602 1060 3674 Omne
1085 3616 1204 3675 autem
1227 3601 1410 3700 explanati-

368 3783 679 3861 inmens-sumt]
696 3783 1000 3863 ἐξηγητικὴν-ὅριστικῆν
1010 3791 1041 3846 P.
1096 3787 1106 3844 l
1123 3790 1234 3863 definit]
1247 3787 1367 3846 definitur
1377 3789 1406 3846 P.

328 3864 337 3908 ¹
358 3865 527 3944 intelligere]
551 3865 715 3944 intellegere
737 3868 769 3925 P.
791 3879 821 3924 et
845 3867 884 3925 sic
904 3888 988 3926 mox:
1012 3869 1063 3928 sed
1081 3889 1143 3946 cap.
1168 3890 1227 3946 seq.
1250 3867 1406 3946 intelligitur.

329 3957 353 3988 ¹¹²
366 3947 531 4018 πεπληγμένος
543 3947 616 4020 ἀκοῇ]
629 3959 795 4020 πεπληγμενος
808 3953 923 4018 atrimae
935 3975 1001 4006 ακονι
1015 3951 1047 4008 Ρ.
1110 3961 1124 3992 ¹¹
1141 3950 1181 4007 vel
1198 3952 1278 4024 tuba]
1295 3950 1363 4006 [tuba
1377 3949 1405 4005 P.

329 4025 531 4104 ⁰simplicenr]
549 4026 667 4104 simplex
682 4027 713 4084 P.
775 4029 918 4102 tenura]
933 4042 1027 4088 cetera
1042 4031 1074 4090 P.
1089 4033 1172 4088 etsie
1186 4030 1261 4088 alibi.
1326 4040 1406 4086 tora·

329 4107 415 4165 tionis
428 4110 536 4183 partes]
552 4120 644 4186 partes
658 4107 793 4166 orationis
806 4109 838 4166 P.

371 4253 579 4328 6littetatura]
608 4257 741 4312 litteralia
764 4255 854 4314 lsido-
898 4255 961 4333 Ego
976 4255 1070 4314 addidi
1084 4275 1177 4314 eorum
1197 4275 1261 4313 cum
1284 4253 1403 4332 Scaligeto

330 4353 376 4392 rus
390 4333 471 4411 Orig.
487 4335 510 4390 l.
525 4353 553 4408 3.
569 4354 603 4392 ex
618 4335 753 4392 Varrone.
898 4334 922 4391 F
924 4355 979 4414 reg.
995 4337 1075 4393 Vurr.
1091 4357 1118 4413 p.
1134 4355 1177 4412 ¹9·
1192 4337 1237 4394 ed.
1250 4335 1332 4393 Dnrd.

370 4415 809 4489 ib.seientioest]intelligenclivel
820 4417 857 4474 si·
940 4435 955 4490 7
972 4415 1088 4491 Cicero]
1105 4418 1187 4474 Oret.
1201 4437 1226 4476 c.
1243 4435 1290 4491 33.

330 4494 397 4552 mile
410 4493 476 4572 quid
491 4495 579 4552 deest.
593 4495 855 4555 TERHAERIUS.
