2980 5142
48 388 167 438 cuv.
185 379 264 440 34.
434 369 498 442 De
514 397 683 444 uersuum
699 377 902 472 generibus.
1133 395 1198 470 ⁴9¹

416 549 505 614 Vides
519 559 556 614 ul
569 550 638 616 alla

55 657 154 732 tale
177 671 260 750 cst,
276 659 383 756 quale
400 659 488 734 illud
506 660 543 733 in
563 660 730 752 iambico,

29 781 33 786 '
407 775 477 840 Ibis
492 776 656 842 Libumir.

63 869 262 958 Inferius
280 883 382 974 illud,

405 999 476 1066 Sur
489 1003 563 1066 nive
576 1003 759 1084 candidum,

69 1107 161 1182 tale
182 1123 260 1196 est,
279 1109 385 1207 quale
403 1109 492 1184 illud
510 1110 547 1183 iu
565 1111 815 1212 Asclepiaden,

255 1257 258 1262 ·
405 1226 504 1290 Educ
518 1227 660 1314 regibus.

136 1336 341 1410 Alcaicum
360 1335 481 1410 ¹aliud
499 1337 535 1410 in
557 1337 711 1410 Horatio
728 1340 799 1412 talc
817 1355 883 1430 est,
1105 1369 1109 1378 ’
1217 1389 1248 1426 20

275 1451 380 1515 Porrus
393 1452 507 1517 iambis
521 1455 740 1540 siucstommo.

79 1559 198 1636 rHie
230 1561 259 1634 si
287 1560 397 1638 addas
423 1563 573 1638 verbum
601 1565 753 1654 amaa,
778 1563 846 1640 erit
870 1565 999 1664 plenus
1023 1567 1201 1646 iambicus

84 1701 156 1762 sic,
458 1735 463 1742 .

274 1793 377 1861 Poma
390 1795 505 1860 iambis
518 1797 728 1883 rivefloormu
741 1795 875 1862 &mr-ido.

87 1901 198 2004 Ergo
213 1917 364 2004 apparet
380 1905 449 1980 hoc
461 1900 652 1984 Alcaicum
667 1910 713 1984 sb
730 1907 887 1984 iambico
904 1933 981 1982 esse
997 1910 1199 2008 praecisum.

142 2018 339 2094 Alcaicum
358 2020 454 2096 uliud
472 2021 509 2096 in
530 2022 684 2098 Horatio
700 2023 772 2098 tale
789 2037 854 2109 eat,
1022 2071 1024 2076 ,
1212 2062 1241 2098 ‘n

277 2137 382 2224 Usque
395 2139 473 2202 meio
483 2137 804 2242 pluviorqraeyentor.

87 2241 196 2336 rHic
214 2270 261 2316 nc
279 2247 379 2320 lieret
397 2246 607 2322 hexameter
628 2249 720 2324 ultra
738 2249 899 2326 medium
922 2249 1005 2324 duae
1022 2250 1198 2326 dictiones

96 2374 252 2434 exsectae
275 2376 370 2446 suut,
388 2387 477 2458 quas
495 2362 525 2438 si
542 2361 629 2438 velis
651 2363 809 2454 reddere,
826 2364 1010 2466 supplebis
1029 2366 1199 2441 hexame-

98 2487 195 2548 trum
214 2475 277 2564 sic,

232 2591 336 2678 Usque
348 2594 427 2656 mdc
438 2593 624 2681 pluviosque
637 2595 750 2680 rapaci
765 2593 891 2657 turbine
905 2603 1024 2659 ventos.

148 2701 424 2776 Archilochium
444 2703 561 2778 “aliud
580 2704 616 2778 in
635 2703 791 2778 Horatio
807 2703 879 2776 talc
895 2715 960 2793 cst,
1209 2737 1239 2774 υ

226 2817 361 2882 Nullum
381 2820 460 2884 Varo
473 2840 567 2884 sucro
581 2821 644 2884 vite
652 2820 751 2906 prim
765 2820 884 2884 severis
897 2819 1053 2916 arborem.

103 2926 236 3002 ”Huic
260 2929 347 3002 tolle
373 2929 467 3002 ”duo
495 2931 602 3003 verba
630 2929 807 3032 disyllaba
829 2929 936 3028 juxta
962 2929 1193 3030 principium,

105 3043 224 3120 ⁰facies
239 3041 532 3143 Asclepiadeum,
550 3045 613 3131 sic,
1131 3057 1135 3064 ’

224 3159 357 3224 Nullam
371 3158 458 3224 douc
469 3162 564 3247 prius
577 3161 695 3225 acueris
709 3161 864 3224 arborem.

108 3269 185 3343 Hoc
200 3271 293 3344 enim
312 3272 384 3344 talc
399 3285 465 3360 est,
481 3276 587 3368 quale
604 3271 706 3356 illud,

145 3518 247 3594 ¹illud]
263 3523 341 3578 oliuu
353 3521 424 3579 Λ.Β.
440 3523 513 3578 Ven.
603 3531 618 3575 r
633 3519 688 3578 Hic
702 3517 725 3576 si
738 3518 826 3578 addas
839 3519 965 3588 verbum,
981 3521 1087 3580 torrida
1099 3532 1189 3600 terga,

110 3599 240 3676 apparebit
261 3601 315 3658 boc
337 3600 472 3660 alcaicum
494 3601 530 3660 ab
551 3601 659 3676 iambo]
684 3603 771 3658 addua
791 3601 874 3658 uerbo
896 3603 1003 3659 torrido
1022 3605 1075 3660 erit
1092 3603 1190 3677 plenus

111 3681 225 3737 lombicru
238 3683 284 3738 sic.
304 3700 388 3756 ponec
404 3683 500 3740 iambis
520 3681 703 3756 siocstomma
718 3683 832 3738 torrido.
854 3701 920 3755 ergo
939 3691 1056 3756 apparet
1077 3683 1127 3739 boc
1144 3683 1188 3738 ol·

111 3763 202 3817 coicum
214 3761 246 3818 ab
259 3763 374 3818 ionrbico
388 3763 461 3821 Α.Β.
475 3769 622 3838 appareret
636 3761 708 3819 Ven.
810 3771 825 3802 ¹
842 3761 899 3819 Hic
914 3780 950 3818 nc
964 3763 1042 3820 fieret
1056 3763 1187 3820 hexame-

112 3851 149 3898 tcr
166 3839 229 3898 ultra
247 3839 371 3900 medium
390 3842 454 3900 duro
473 3840 613 3900 dictiones
632 3853 757 3919 excaptae
778 3853 855 3908 sunt,
870 3840 976 3918 quassi
991 3841 1058 3898 velis
1072 3841 1189 3900 reddero

113 3919 236 3997 supplebis
255 3921 459 3992 hexametrum,
474 3940 563 4000 usque
580 3920 652 3980 meis
671 3919 834 3998 pluviosque
847 3932 960 3980 coercet
978 3919 1097 3978 numine
1120 3939 1187 3980 reu-

113 4002 163 4076 toa]
178 4009 204 4058 ul
217 4001 258 4059 bic
272 4006 320 4075 (ue
333 4003 378 4060 bic
390 4004 441 4076 B.)
455 4005 540 4079 fieret
555 4005 686 4060 eromelri
707 4004 783 4059 ultra
802 4004 920 4059 medium
939 4009 1029 4059 ecectc
1048 4003 1188 4076 (excoctae

114 4081 155 4156 B.)
168 4090 222 4138 urat
234 4101 301 4156 quaa
310 4085 334 4142 ri
344 4085 410 4142 uelis
427 4092 496 4159 (quo
509 4085 587 4141 vellis
599 4083 647 4156 Β.)
668 4083 780 4140 reddere
796 4101 857 4139 urm
866 4084 954 4156 plevis
968 4091 1136 4139 exametrum
1148 4085 1187 4140 sic

114 4181 184 4236 suque
198 4166 258 4220 ruric
273 4165 418 4241 pluiorquc
439 4166 582 4238 rapacitur
605 4166 667 4220 uiue
690 4163 866 4238 (pluviosque
888 4163 984 4237 rapaci
1005 4163 1113 4220 turbine
1134 4163 1184 4238 B.)

114 4249 190 4300 oculu
197 4243 260 4302 lu.
274 4252 306 4302 ut
316 4245 450 4322 bicfierel
461 4246 611 4304 loexometri
624 4245 701 4300 ultro
711 4243 829 4300 aredium
839 4251 955 4318 accepte
971 4241 1042 4300 Veu.
1055 4240 1103 4320 qui
1120 4262 1186 4300 mox

113 4323 246 4398 pluviosque
259 4328 377 4399 rapiatis
390 4329 453 4384 circ
466 4333 568 4384 centor.
651 4333 667 4366 ⁸
680 4324 758 4380 aliud
771 4329 811 4379 est
825 4322 899 4380 ch.
974 4331 1006 4366 ⁸⁸
1019 4321 1085 4382 binc
1099 4321 1182 4396 tolle]

117 4403 167 4462 bruc
178 4405 233 4462 rollo
245 4406 316 4464 ΑΒ.
399 4403 486 4466 bduo
500 4406 583 4463 verba
596 4401 717 4478 scilicet]
735 4405 789 4459 aluo
802 4403 837 4460 Α.
851 4405 951 4460 scilicet
965 4421 1023 4462 om.
1035 4404 1073 4462 B.
1128 4411 1186 4462 eet

117 4481 195 4558 lucica]
210 4491 305 4546 elom.
320 4485 392 4544 ΑΒ.
515 4481 531 4527 ‘¹
545 4483 599 4543 ritc
614 4481 704 4562 prius]
718 4481 796 4560 pejus
809 4487 871 4542 vito
885 4483 957 4544 Vsu.

578 4591 686 4652 3112
