2970 5134
420 413 558 468 ueterum
573 405 819 491 apospmmatiu.
1110 404 1176 465 583

18 596 58 636 a
79 571 220 650 bubum,
234 573 381 658 pmmuis
395 571 566 669 opilionum
589 573 871 658 caprariorumque
888 591 1043 636 samsones
1056 573 1110 635 ⁰in
1124 571 1176 637 leis

23 674 218 740 cantibus
233 676 431 739 inserantur.
826 753 830 762 Ι

93 776 362 864 rEpittsalamia
377 776 466 862 apud
479 777 613 842 Latinos
627 779 767 842 inuenta.
815 775 888 840 Hoc
902 796 1011 864 gemus
1024 777 1060 838 in
1073 777 1179 840 scenis

33 880 261 944 celebratum
274 888 321 944 est
328 881 488 967 primum,
496 887 609 965 postea
624 887 748 943 tautum
762 879 798 942 in
812 879 937 965 nuptiis
950 877 1092 943 aditum.
1296 939 1300 944 .

96 982 267 1067 Hymnus
286 990 378 1068 spat
400 981 541 1044 Numam
559 978 703 1067 pmmuir
726 981 858 1044 Emmio
876 979 1000 1043 Timete
1022 981 1123 1066 effecit
1139 981 1176 1043 in

43 1084 251 1169 Apollinem
266 1093 296 1147 et
310 1084 438 1148 Musas.
483 1083 646 1168 Haecficit
660 1083 849 1170 temporibus
863 1083 981 1146 Ennii.

103 1187 283 1272 Praecepta
298 1186 429 1271 primm
451 1185 539 1270 apud
562 1185 696 1250 Latinos
714 1186 861 1268 Martius
884 1195 971 1250 uates
994 1186 1175 1273 composuit.

50 1289 120 1351 Ea
136 1288 260 1374 ossibus
274 1296 320 1350 est
334 1286 415 1352 illud
423 1310 433 1349 .·
457 1287 655 1351 ¹fPostrrmus
668 1288 821 1374 loquoris,
830 1289 961 1375 primm
976 1297 1089 1352 taceas.

108 1393 228 1465 Quare
246 1397 346 1474 pottae
364 1389 482 1452 Lutine
503 1399 590 1453 uates
611 1389 686 1453 olim
705 1398 734 1454 et
753 1391 874 1476 scripta
892 1411 1000 1454 eorum
1022 1389 1177 1452 vaticinia

56 1493 261 1556 dicebantur
270 1493 291 1554 t.
321 1492 407 1565 Quia
431 1491 465 1554 oi
489 1491 627 1578 padam
655 1501 685 1556 et
708 1492 801 1578 quasi
830 1493 961 1562 vesania
992 1491 1177 1555 *enitendo
1283 1509 1286 1515 ’

59 1602 368 1672 ῑσοηιπιουενιπέαν,
379 1595 465 1658 utere
476 1595 619 1681 antiquis
632 1605 711 1681 'pro
722 1595 843 1674 cinam
851 1593 1052 1681 ponentibus.
1064 1593 1178 1656 Etiam

58 1718 126 1784 per
134 1697 297 1781 fisrorem
320 1696 427 1760 aaut
445 1696 549 1760 eodem
567 1705 660 1760 eraut
677 1697 813 1774 nomine,
828 1697 904 1783 quia
925 1704 956 1758 et
975 1695 1041 1781 ipsi
1059 1715 1177 1782 pioque

63 1798 245 1885 wpleniora
265 1799 408 1862 uersibus
430 1799 649 1886 efferebantur.
695 1799 800 1862 Postu
813 1805 918 1862 autem
932 1776 954 1860 a
962 1806 1176 1884 potnsatsap·

65 1902 274 1988 pollutionem
288 1910 484 1988 acceperuut.
768 1983 770 1988 Ι

115 2002 304 2066 *Carmina
333 2002 407 2066 irinc
432 2003 617 2066 eaisamarrt
640 2001 747 2066 dicta:
776 2023 831 2066 seu
854 2011 989 2090 propter
1015 2002 1179 2067 vesaniam

71 2105 157 2192 quod
175 2107 313 2191 carptim
329 2105 635 2192 pronunciarentur,
651 2104 735 2168 unde
748 2103 838 2168 hodie
851 2104 972 2182 lanam,
988 2127 1082 2190 quam
1092 2128 1176 2192 pur·

68 2215 191 2293 gantes
215 2207 411 2292 discerpunt,
440 2207 621 2270 carminare
649 2205 805 2278 licinum
839 2225 895 2270 seu
923 2205 1016 2292 quod,
1041 2208 1097 2293 qui
1121 2206 1179 2269 illa

75 2317 238 2383 canerent,
252 2329 359 2372 carere
371 2318 472 2372 mente
486 2308 760 2372 existimabantur.

127 2413 241 2474 Verum
255 2409 329 2474 inde
346 2410 436 2488 dicti,
451 2412 528 2499 quia
546 2413 593 2476 sic
611 2411 787 2474 scribebant
807 2411 945 2498 auspi,
960 2413 1042 2474 sicut
1062 2420 1181 2476 aratur

121 2653 137 2684 0
150 2643 178 2696 ia
198 2641 239 2696 lu's
257 2640 392 2714 rantum]
416 2639 481 2697 MS.
501 2637 609 2717 primus
625 2641 630 2652 ¹
649 2643 695 2698 cit.
750 2639 881 2696 Fortasse
911 2636 1091 2696 scribendum
1119 2653 1180 2698 erut

82 2719 181 2778 Isidori
196 2724 224 2777 in
239 2721 281 2777 tris
291 2724 419 2778 cantica:
441 2719 552 2778 ulteria
568 2721 610 2776 tris
650 2721 781 2778 Mercurio
798 2719 948 2776 Timotheo.
978 2719 1096 2778 HEUS.

84 2809 110 2857 et
124 2804 229 2858 cautim
239 2825 250 2858 :
270 2800 345 2878 vulg.
359 2804 388 2858 in
402 2803 436 2858 iis
449 2809 476 2858 et
490 2804 607 2858 cantica.
689 2811 702 2844 ¹
720 2803 878 2858 Postremus
898 2801 1031 2876 loquoris]
1055 2800 1180 2860 Isidorus

85 2882 198 2938 Praestat
219 2880 357 2960 scriptura
379 2879 468 2939 nostri
492 2881 607 2940 codicis.
649 2879 698 2941 lib.
707 2883 759 2940 vl.
774 2901 798 2940 c.
810 2883 836 2939 8.
852 2900 880 2959 p.
891 2897 960 2958 959.
972 2889 1124 2956 postremus
1137 2885 1180 2940 dt·

88 2963 202 3020 HEUS.
650 2982 704 3020 cas.
733 2963 853 3021 HEUS.

126 3042 356 3116 sEpitlsalumia]
373 3041 516 3100 Isidorus:
539 3044 610 3119 Epi-
691 3045 869 3119 Ιεοτὶὸαιάο]
886 3041 1116 3121 Praepositioucm
1130 3042 1179 3100 ud·

90 3124 216 3180 tlsolamia
229 3131 293 3184 sunt
307 3126 430 3180 carmina
443 3125 610 3191 nubentium,
646 3121 712 3198 jicit
733 3124 858 3182 Isidorus
879 3124 928 3183 lib.
948 3125 1031 3182 vm.
1056 3142 1082 3182 c.
1100 3139 1126 3200 7.
1151 3127 1181 3180 in

90 3223 145 3276 quo
163 3206 342 3260 decantantur
360 3223 378 3260 a
395 3205 563 3262 scholasticis
581 3207 610 3262 in
650 3206 798 3262 scribendo.
823 3205 941 3262 HEUS.

91 3285 210 3341 tenuem
230 3289 319 3358 spond
341 3293 368 3342 et
390 3303 500 3358 sponsa
544 3287 612 3342 Hac
692 3285 960 3360 ‘cornmooermtud
980 3283 1062 3343 Adde
1076 3303 1110 3343 ex
1126 3285 1180 3343 lsi·

89 3367 199 3438 paruum
213 3365 343 3422 Salomon
361 3367 446 3422 edidit
459 3369 488 3422 in
502 3367 611 3423 mudum
651 3365 738 3424 doro:
760 3367 804 3423 oet
817 3369 889 3441 quud
909 3368 995 3424 modis
1012 3365 1094 3423 serta
1115 3383 1180 3424 con-

93 3447 197 3502 ecslesiae
214 3453 240 3502 et
257 3446 366 3504 Christi.
409 3447 454 3503 Es
473 3465 525 3520 quo
544 3466 610 3520 gen·
651 3453 798 3504 necterent.
827 3447 944 3504 HuUS.

94 3527 147 3582 tiles
166 3527 213 3582 sibi
231 3527 437 3599 epithalamium
455 3530 611 3586 osnduaoe-
691 3538 708 3569 V
724 3546 778 3602 pro
801 3529 917 3602 muare]
943 3529 1082 3603 Corrupto
1107 3526 1181 3604 apud

95 3607 289 3670 mutuatim
307 3609 415 3680 generis
435 3627 545 3666 carmen
559 3611 610 3664 ad.
651 3607 791 3665 Isidorum
817 3607 966 3667 scribitur:
1007 3609 1087 3666 Vtere
1110 3610 1181 3665 enim

95 3694 201 3742 sumtum
220 3687 295 3744 tacit
319 3687 413 3766 [Lege
427 3708 443 3746 e
457 3688 543 3746 MSS.
559 3690 608 3746 ad-
647 3707 701 3764 pro
714 3691 1002 3765 oincereponcntibus.
1043 3689 1183 3746 Particuls

97 3775 202 3824 sumtum
221 3768 286 3841 est]
342 3769 421 3833 Quod
443 3787 530 3842 genus
548 3772 610 3844 pri·
651 3773 721 3827 euim
736 3789 771 3827 ex
790 3769 884 3848 glossa
904 3767 1048 3846 irrepsisse
1064 3767 1180 3826 videtur,

97 3865 162 3903 mum
183 3849 361 3922 agentilibus
385 3851 413 3904 in
436 3853 521 3906 scenis
542 3853 610 3908 cele.
653 3849 778 3908 Verbum
794 3853 895 3907 uincire
909 3849 1050 3907 sententis
1063 3847 1181 3927 flagitat,

100 3929 223 3996 trabatur,
235 3937 329 4002 postea
346 3938 453 3988 tantum
466 3933 494 3986 in
508 3933 613 4006 nuptiis
653 3943 739 4008 usque
752 3929 792 3987 ita
806 3929 985 3988 scribendum
1000 3947 1070 3994 esse,
1082 3947 1099 3986 e
1112 3929 1183 3986 Ver.

101 4009 173 4066 hesit.
208 4009 326 4066 Vocatur
342 4011 420 4084 [MS.
435 4011 511 4088 prior
525 4013 612 4068 Voca-
655 4030 732 4077 rone,
754 4011 841 4070 Festo
860 4029 892 4068 sc
906 4009 1006 4067 Nonio
1026 4009 1093 4067 setis
1113 4029 1183 4067 con·

101 4089 162 4162 tun]
174 4096 259 4146 autem
271 4091 479 4164 epithalamium
489 4111 529 4160 eo,
540 4094 613 4167 quod
653 4103 727 4149 sture
741 4103 861 4170 poterat.
890 4090 1010 4150 HEUS.

101 4169 333 4243 supersticionum
355 4173 454 4246 [MSS.
473 4173 501 4228 in
521 4173 611 4230 thola·
696 4172 976 4247 spurtqueserutu
985 4169 1181 4247 efferebamur]

102 4251 155 4323 mir]
169 4251 328 4308 ducuntur.
358 4253 474 4310 HEUS.
655 4250 795 4310 Isidorus:
816 4255 947 4328 pleraque
959 4252 1181 4327 uaubuseffere·

137 4338 213 4405 spost
222 4331 356 4407 Numam]
375 4332 458 4410 Apud
470 4331 612 4390 Isidorum
656 4335 730 4390 bant.
760 4333 877 4391 HEUS.

105 4409 170 4468 nulia
189 4411 287 4468 Numa
311 4412 343 4469 fit
368 4415 487 4479 mentio,
508 4423 539 4470 et
561 4433 626 4489 pro¹
704 4423 720 4456 ¹
750 4414 881 4472 Carmina
916 4414 979 4472 irinc
1012 4413 1182 4486 ruadmunt]

102 4493 202 4566 primun
215 4493 325 4562 Emmia
343 4494 449 4551 Timote
465 4493 553 4570 attat
572 4493 612 4550 ie.
653 4493 736 4552 Conf.
751 4493 852 4554 lsidor.
867 4492 915 4553 lib'.
928 4496 951 4552 1.
965 4513 992 4554 c.
1004 4493 1051 4568 38.
1074 4512 1102 4572 p.
1113 4493 1182 4568 852.

107 4568 168 4648 gitur
181 4575 265 4646 primu
281 4575 411 4632 Memmio
429 4576 552 4632 Timotoe
562 4575 612 4650 fe·
655 4575 769 4634 HEUS.
