3076 5140
123 410 206 462 cnr.
224 401 257 462 l.
276 387 342 461 De
359 389 527 462 connenis
543 389 638 463 inter
654 413 694 462 re
710 398 821 488 atque
836 391 1044 466 inconnexis
1061 391 1127 488 850.
1154 407 1225 472 213

190 571 402 646 ¹Tremnlos
417 573 515 672 qnod
531 599 606 647 erse
628 573 752 650 Gallis
768 575 908 652 nobiles
917 587 1055 676 pntont
1071 577 1204 652 modos.

190 691 343 764 mSonat
360 689 425 764 lroc
438 689 592 764 subinde
609 700 738 766 contus
757 689 966 791 Cybeleium
982 719 1119 784 neieina,

190 807 408 906 Nomenque
431 805 650 880 Galliomiis
668 818 915 884 ”memorator
931 809 1015 884 ln'no
1031 811 1168 885 dotnrn.

127 923 274 1024 Recipit
299 921 382 997 ⁰hic
408 949 530 996 versus
559 923 627 996 sub
652 923 721 996 alia
747 925 976 1024 percussione
1006 939 1227 1027 anapaestum
1241 940 1275 1006 9⁶

127 1059 188 1112 aut
206 1037 408 1138 spondeum
428 1038 464 1110 in
488 1039 605 1138 prima
622 1038 718 1129 sede,
735 1038 868 1114 dehinc
890 1040 980 1115 duos
1007 1041 1158 1132 iambos,
1174 1042 1229 1114 in-

127 1155 270 1228 terdum
298 1169 336 1228 et
365 1154 586 1253 tribrachyn.
637 1154 736 1228 Nam
767 1158 955 1254 superfluit
983 1171 1058 1232 tam
1094 1157 1131 1230 in
1160 1156 1230 1230 hoc

128 1296 237 1367 quam
256 1270 293 1343 in
313 1270 476 1368 sequenti
494 1270 575 1343 colo
592 1297 867 1369 nonnumquam
887 1270 1081 1370 semipede,
1099 1271 1158 1344 rid
1176 1283 1232 1344 est

130 1414 201 1459 una
225 1387 377 1486 syllaba,
403 1385 500 1483 quod
529 1387 632 1460 colon
664 1401 733 1462 ‘tex
768 1388 955 1488 pariambo
985 1401 1022 1460 et
1050 1387 1128 1460 basi
1158 1401 1231 1459 tro-

131 1503 254 1576 chaica
271 1515 336 1575 aut
352 1501 534 1600 tribrachy
551 1503 743 1576 constabit.

179 1619 351 1719 Superest
372 1617 659 1716 hendecasyllabi
685 1631 784 1692 tome
811 1617 1016 1707 novissima,
1042 1629 1141 1715 rquae
1164 1615 1275 1702 erit97

133 1734 294 1834 septima.
338 1733 491 1808 Constat
509 1749 629 1808 autem
648 1759 693 1806 ex
710 1734 966 1836 Hipponacteo
978 1733 1143 1808 trimetro
1156 1759 1231 1806 sca-

133 1863 248 1939 zonte,
265 1875 374 1946 quem
400 1847 600 1923 claudicare
623 1877 729 1950 supra
754 1850 992 1940 ostendimus,
1014 1863 1112 1924 utet
1133 1849 1230 1950 ⁸ips0

133 1991 231 2038 versu
248 1964 499 2054 declarabitur,
516 1979 715 2064 tamquam,

231 2079 393 2154 Carmen
410 2078 651 2183 ⁸¹nemosocit
667 2106 745 2155 meo
763 2079 911 2154 Sabino.

135 2193 222 2268 tHic
239 2196 277 2270 in
297 2195 549 2270 hexametrum
568 2211 736 2287 vertetur,
754 2197 816 2285 sic,
905 2277 908 2286 ,

231 2309 391 2384 Cormen
407 2309 619 2412 nemofocit
636 2311 736 2386 clero
753 2311 851 2411 qood
858 2337 934 2410 por
947 2312 997 2386 sit
1014 2312 1185 2388 Homero.

135 2424 302 2525 Superest
318 2426 486 2500 claudum
515 2426 603 2500 illud
618 2453 695 2502 meo
712 2427 858 2518 Sabino,
875 2429 933 2501 cui
960 2427 988 2500 si
1015 2429 1148 2527 primas
1175 2429 1229 2502 sui
1244 2455 1276 2521 9⁸

135 2542 271 2638 generis
298 2556 415 2641 partes
441 2543 598 2640 adjicias,
623 2543 689 2616 erit
715 2570 835 2617 versus
863 2543 1039 2618 iambicus
1065 2555 1232 2618 tetrame-

135 2668 204 2730 trus
223 2683 367 2743 scazon,
384 2658 478 2746 talis,

231 2772 415 2848 Plroselus
432 2773 496 2848 ille
513 2801 617 2874 qoem
634 2775 846 2875 oidesfooii
862 2801 940 2848 meo
958 2775 1105 2850 Sabino.

134 2886 227 2963 Nam
241 2891 287 2962 ab
300 2890 372 2962 ima
383 2903 483 2989 parte
496 2891 691 2964 imminuta
703 2890 840 2989 syllaba
850 2889 998 2964 claudus
1009 2891 1155 2965 effectus
1166 2905 1231 2966 est.

180 3005 334 3079 Accedit
362 3005 416 3078 his
440 3021 564 3079 octava
591 3005 740 3105 species,
755 3033 863 3105 quam
891 3005 1026 3081 idcirco
1043 3007 1278 3108 superiori-99

136 3121 198 3196 bus
218 3147 274 3196 v11
295 3136 389 3196 vnrm
408 3123 674 3219 conjunximus,
685 3122 768 3222 quia
783 3149 827 3198 ex
847 3123 957 3196 heroo
970 3136 1112 3197 tantum
1128 3149 1233 3196 versu

135 3237 324 3312 informata
340 3237 549 3326 dinoscitur,
566 3264 609 3310 eo
626 3237 818 3312 dumtaxat
835 3237 958 3336 inquo
975 3238 1113 3338 primus
1127 3265 1234 3338 spon-

135 3353 232 3446 deus,
251 3381 405 3452 sequens
432 3353 478 3426 sit
501 3353 676 3452 dactylus,
693 3354 851 3454 demptis
869 3381 889 3427 e
907 3353 1028 3428 medio
1045 3355 1159 3429 tribus
1177 3359 1232 3428 vel

135 3483 305 3566 quattuor
328 3467 486 3567 syllabis,
506 3469 787 3544 wrecedentibus
810 3497 893 3544 vero
911 3471 947 3544 in
966 3471 1095 3544 ultima
1112 3497 1232 3546 versus

134 3603 231 3684 parte
249 3585 390 3658 duobus
407 3583 571 3684 pedibus,
588 3584 733 3684 dactylo
750 3601 788 3660 et
805 3585 965 3686 spondeo
983 3613 1046 3662 seu
1063 3589 1232 3674 trochaeo,

135 3701 313 3802 integrum
334 3729 477 3775 sensum
498 3703 777 3802 complentibus,
795 3703 856 3794 ita,

284 3825 339 3898 Ar
355 3825 485 3924 regino
498 3824 612 3924 grooi
627 3827 754 3900 rancia
773 3851 875 3914 curo,

173 3975 182 4019 ¹
194 3975 360 4050 Tremulus]
378 3975 514 4034 Trenrulo
528 3977 558 4035 P.
621 3987 645 4020 ¹¹¹
657 3979 760 4054 Sonat]
776 3979 886 4036 Sonant
899 3979 930 4036 P.
1013 3989 1029 4020 ¹²
1044 3979 1229 4053 memoratur]

136 4056 336 4116 memorabitur
350 4058 381 4114 P.
464 4055 554 4132 ⁰hio]
572 4056 637 4116 bine
651 4059 682 4116 P.
765 4069 781 4114 Ρ
796 4057 896 4134 idest]
913 4057 974 4118 sP.
1045 4069 1060 4114 a
1075 4059 1137 4134 aut]
1154 4079 1187 4117 ex
1202 4059 1233 4118 P.

135 4137 219 4195 nied.
234 4136 359 4216 Tubing.
376 4146 424 4194 out
438 4157 509 4196 corr.
526 4140 712 4196 Camerarius.
808 4141 909 4215 'quae]
928 4134 1022 4218 ἑᾷΡ.
1127 4138 1230 4217 'ipso]

135 4216 193 4296 ipso
208 4238 288 4277 versu
302 4219 333 4276 P.
429 4217 514 4276 tirio
528 4217 572 4296 in]
590 4220 619 4276 in
635 4240 692 4278 om.
708 4221 739 4276 P.
835 4231 850 4262 V
863 4217 1076 4298 conjunximus]
1093 4239 1149 4278 non
1165 4240 1234 4278 con-

130 4299 274 4375 junximus
291 4299 322 4356 P.
405 4309 427 4340 w
442 4298 652 4374 recedentibus]
670 4298 858 4358 recidentibus
873 4301 905 4358 P.

173 4441 223 4498 95.
247 4423 337 4482 Sonat
358 4421 425 4496 δια]
451 4421 530 4497 Lege
548 4439 581 4480 ex
605 4423 663 4480 Te·
745 4431 832 4498 97.⁸⁸
840 4443 918 4482 nenio
927 4443 979 4502 pro
989 4441 1086 4480 novom
1097 4439 1233 4500 reponen-

135 4506 271 4568 rentiano.
293 4504 383 4560 Sonot
404 4503 455 4560 icoc
474 4503 586 4560 subinde
609 4523 664 4561 rne-
706 4503 774 4560 dum
800 4503 898 4562 docuit
925 4502 1077 4562 Santcnius
1104 4503 1140 4560 ad
1166 4503 1233 4560 Ter.

137 4585 243 4642 troico.
265 4583 399 4641 COMM.
707 4581 1232 4662 Maur.p.381.Tumvulgoomnneo.
