3012 5084
544 367 827 448 ruarmo,
1189 371 1229 436 vii

127 532 337 620 invenerim,
366 555 449 628 quae
477 528 708 630 postmodum
743 529 868 604 omisit
901 531 939 606 in
973 557 1038 606 sua
1070 531 1230 606 editione

128 646 330 720 Putscbius.
385 645 526 718 Lucem
544 644 693 718 sonasse
714 645 799 720 huic
822 645 872 720 rei
895 646 1088 744 aliquando
1105 674 1229 722 accen·

129 891 146 916 ‘⁸
160 883 239 976 aprio
252 895 376 961 tyranno
390 882 550 942 Siculorum
565 884 658 961 ingre·

131 1051 150 1078 '‘
161 1057 477 1112 contentusesses,non
490 1045 563 1123 regis
573 1045 659 1122 pedes

130 1133 149 1158 ⁸⁴
161 1123 326 1204 sequereris.
368 1125 421 1184 Cui
436 1125 583 1202 respondit
594 1123 659 1184 Ari·

131 1212 150 1238 “
162 1205 283 1284 suppus,
304 1208 345 1264 At
365 1217 397 1262 tu
418 1208 441 1262 si
463 1225 562 1282 posses
581 1223 660 1264 cotn-

129 1293 148 1318 “
162 1285 246 1344 mode
265 1305 334 1344 cum
353 1303 421 1364 rege
441 1285 518 1362 loqui
539 1305 598 1344 non
618 1285 661 1343 bis

130 1453 295 1524 “quartum
327 1465 442 1524 quoque
468 1464 559 1536 qentu
585 1445 661 1524 quod

131 1693 150 1718 ‘¹
163 1687 226 1744 les'
209 1699 412 1778 'tnterrogatus
421 1687 660 1762 quemadmodum

131 1771 151 1798 “
165 1765 280 1824 vicisset
295 1767 450 1826 Hectorem
472 1787 551 1825 arma
566 1779 661 1828 osten·

132 1845 227 1904 “dit:
250 1847 583 1925 quumquidaminfucti
597 1866 662 1925 spe-

126 1925 239 1985 -“ciem
261 1927 439 2006 redegerunt.
478 1927 559 1985 Est
552 1940 619 1985 ttem
634 1939 664 1984 et

133 2011 153 2039 ‘⁴
166 2007 351 2084 conjunctiva
364 2020 397 2065 ut
415 2007 561 2086 Diogenes
574 2007 662 2085 Cyni·

133 2095 153 2120 '⁸
167 2106 218 2145 cus
252 2087 439 2166 philosophus
477 2107 542 2146 curn
577 2107 664 2146 manu

134 2167 346 2226 “haurientem
362 2167 497 2226 rusticum
507 2169 548 2225 'ad
563 2180 664 2245 potan-

135 2253 156 2278 “
169 2247 239 2304 dum
262 2267 365 2324 aquam
386 2247 510 2316 vidisset,
530 2248 663 2326 poculum

135 2333 155 2360 ‘⁴
169 2326 247 2404 quod
264 2328 297 2386 in
316 2347 385 2405 pera
403 2330 528 2406 gerebat,
550 2327 664 2402 abjecit,

137 2413 156 2440 ‘⁸
168 2421 199 2466 et
211 2407 292 2474 dixit,
303 2409 359 2466 hoc
368 2427 422 2486 ego
436 2408 522 2468 levior
531 2428 595 2468 esse
602 2407 664 2483 jam

138 2495 156 2520 ¹⁸
169 2506 296 2566 possum.

289 2577 309 2602 ‘⁴
323 2569 373 2625 De
383 2577 519 2644 poenale.

180 2657 200 2682 ¹⁸
213 2649 321 2708 Poema
338 2661 383 2706 cat
403 2649 524 2707 narratio
544 2649 667 2708 numeris

141 2813 161 2838 ‘¹
177 2822 341 2886 poematum
358 2807 444 2866 series
462 2810 606 2886 qualitatis
625 2829 669 2868 re-

142 2895 163 2920 “
176 2889 226 2948 bus
243 2891 342 2968 gestia
370 2889 486 2948 Poetioe
508 2904 552 2948 est
579 2890 667 2950 iacul-
711 2895 729 2922 ‘⁴

143 2975 163 3000 ⁴¹
176 2981 216 3026 trs
240 2967 492 3028 versificationibus
519 2970 669 3050 fingendis.

144 3051 343 3108 “Poematum
368 3049 582 3110 versificationes
606 3052 668 3109 lau·

145 3214 164 3240 “
174 3223 202 3268 ct
216 3223 375 3288 temperata
388 3210 497 3270 nubtiiis
506 3224 536 3270 et
549 3214 670 3271 circum·

148 3449 236 3510 “luta
253 3449 336 3510 erilis
353 3464 383 3510 et
401 3449 507 3510 fucosa.
550 3454 670 3512 Pocseos

149 3536 358 3609 “generarunt
367 3531 435 3590 tna.
454 3532 670 3590 actualenarra·

148 3613 267 3669 “tirum
302 3609 524 3685 conjunctivum.
562 3613 671 3672 actuale

149 3691 319 3768 “estquod
342 3691 434 3750 Graeci
465 3685 609 3751 drauticori
628 3693 671 3750 di-

147 3777 256 3837 “cunt
281 3770 329 3829 ubi
350 3779 435 3849 pocta
463 3771 550 3850 lyrica
580 3785 672 3852 trage-

148 3858 167 3882 “
180 3851 227 3908 dia
240 3849 359 3928 satyrica
369 3864 535 3930 pretextato
545 3853 674 3912 comedia

148 4009 303 4070 '‘mimica-

316 4093 399 4151 “De
413 4113 501 4151 nerem

186 4171 323 4230 “Versus
334 4185 378 4232 est
390 4174 495 4251 pedum
507 4187 583 4232 certa
595 4193 674 4232 nien.

148 4259 253 4310 “sura
281 4267 607 4330 genemrersuumsunt
621 4273 674 4312 no-

148 4340 167 4366 ‘⁸
181 4351 244 4390 rem
271 4333 403 4412 princeps
428 4354 519 4413 genus
543 4354 672 4393 versuum

149 4419 168 4445 '⁸
182 4413 336 4478 heroicum.
351 4415 427 4492 quod
442 4427 471 4474 et
485 4434 553 4492 epos
573 4413 676 4474 dicitur

150 4499 170 4523 ‘⁶
183 4505 214 4551 et
241 4493 411 4574 dactylicon,
445 4494 564 4554 alterum
599 4495 675 4573 quod

700 884 875 942 “iambicon
896 885 1004 944 dicunt.
1049 885 1230 948 UndeGre·

130 965 285 1022 “dtentem
306 963 659 1044 dixinAristippmihis
700 972 720 998 ⁸·

711 973 784 1024 ‘coe
803 984 897 1024 ιιιιιιι
918 964 1061 1026 trimetris
1081 987 1133 1026 noa
1147 986 1229 1026 sena·

700 1051 718 1078 ‘¹
733 1044 931 1104 riosdicintua
952 1045 1066 1104 tertium
1080 1047 1157 1125 quod
1171 1061 1230 1106 tro·

701 1129 720 1158 ‘⁴
734 1126 854 1184 chaicou
899 1127 1057 1204 appellatur
1098 1141 1229 1206 quartum

701 1212 722 1239 ‘⁸
736 1205 813 1282 quod
840 1207 1030 1284 anapaesticus
1055 1207 1168 1274 dicitur,
1182 1229 1231 1286 ap-

129 1374 148 1397 κ
160 1377 318 1424 mmm
338 1385 425 1426 m
465 1364 596 1424 Adicitur
617 1365 661 1423 hu
702 1291 797 1399 :tum
812 1285 906 1344 eboris
919 1299 949 1345 et
963 1289 1076 1364 tragicae
1090 1287 1230 1366 dignitati.

734 1379 867 1443 quintum
881 1367 957 1444 quod
971 1367 1175 1445 antispasticon
1189 1369 1231 1426 di-

703 1451 818 1512 “cunt,
843 1446 920 1505 unde
942 1447 1037 1525 plures
1061 1447 1126 1506 meli
1152 1467 1230 1508 com·

130 1534 149 1558 ‘⁸
163 1527 264 1584 Gmce
284 1529 403 1584 &min
416 1525 521 1584 Latine
541 1526 660 1586 demon·
703 1531 723 1558 “

131 1613 150 1638 ‘¹
164 1605 315 1664 strativum
328 1606 384 1665 dici
399 1619 503 1684 potest,
518 1618 550 1664 ut
562 1606 660 1666 Achil·
703 1611 723 1637 “

737 1539 892 1604 ponuntur.
927 1539 1038 1585 sextum
1049 1527 1230 1596 contrerium.

736 1607 813 1683 quod
827 1607 1051 1666 choriambicum
1073 1610 1233 1667 nominant.

703 1689 891 1764 “septimum
919 1686 1032 1746 ionicon
1047 1689 1096 1746 risi
1116 1693 1232 1764 μίξας,

703 1774 721 1800 “
735 1779 834 1844 aptum
859 1767 996 1824 sodalitiis
1021 1767 1234 1826 versificationi.

704 1851 725 1879 “
738 1847 791 1904 bus
805 1866 839 1905 ex
853 1846 987 1906 mollibus
999 1849 1134 1908 versibus.
1155 1861 1234 1906 octa-

705 1933 725 1961 “
739 1947 805 1984 runt
826 1928 902 2004 quod
924 1941 982 1993 ιιιις
1002 1927 1115 1994 dicitur,
1129 1941 1159 1988 et
1180 1929 1234 1986 hoc

705 2015 724 2040 ‘⁸
739 2007 775 2065 ad
791 2008 952 2085 rhythmum
963 2007 1113 2066 tibicinum
1133 2027 1233 2068 conve·

706 2095 725 2121 ·‘
741 2087 794 2145 nit.
817 2107 924 2146 nouum
936 2088 1012 2166 quod
1024 2089 1175 2166 peouicum
1186 2109 1234 2168 ap-

706 2173 726 2199 “
741 2187 776 2246 pe
778 2167 870 2226 l.latur

839 2250 917 2305 “De
929 2251 1092 2308 accentibus.

748 2329 926 2386 “Accentus
947 2341 1015 2386 sunt
1036 2341 1103 2399 tres,
1125 2341 1234 2396 acutus,

707 2415 728 2441 “
740 2407 842 2486 gravis,
855 2421 886 2467 ct
905 2407 1107 2468 circumflexus.
1137 2409 1236 2486 reliqui

708 2495 727 2522 ‘⁸
741 2489 817 2548 enirn
829 2501 970 2567 quattuor,
981 2489 1082 2568 longus
1094 2489 1184 2548 brevis
1194 2489 1236 2546 le-

708 2575 728 2602 “
741 2570 783 2628 vis
817 2569 963 2647 aspiratus,
995 2582 1107 2628 tenores
1141 2569 1236 2646 potius

709 2655 730 2681 “
742 2669 825 2726 qnam
845 2661 979 2709 accentus
997 2648 1128 2708 lectionis
1141 2647 1237 2708 existi.

141 2727 478 2788 “etmrsihusoonnexa.
509 2731 615 2788 Ροιιιιι
624 2741 669 2788 ιιι
710 2737 729 2762 “

744 2729 840 2788 mandi
860 2729 928 2788 sint.
969 2731 1048 2786 Narn
1064 2727 1159 2786 omnis
1179 2727 1241 2807 syl

711 2809 886 2888 “iubaque
905 2808 1018 2886 aliquod
1041 2828 1058 2866 e
1081 2809 1169 2866 tribue
1188 2827 1237 2867 sn·

744 2890 901 2966 perioribus
917 2890 969 2948 sibi
992 2889 1126 2954 vindicat,
1141 2887 1239 2966 utique
1321 2929 1332 2948 0

711 2975 731 3003 ‘⁸
745 2971 843 3028 alins'
836 2971 991 3048 ingenitam
1013 2968 1065 3028 sibi
1088 2969 1173 3026 babet
1190 2979 1240 3026 aut

712 3050 953 3129 “longitudinem
988 3061 1037 3108 sut
1073 3047 1239 3108 brevitatem

145 3130 279 3188 “dantur
296 3129 390 3208 gratis
409 3141 440 3188 et
459 3130 545 3208 plena
562 3131 670 3209 equalis
712 3137 731 3164 ‘⁶

745 3145 794 3189 aut
803 3131 947 3188 lenitatem
954 3143 1003 3188 sut
1011 3129 1238 3208 adspirationem

711 3217 731 3242 “
746 3230 811 3288 qum
826 3212 849 3268 ei
869 3223 1002 3268 accentus
1016 3223 1120 3276 essent,
1135 3209 1239 3288 pariter

146 3295 165 3320 ‘⁸
175 3303 271 3368 specta
284 3289 385 3349 florida
397 3303 426 3348 ct
440 3305 558 3350 venusta
567 3292 670 3370 quibua
711 3295 732 3324 “

148 3376 165 3401 ‘⁸
176 3385 326 3428 minuam
336 3383 405 3428 sunt
414 3372 523 3430 tumida
535 3386 567 3431 et
579 3372 669 3431 diaso-
712 3375 732 3402 “

746 3291 809 3349 due
828 3290 942 3368 syllaba
960 3289 990 3348 in
1007 3311 1094 3349 unum
1110 3303 1240 3350 constare

746 3382 944 3448 nonposaent.
976 3371 1093 3448 longum
1108 3389 1239 3430 monten-

713 3458 733 3484 ‘⁴
747 3463 806 3509 tum
827 3463 984 3510 transversa
1001 3451 1016 3509 1
1035 3451 1130 3510 littera
1149 3463 1240 3519 notat,

713 3535 734 3562 “
747 3533 859 3590 brevem
870 3551 980 3590 curarim
995 3543 1182 3608 spectantem,
1192 3529 1241 3588 sed

713 3617 731 3644 ‘⁸
745 3611 831 3670 etiam
855 3611 882 3670 in
906 3611 962 3670 illis
968 3623 1110 3704 tempora
1133 3609 1242 3670 dinosci

713 3697 733 3725 ‘⁸
747 3693 883 3751 ridemus.
915 3689 1115 3786 aspirationem
1136 3693 1153 3750 ιι
1173 3690 1241 3750 scri-

716 3782 735 3804 “
751 3785 800 3850 pta
814 3771 967 3850 prestabit,
982 3791 1006 3830 st
997 3771 1164 3864 adscripta
1184 3791 1242 3828 ιιοιι

179 3933 243 3989 m
358 3937 382 3992 Α
414 3933 451 3990 nn
530 3933 638 3992 hth
715 3852 803 3966 ‘zerit
843 3853 1000 3912 siccitatem
1030 3851 1073 3910 his
1105 3850 1241 3910 adiciunt.

148 3937 166 3962 '¹
245 3931 336 3990 rnaria
384 3946 413 3991 te
451 3951 566 4010 aary
602 3940 725 3992 mtoa‘

749 3933 844 4012 yphen
872 3933 928 3992 fere
959 3949 1024 3991 cunt
1055 3932 1113 3996 duo
1146 3933 1242 3999 .,verba

716 4023 735 4046 ‘¹
752 4033 821 4092 quas
835 4013 865 4071 in
880 4033 965 4072 unam
983 4011 1243 4089 pronuntiationem

716 4101 734 4126 ‘¹
748 4093 908 4171 colligimur
918 4106 950 4152 et
962 4093 1081 4152 formam
1096 4097 1157 4171 ejus
1171 4093 1244 4152 hanc

715 4182 734 4207 ‘⁸
750 4171 1051 4249 faciemus—utrisque
1068 4173 1159 4230 verbis
1177 4191 1242 4250 pro·

716 4261 735 4288 ‘⁴
749 4255 840 4312 xitnas
857 4253 951 4312 literas
963 4252 1064 4310 inflexa
1078 4252 1214 4311 subter'
1189 4273 1244 4312 vtr-

715 4333 847 4414 “gula'
836 4353 889 4412 jun
930 4347 972 4400 nt,
1000 4345 1031 4391 ιιι
1055 4345 1109 4402 est,
1133 4333 1245 4394 Turnus

717 4423 736 4450 ‘¹
751 4427 782 4474 ut
792 4427 893 4473 anter
905 4415 1066 4472 ans-rtem
1076 4426 1210 4492 apostro
1211 4415 1247 4472 be

718 4501 739 4530 “
753 4515 818 4554 curn
838 4494 963 4554 vocalem
983 4493 1113 4552 ultimam
1134 4495 1261 4554 subtra-
