3124 5120
316 419 387 480 120
685 401 809 478 Man'r'
826 401 1007 476 Victorini
1057 431 1059 434 ·
1275 425 1349 476 ma.
1368 426 1415 477 11.

355 589 499 676 altogar,
515 609 579 652 non
593 608 676 664 orno,
690 590 737 652 sic
750 609 784 652 rc
797 589 875 652 solet
888 587 1087 672 aowlosogo
1100 585 1255 650 canthara
1268 609 1397 662 cornere.

283 699 407 774 aliaeu
435 697 482 770 de
506 697 733 796 simplicibus
759 697 975 798 antispastis.
1019 697 1111 779 Quas
1137 695 1299 770 admixta
1328 711 1420 772 sunt

313 813 477 888 iambicis
511 811 825 913 conjugationibus
859 812 1091 910 antispastica
1123 825 1160 884 et
1195 811 1418 908 jucundiora

313 943 398 1004 runt
422 942 460 1002 ct
483 955 622 1018 sonora,
647 928 745 1026 quod
770 927 930 1002 accidere
955 927 1065 1002 etiam
1096 926 1132 1000 in
1160 927 1417 1000 choriambicis

313 1045 474 1120 versibus
507 1043 678 1132 diximus,
708 1044 863 1142 quadam
898 1044 1101 1116 iamborum
1138 1042 1273 1142 pedum
1309 1044 1417 1139 quasi

313 1161 565 1260 conjugatione
582 1161 786 1258 conjuncta,
802 1159 911 1234 veluti
931 1159 1133 1232 trimetrum
1151 1157 1416 1241 catalecticum,

312 1277 410 1376 quod
427 1278 539 1350 solam
559 1277 689 1350 habeat
706 1278 862 1378 primam
876 1274 1168 1375 conjugationem
1186 1273 1418 1374 bantispasti-

313 1419 407 1484 cam,
432 1419 514 1493 pars
540 1405 661 1464 autem
687 1391 765 1488 ejus
789 1391 930 1464 residua
956 1390 1113 1464 iambico
1138 1389 1293 1463 dimetro
1316 1404 1417 1464 cata-

313 1509 441 1583 lectico
459 1507 686 1608 suppleatur:
712 1520 765 1594 ut,

418 1621 554 1696 Libens
569 1621 634 1694 hoc
650 1621 718 1694 tibi
730 1619 906 1718 persolvo,
923 1646 1051 1696 amore
1065 1621 1147 1696 nolo
1163 1645 1389 1720 qnenrquam.

270 1775 300 1810 ιο
312 1739 576 1812 Tetrametmm
596 1735 846 1810 catalecticum
863 1735 959 1834 quod
984 1737 1092 1810 habet
1115 1736 1305 1810 iambicam
1325 1761 1415 1808 con-

306 1852 553 1952 jugationem:
583 1865 634 1940 ut,

412 1965 526 2041 Flavo
542 1967 644 2040 crim
659 1969 834 2064 superbit,
852 1979 889 2042 et
901 1968 1042 2068 gaudet
1056 1968 1344 2070 AEocidesjum.

311 2083 575 2158 Tetrametmm
610 2083 963 2181 brachycatalectum
991 2085 1088 2183 quod
1119 2086 1228 2158 habet
1256 2086 1413 2158 alternos

313 2197 543 2298 ¹antispastos
561 2211 597 2272 ct
614 2197 792 2272 diiambos
810 2197 930 2300 pedes.
981 2199 1118 2300 Incipit
1135 2215 1254 2274 autem
1280 2202 1326 2274 ab
1348 2227 1415 2272 an·

312 2313 480 2412 tispasto:
508 2325 559 2402 ut,

415 2427 563 2530 Agebat
577 2427 742 2504 uolucres
758 2453 867 2528 equos
883 2428 1077 2504 ¹‘Maronis
1093 2431 1287 2528 Amyntas.

272 2576 298 2610 ιι
315 2545 407 2620 Item
436 2567 480 2616 ox
505 2542 647 2616 duobus
674 2543 879 2643 antispastis
904 2559 941 2618 et
964 2545 1119 2619 iambico
1141 2544 1297 2618 dimetro
1318 2555 1416 2616 cata-

315 2659 461 2733 lectico:
491 2671 541 2748 ut,

411 2773 591 2848 Amorum
609 2773 755 2847 comites
770 2783 856 2847 aunt
876 2773 919 2849 V
913 2800 1002 2850 enus
1020 2785 1057 2848 et
1075 2775 1216 2873 Cupido
1230 2775 1342 2849 nobis.

314 2889 528 2964 Memineris
553 2917 650 2977 sane,
673 2917 718 2963 ne
744 2903 780 2962 te
802 2890 893 2963 forte
915 2891 1114 2966 confundat
1136 2892 1172 2965 in
1195 2891 1412 2990 quibusdam

314 3005 519 3106 antispastis
537 3005 624 3079 oolis
642 3031 814 3079 numerus
830 3007 990 3106 plurium
1005 3009 1237 3108 syllabarum,
1249 3033 1332 3080 uam
1348 3005 1413 3079 ubi

313 3111 445 3194 solutio
462 3121 579 3220 longae
604 3121 751 3224 syllaboe
768 3123 822 3211 fit,
840 3121 1056 3222 syllabarum
1075 3121 1221 3222 quidem
1242 3147 1413 3195 numerus

313 3252 474 3333 augetur,
492 3250 696 3336 temporum
716 3251 837 3310 autem
856 3253 1066 3338 perseverat.
1092 3239 1193 3312 Vitat
1206 3251 1326 3312 autem
1343 3239 1414 3310 hoc

314 3362 470 3424 metrum
497 3350 570 3424 suis
593 3352 745 3450 pedibus
770 3354 948 3428 concludi.
992 3353 1095 3426 Nihil
1125 3354 1221 3426 enim
1247 3354 1314 3426 erit
1345 3353 1413 3426 hac

313 3464 446 3564 pedum
466 3466 625 3539 clausula
644 3469 814 3566 asperius,
830 3469 921 3542 nihil
940 3467 1076 3542 durius.

396 3665 498 3746 Car.
521 3665 645 3746 VIII.
696 3667 761 3748 De
780 3681 907 3749 uwtro
926 3669 1065 3751 lonico
1083 3667 1154 3747 ιἰπὶ
1173 3669 1326 3776 μείζονος.

365 3813 512 3888 Ionicus
536 3841 556 3886 a
581 3813 725 3910 majore,
743 3841 851 3912 quem
880 3819 1010 3892 musici
1035 3817 1093 3891 ἀπὸ
1115 3817 1246 3913 partam
1269 3829 1413 3904 vocant,

315 3944 467 4020 constat,
484 3942 525 4002 ut
542 3957 648 4029 supra
665 3929 865 4017 docuimus,
882 3958 927 4004 ex
946 3931 1085 4006 duabus
1109 3933 1224 4031 longis
1244 3931 1413 4028 subjectis

355 4175 371 4222 8
386 4165 496 4244 Rogas]
513 4182 578 4221 cum
590 4181 672 4244 rogus
681 4165 711 4222 P.
763 4163 779 4207 ¹¹
794 4167 1008 4242 anapoeticam]
1022 4165 1231 4244 antispastioam
1245 4165 1279 4222 P.
1321 4159 1413 4222 iana·

315 4246 457 4324 pesticos]
474 4243 645 4321 antispastos
660 4247 689 4302 P.
772 4243 945 4320 1ιΜιιιόιιίε]
961 4247 1082 4304 Marotis
1098 4247 1128 4304 P.

357 4451 384 4506 8.
399 4449 496 4528 Rogas
512 4467 568 4505 non
583 4450 663 4523 amo]
681 4447 760 4506 Nibil
777 4469 842 4528 pos·
885 4445 984 4508 afferre
996 4449 1024 4506 in
1037 4447 1180 4507 medium:
1197 4467 1354 4526 quaeramus
1364 4445 1415 4525 igi-

314 4551 377 4590 sum
399 4531 435 4589 de
458 4531 511 4588 hoc
531 4527 660 4606 exemplo
676 4529 844 4608 corrigendo
886 4543 930 4587 tur
944 4529 1075 4606 amplius.
1097 4530 1247 4588 CAMER.
