3100 5142
151 433 241 486 car.
258 426 293 486 4.
591 408 832 508 Depedihns.
1184 421 1255 484 335

156 597 300 672 iambus
329 619 374 670 ex
404 594 503 668 brevi
530 606 568 668 et
596 595 716 692 longa,
745 592 939 681 troohaeus,
969 619 1077 692 quem
1108 593 1258 693 quidam

156 713 308 788 chorion
340 711 535 812 appellant,
560 736 606 786 ex
636 711 745 810 longa
773 725 810 784 et
844 710 953 784 brevi.
1005 711 1055 784 Et
1083 713 1258 812 trisyllabi

156 843 261 902 octo:
287 827 465 927 dactylus,
483 853 529 899 ex
556 826 663 924 longa
679 839 716 899 et
738 825 878 900 duabus
904 827 1101 915 ‘brevibus
1119 855 1260 928 anapae·

158 959 236 1018 stus
262 970 310 1018 ex
335 943 475 1018 duabus
501 942 669 1014 brevibus
696 955 732 1015 et
756 943 873 1042 longa,
900 944 1050 1017 creticus
1081 971 1125 1018 ex
1152 945 1260 1044 longa

158 1071 219 1134 'et
245 1060 342 1134 brevi
360 1075 398 1134 et
421 1060 542 1158 longa,
560 1057 841 1158 amphibrachys
865 1087 909 1134 ex
937 1061 1032 1133 brevi
1060 1073 1125 1134 wet
1151 1061 1260 1160 longa

159 1191 198 1251 et
223 1177 333 1262 brevi,
351 1176 599 1252 antibacchius
625 1203 668 1248 ex
692 1175 789 1248 brevi
808 1189 844 1248 et
861 1175 1002 1248 duabus
1029 1175 1157 1276 longis,
1179 1179 1261 1252 bac-

160 1295 264 1370 chius
289 1322 337 1368 ex
362 1295 502 1370 duabus
532 1295 647 1396 longis
670 1308 707 1368 et
733 1293 842 1384 brevi,
870 1293 1045 1367 molossus
1074 1295 1259 1370 extribus

159 1411 289 1509 longis,
306 1411 508 1510 tribrachys
526 1437 571 1484 ex
588 1410 702 1484 tribus
722 1410 900 1483 brevibus.
944 1409 1061 1508 Igitur
1077 1409 1287 1510 simplicesz

160 1525 333 1627 duplicati
359 1527 497 1601 faciunt
523 1527 743 1626 compositos
769 1525 878 1626 pedes
906 1551 981 1610 sex,
1003 1526 1065 1622 qui
1092 1541 1176 1599 sunt
1202 1527 1260 1600 hi:

160 1669 205 1716 ex
233 1641 393 1742 spondeo
410 1655 446 1716 et
471 1643 683 1744 pyrrhichio
700 1643 838 1717 ionicus
864 1641 923 1716 ἆτό
947 1643 1090 1738 μείζονος,
1106 1671 1151 1717 ex
1178 1671 1262 1744 pyr·

160 1757 303 1832 rhichio
327 1771 365 1832 et
390 1758 549 1858 spondeo
574 1758 712 1832 ionicus
738 1758 797 1832 ἀπὸ
820 1761 994 1844 ἐλάσσονος,
1013 1785 1057 1833 ex
1084 1761 1208 1834 chorio
1225 1775 1260 1834 et

159 1874 284 1948 iambo
300 1873 543 1964 choriambus,
561 1901 607 1948 ex
631 1874 753 1948 iambo
771 1890 808 1948 et
825 1875 949 1949 chorio
967 1876 1197 1976 antispastus,
1214 1903 1259 1950 ex

159 1990 321 2064 troehaeo
338 2004 375 2063 et
392 1989 603 2090 pyrrhichio
620 2003 746 2090 lpaeon
761 1991 911 2091 primus,
928 2017 972 2063 ex
988 1991 1110 2064 iambo
1124 2009 1159 2065 et
1178 2019 1262 2092 pyr-

161 2107 304 2181 rhichio
319 2119 440 2208 'paeon
458 2107 602 2204 δεύτερος,
619 2117 685 2180 ⁸ex
703 2107 913 2207 pyrrhichio
927 2121 962 2180 et
981 2107 1138 2180 trochaeo
1155 2135 1259 2208 paeon

160 2225 274 2325 τρίτος,
290 2249 336 2298 cx
353 2222 564 2324 pyrrhichio
581 2237 617 2297 et
634 2224 757 2296 iambo
774 2249 877 2322 poeon
890 2223 1044 2320 τέταρτος,
1057 2250 1101 2296 ex
1119 2223 1260 2298 duobus

160 2339 329 2414 trochaeis
355 2337 584 2429 ditrochaeus,
609 2363 656 2412 ex
681 2335 822 2411 duobus
846 2337 975 2410 iambis
1000 2337 1192 2426 diiambus,
1216 2366 1261 2412 ex

162 2455 306 2529 duobus
335 2453 502 2554 spondeis
534 2453 763 2556 dispondeus,
790 2479 836 2527 ex
869 2452 1010 2526 duobus
1042 2453 1261 2553 pyrrhichiis

163 2569 513 2672 proceleusmaticus,
529 2595 576 2642 ex
594 2570 716 2643 iambo
733 2583 771 2642 et
796 2569 956 2668 spondeo
973 2569 1162 2668 bepitritus
1189 2571 1262 2670 pri-

162 2715 258 2778 mus,
285 2713 331 2761 ex
358 2689 515 2760 troelraeo
546 2699 583 2760 ct
612 2685 773 2786 spondeo
801 2685 967 2786 epitritus
1001 2685 1190 2776 secundus,
1217 2713 1261 2760 ex

164 2805 325 2906 spondeo
342 2821 379 2878 et
404 2805 526 2878 iambo
543 2804 708 2904 epitritus
731 2803 870 2894 tertius,
887 2829 931 2876 ex
958 2803 1118 2904 spondeo
1135 2818 1172 2877 et
1192 2818 1263 2876 tro-

164 2923 264 2996 ehaeo
281 2922 446 3022 epitritus
464 2935 623 3020 quartus.

214 3036 313 3137 Ergo
326 3063 410 3110 cum
427 3061 520 3109 unus
540 3061 602 3135 pes
620 3036 776 3136 simplex
790 3036 845 3109 bis
862 3035 1000 3136 positus
1018 3035 1290 3135 compositum3

164 3153 294 3254 pedem
320 3151 456 3240 fecerit,
475 3151 600 3224 Graeee
627 3149 766 3248 συζυγία,
784 3149 915 3224 Latine
942 3148 1149 3250 conjugatio
1174 3149 1263 3224 dici-

162 3283 233 3342 tur.
286 3265 382 3340 Haec
399 3282 519 3339 autem
537 3292 621 3340 cum
640 3265 730 3340 duos
749 3266 857 3365 pedes
875 3265 1009 3340 similes
1020 3265 1144 3364 jungit
1161 3275 1263 3339 “tan-

164 3383 320 3481 topodio,
337 3408 420 3456 cum
439 3381 595 3455 diversos
613 3381 758 3480 dipodio
776 3381 984 3482 appellatur.
1029 3380 1080 3454 Hi
1099 3396 1183 3454 sunt
1200 3381 1263 3479 qui

164 3503 201 3576 in
227 3525 333 3575 usum
352 3511 505 3597 excepto
523 3498 667 3596 dactylo
684 3497 850 3571 omnium
877 3497 1079 3571 carminum
1102 3499 1263 3587 veniunt,

164 3617 227 3715 qui
246 3615 425 3715 gressibus
443 3613 646 3688 “alternatis
661 3615 761 3711 quasi
775 3613 958 3704 incedunt,
972 3640 1036 3714 per
1051 3640 1171 3689 versus
1186 3641 1263 3690 mo-

164 3745 304 3806 ventur.
340 3729 415 3806 Hic
432 3744 486 3803 est
504 3743 624 3804 motus
642 3745 679 3803 et
696 3729 880 3829 ingressio,
899 3755 1009 3827 quam
1027 3729 1142 3804 Grseci
1163 3731 1263 3804 basin

206 3983 214 4017 ²
230 3981 351 4040 hrenihm
364 3999 423 4039 orn.
439 3981 473 4038 V.
535 3953 538 3960 .
555 3990 570 4021 v
585 3982 671 4056 hreni]
689 3989 716 4039 et
730 3981 804 4038 hreni
819 3981 854 4039 V.
939 3989 961 4022 v
976 3979 1072 4054 lorrgo]
1089 3981 1212 4054 erlongo
1228 3981 1262 4040 V.

164 4069 181 4103 ¹
195 4061 332 4120 Ordinem
347 4061 529 4140 periodorum
545 4063 649 4119 mutari
664 4080 728 4121 eum
744 4061 780 4118 V.
862 4071 967 4137 rpaeon
979 4059 1097 4136 primast
1111 4077 1189 4136 peon
1199 4086 1262 4138 τρω-

163 4163 205 4208 ‘mr
218 4142 255 4200 V.
338 4153 352 4186 Ι
366 4141 504 4216 discolius]
522 4159 603 4219 poeon
618 4148 723 4218 hrurspor
735 4141 772 4200 V.
845 4151 903 4199 *ex
915 4141 1074 4216 pyrrhichio
1085 4159 1162 4218 poeon
1177 4166 1262 4218 τριτος,

165 4241 199 4278 er
209 4223 368 4298 pyr-rhichio
382 4232 409 4280 et
422 4223 512 4282 iambo
525 4241 605 4297 peon
618 4247 735 4299 τεταρτος
748 4241 782 4280 er
795 4223 898 4279 duobus
913 4223 1035 4278 trochoeia
1049 4224 1220 4292 ditrochaeus,
1232 4245 1265 4282 en
1373 4253 1375 4258 ·

165 4304 268 4361 duobus
282 4306 378 4362 iambis
390 4308 485 4371 διτλους
501 4305 605 4360 iambus
618 4304 654 4360 V.
676 4323 728 4382 pro
742 4303 791 4360 Er
800 4303 960 4378 pyrrhichio
976 4343 984 4358 .
1000 4343 1007 4356 .
1023 4343 1030 4358 .
1045 4305 1135 4361 iambo
1149 4321 1182 4361 ex
1195 4307 1264 4362 dno-

166 4383 214 4440 bus
241 4385 363 4442 trocheis
386 4431 393 4444 .
413 4430 419 4444 .
436 4428 443 4442 .
462 4403 495 4442 ea
519 4385 678 4459 pyrrhichio
700 4391 728 4442 et
749 4427 802 4442 ...
824 4403 857 4440 en
880 4383 983 4438 duobus
1004 4383 1100 4442 iambis
1120 4387 1264 4442 diiambus.

165 4458 182 4505 b
196 4467 320 4538 epitritos
330 4465 448 4542 primus]
466 4468 592 4539 epitritus
605 4469 710 4540 aurp,
723 4465 760 4522 V.
836 4473 850 4506 ⁰
865 4463 1039 4538 tautopndin]
1056 4467 1219 4537 cnrrtopodio
1230 4465 1265 4521 V.

165 4539 181 4584 ‘¹
195 4548 356 4622 climatis]
373 4549 506 4604 nhcrnnti
519 4545 556 4602 V.
