3124 5120
700 380 823 456 Marii
842 379 1026 454 Victorini
1293 400 1367 450 ms.
1386 401 1414 450 1.

513 665 621 746 Con.
640 665 759 748 XXI.
810 662 1005 748 Deoititls
1022 689 1223 745 versuum.

365 819 465 894 Inter
482 819 562 906 alia,
578 845 659 916 quae
685 818 721 892 in
751 815 873 890 metris
895 811 1042 886 vitanda
1064 839 1142 886 esse
1168 811 1418 912 precepimus,

313 937 381 1007 tria
398 933 453 1006 vel
472 933 631 1006 maxime
659 931 736 1006 hoec
760 929 982 1005 observanda
998 929 1085 1004 vitia
1102 929 1207 1003 nobis
1224 943 1319 1014 sunt,
1337 929 1419 1028 qui-

315 1051 380 1124 bus
398 1048 574 1122 vulnerati
593 1073 713 1122 versus
740 1046 1006 1131 claudicabunt,
1023 1071 1103 1144 quoe
1129 1043 1301 1118 trifariam
1329 1071 1418 1117 eon-

285 1165 469 1264 ²tingunt
521 1162 619 1238 Nam
647 1175 729 1236 'sut
755 1162 793 1236 in
817 1162 1007 1262 principio,
1034 1173 1097 1234 aut
1122 1159 1327 1248 medietate,
1352 1172 1418 1232 aut

314 1279 348 1352 in
368 1291 530 1352 extrema
548 1279 603 1354 sui
622 1291 722 1380 parte
739 1289 1027 1376 corrumpuntur.
1080 1275 1197 1376 Igitur
1216 1273 1319 1372 cujus
1345 1273 1418 1346 ini-

312 1395 404 1468 tium
435 1421 500 1494 pro
527 1393 734 1468 conditione
763 1392 918 1492 propriae
948 1389 1037 1490 legis
1066 1415 1293 1489 nequaquam
1324 1390 1418 1462 inte-

313 1536 418 1608 grum
445 1509 668 1610 processerit,
685 1509 842 1600 ἀκέφαλος
864 1505 1007 1590 dicitur,
1024 1505 1136 1580 veluti
1154 1504 1272 1604 capite
1291 1503 1418 1576 tinmi-

313 1637 423 1698 nutoz
450 1637 502 1714 ut,

464 1735 677 1812 Fluviomm
693 1762 761 1810 ren
777 1735 978 1810 Eridanus.

314 1853 422 1939 Item,

462 1949 620 2024 Adicias
636 1975 703 2024 nec
719 1961 755 2024 te
772 1949 887 2024 ultim
902 1949 1075 2024 violentia
1091 1951 1224 2024 vincat.

284 2081 358 2154 sln
377 2081 519 2154 'media
536 2107 619 2154 vero
637 2093 738 2180 parte
755 2081 860 2154 laesus
877 2081 1012 2180 λογαρὸς
1028 2081 1247 2182 appellatur:
1275 2094 1326 2169 ut,

465 2193 772 2298 Anchisensaoio
790 2207 939 2270 certum.

314 2311 457 2394 Quibus
474 2313 536 2409 qui
559 2311 757 2402 medentur,
775 2313 892 2386 finalis
917 2311 1065 2414 syllnbae
1083 2311 1314 2385 excusatione
1335 2337 1421 2383 suc-

314 2441 473 2512 currunt,
499 2455 546 2500 ne
573 2427 692 2502 medis
712 2453 834 2502 versus
860 2427 943 2502 sede
967 2427 1108 2500 iambus
1135 2428 1309 2500 habentur
1332 2451 1421 2499 can-

313 2555 443 2632 santes,
460 2542 557 2640 quod
584 2555 685 2642 parte
702 2543 873 2616 orationis
899 2543 1090 2617 terminata
1113 2543 1303 2643 prolonga
1321 2541 1421 2642 posi-

313 2658 412 2730 tione
430 2657 639 2756 necipiendn
657 2659 714 2743 sit,
731 2673 784 2746 ut,

315 2887 349 2960 E
466 2790 589 2867 Quom
606 2789 861 2892 Junosertur.

350 2903 376 2978 t,
468 2987 563 3067 Quis
580 2997 618 3064 te
633 3013 765 3088 magne
785 2985 877 3062 Cato
894 2989 1058 3062 tacitum.

316 3103 423 3190 Item,

470 3199 597 3273 Classe
613 3199 700 3274 vetio
717 3226 865 3275 mecum.

287 3333 367 3419 ,At
391 3330 428 3402 in
456 3330 584 3403 ultima
617 3332 782 3429 Ἰ’μείουρος
814 3334 862 3405 ob
890 3331 1187 3424 decurtationem,
1224 3345 1266 3406 nt
1299 3334 1422 3407 Graeci

316 3446 495 3531 dixerunt,
510 3444 648 3533 caudae,
666 3445 702 3518 id
721 3459 786 3536 est,
803 3447 950 3520 extimoe
975 3447 1107 3546 partis:
1134 3465 1174 3522 ut
1190 3461 1246 3523 est
1263 3449 1324 3522 iile
1340 3473 1424 3522 ver-

317 3589 377 3634 sus
395 3559 492 3661 apud
510 3560 730 3651 Romnum,

466 3685 567 3776 Τρῶες
583 3677 629 3750 *δ’
651 3677 811 3778 ἐρρίγησαν
827 3677 902 3760 ὅπως
919 3677 982 3752 ἴδον
998 3677 1097 3752 αἴολον
1113 3676 1192 3772 ὅφιν.

318 3791 434 3888 Cujus
451 3793 620 3892 exemplo
637 3791 746 3866 etism
765 3819 831 3866 nos
849 3807 993 3868 utemur
1009 3793 1071 3879 its,

469 3907 631 3980 Attoniti
654 3907 765 3982 dines
781 3910 857 3982 viso
873 3921 1040 4008 serpente
1050 3911 1234 4007 pavitant.

290 4021 388 4106 5Cui
414 4021 562 4119 quidam
587 4022 638 4095 its
666 4023 867 4114 medentur,
890 4037 931 4097 ut
953 4024 1077 4099 dicant
1100 4025 1305 4099 Homerum
1335 4027 1425 4100 artis

319 4137 468 4236 poetices
489 4149 628 4236 patrem
656 4138 839 4238 geminata
860 4139 976 4214 littera
994 4139 1089 4234 ὅφφον
1105 4140 1251 4232 dixisse,
1268 4141 1363 4216 siout
1384 4157 1426 4217 et

361 4327 446 4401 ⁸sut]
463 4339 495 4386 ut
508 4328 539 4386 P.
631 4329 643 4370 ²
657 4327 822 4405 imminuto]
838 4329 981 4390 inminuto
995 4332 1027 4390 P.
1120 4343 1137 4374 v
1150 4332 1256 4408 medis]
1275 4335 1370 4394 medio
1385 4333 1423 4394 P.

319 4408 468 4546 Risimus]
487 4407 593 4468 miums
607 4409 637 4466 P.
652 4419 682 4466 et
695 4409 776 4468 intre.
882 4422 898 4454 ¹
912 4415 933 4470 t·
947 4413 1088 4488 ἱροίῃσοοο]
1104 4416 1234 4489 &pamm
1248 4415 1279 4472 P.
1291 4414 1340 4491 qui
1355 4435 1423 4474 mox
