<?xml version="1.0" encoding="UTF-8"?>
<!DOCTYPE html PUBLIC "-//W3C//DTD XHTML 1.0 Transitional//EN"
    "http://www.w3.org/TR/xhtml1/DTD/xhtml1-transitional.dtd">
<html xmlns="http://www.w3.org/1999/xhtml" xml:lang="en" lang="en">
 <head>
  <title>
</title>
<meta http-equiv="Content-Type" content="text/html;charset=utf-8" />
  <meta name='ocr-system' content='tesseract 3.04.00' />
  <meta name='ocr-capabilities' content='ocr_page ocr_carea ocr_par ocr_line ocrx_word'/>
</head>
<body>
  <div class='ocr_page' id='page_1' title='image "./scriptoreslatin00gaisgoog_0467.png"; bbox 0 0 2980 5142; ppageno 0'>
   <div class='ocr_carea' id='block_1_1' title="bbox 132 419 1242 522">
    <p class='ocr_par' dir='ltr' id='par_1_1' title="bbox 132 419 1242 522">
     <span class='ocr_line' id='line_1_1' title="bbox 132 419 1242 522; baseline 0.007 -29"><span class='ocrx_word' id='word_1_1' title='bbox 132 443 222 496; x_wconf 75' lang='lat' dir='ltr'><strong>car.</strong></span> <span class='ocrx_word' id='word_1_2' title='bbox 235 437 270 513; x_wconf 89' lang='lat'><strong>9.</strong></span> <span class='ocrx_word' id='word_1_3' title='bbox 448 419 514 494; x_wconf 85' lang='lat' dir='ltr'><strong>De</strong></span> <span class='ocrx_word' id='word_1_4' title='bbox 525 423 706 520; x_wconf 82' lang='lat' dir='ltr'><strong>poematis</strong></span> <span class='ocrx_word' id='word_1_5' title='bbox 718 423 926 522; x_wconf 78' lang='lat' dir='ltr'><strong>generibus.</strong></span> <span class='ocrx_word' id='word_1_6' title='bbox 1167 441 1242 518; x_wconf 79' lang='grc'><strong>449</strong></span> 
     </span>
    </p>
   </div>
   <div class='ocr_carea' id='block_1_2' title="bbox 44 603 1276 3248">
    <p class='ocr_par' dir='ltr' id='par_1_2' title="bbox 243 603 1062 691">
     <span class='ocr_line' id='line_1_2' title="bbox 243 603 1062 691; baseline 0.001 -21"><span class='ocrx_word' id='word_1_7' title='bbox 243 604 396 670; x_wconf 82' lang='lat' dir='ltr'><strong>Carmine</strong></span> <span class='ocrx_word' id='word_1_8' title='bbox 409 605 465 690; x_wconf 78' lang='lat' dir='ltr'><strong>qai</strong></span> <span class='ocrx_word' id='word_1_9' title='bbox 480 605 607 691; x_wconf 80' lang='lat' dir='ltr'><strong>tragico</strong></span> <span class='ocrx_word' id='word_1_10' title='bbox 622 603 714 668; x_wconf 77' lang='lat' dir='ltr'><strong>vilem</strong></span> <span class='ocrx_word' id='word_1_11' title='bbox 728 607 863 670; x_wconf 61' lang='lat' dir='ltr'><strong>ciriaca</strong></span> <span class='ocrx_word' id='word_1_12' title='bbox 876 607 914 672; x_wconf 87' lang='lat' dir='ltr'><strong>ob</strong></span> <span class='ocrx_word' id='word_1_13' title='bbox 927 607 1062 684; x_wconf 75' lang='lat' dir='ltr'><strong>bircam,</strong></span> 
     </span>
    </p>

    <p class='ocr_par' dir='ltr' id='par_1_3' title="bbox 126 705 1236 1041">
     <span class='ocr_line' id='line_1_3' title="bbox 241 705 935 792; baseline 0.003 -23"><span class='ocrx_word' id='word_1_14' title='bbox 241 706 342 769; x_wconf 78' lang='lat' dir='ltr'><strong>³Moar</strong></span> <span class='ocrx_word' id='word_1_15' title='bbox 356 707 450 768; x_wconf 84' lang='lat' dir='ltr'><strong>ctiam</strong></span> <span class='ocrx_word' id='word_1_16' title='bbox 465 707 621 792; x_wconf 74' lang='lat' dir='ltr'><strong>agrcslcia</strong></span> <span class='ocrx_word' id='word_1_17' title='bbox 636 705 773 792; x_wconf 76' lang='lat' dir='ltr'><strong>Satyrou</strong></span> <span class='ocrx_word' id='word_1_18' title='bbox 787 707 935 772; x_wconf 82' lang='lat' dir='ltr'><strong>nudauit.</strong></span> 
     </span>
     <span class='ocr_line' id='line_1_4' title="bbox 126 833 1236 936; baseline 0.004 -28"><span class='ocrx_word' id='word_1_19' title='bbox 126 835 183 908; x_wconf 90' lang='lat' dir='ltr'><strong>Et</strong></span> <span class='ocrx_word' id='word_1_20' title='bbox 200 834 374 933; x_wconf 81' lang='lat' dir='ltr'><strong>Virgilius</strong></span> <span class='ocrx_word' id='word_1_21' title='bbox 391 835 428 906; x_wconf 89' lang='lat' dir='ltr'><strong>in</strong></span> <span class='ocrx_word' id='word_1_22' title='bbox 448 833 652 931; x_wconf 80' lang='lat' dir='ltr'><strong>Georgicon</strong></span> <span class='ocrx_word' id='word_1_23' title='bbox 672 835 842 924; x_wconf 87' lang='lat' dir='ltr'><strong>secundo,</strong></span> <span class='ocrx_word' id='word_1_24' title='bbox 860 862 943 910; x_wconf 87' lang='lat' dir='ltr'><strong>curn</strong></span> <span class='ocrx_word' id='word_1_25' title='bbox 963 849 1000 908; x_wconf 90' lang='lat' dir='ltr'><strong>et</strong></span> <span class='ocrx_word' id='word_1_26' title='bbox 1017 836 1105 910; x_wconf 86' lang='lat' dir='ltr'><strong>sacri</strong></span> <span class='ocrx_word' id='word_1_27' title='bbox 1124 849 1236 936; x_wconf 85' lang='lat' dir='ltr'><strong>genus</strong></span> 
     </span>
     <span class='ocr_line' id='line_1_5' title="bbox 128 949 1185 1041; baseline 0.001 -17"><span class='ocrx_word' id='word_1_28' title='bbox 128 963 323 1036; x_wconf 85' lang='lat' dir='ltr'><strong>monstrat,</strong></span> <span class='ocrx_word' id='word_1_29' title='bbox 341 963 378 1023; x_wconf 90' lang='lat' dir='ltr'><strong>et</strong></span> <span class='ocrx_word' id='word_1_30' title='bbox 396 975 540 1022; x_wconf 86' lang='lat' dir='ltr'><strong>causam</strong></span> <span class='ocrx_word' id='word_1_31' title='bbox 560 949 641 1022; x_wconf 89' lang='lat' dir='ltr'><strong>talis</strong></span> <span class='ocrx_word' id='word_1_32' title='bbox 661 950 787 1024; x_wconf 81' lang='lat' dir='ltr'><strong>hostiae</strong></span> <span class='ocrx_word' id='word_1_33' title='bbox 805 950 921 1024; x_wconf 84' lang='lat' dir='ltr'><strong>reddit</strong></span> <span class='ocrx_word' id='word_1_34' title='bbox 940 951 995 1024; x_wconf 85' lang='lat' dir='ltr'><strong>hia</strong></span> <span class='ocrx_word' id='word_1_35' title='bbox 1012 954 1185 1041; x_wconf 86' lang='lat' dir='ltr'><strong>versibus,</strong></span> 
     </span>
    </p>

    <p class='ocr_par' dir='ltr' id='par_1_4' title="bbox 244 1075 1115 1163">
     <span class='ocr_line' id='line_1_6' title="bbox 244 1075 1115 1163; baseline 0.002 -23"><span class='ocrx_word' id='word_1_36' title='bbox 244 1077 319 1140; x_wconf 86' lang='lat' dir='ltr'><strong>Non</strong></span> <span class='ocrx_word' id='word_1_37' title='bbox 331 1077 430 1140; x_wconf 86' lang='lat' dir='ltr'><strong>aliam</strong></span> <span class='ocrx_word' id='word_1_38' title='bbox 445 1076 482 1139; x_wconf 84' lang='lat' dir='ltr'><strong>ab</strong></span> <span class='ocrx_word' id='word_1_39' title='bbox 495 1075 621 1162; x_wconf 67' lang='lat' dir='ltr'><strong>crebram</strong></span> <span class='ocrx_word' id='word_1_40' title='bbox 637 1075 761 1138; x_wconf 78' lang='lat' dir='ltr'><strong>Bccclro</strong></span> <span class='ocrx_word' id='word_1_41' title='bbox 776 1097 872 1163; x_wconf 77' lang='lat' dir='ltr'><strong>caper</strong></span> <span class='ocrx_word' id='word_1_42' title='bbox 886 1077 1031 1141; x_wconf 81' lang='lat' dir='ltr'><strong>omnibus</strong></span> <span class='ocrx_word' id='word_1_43' title='bbox 1044 1078 1115 1142; x_wconf 80' lang='lat' dir='ltr'><strong>aris</strong></span> 
     </span>
    </p>

    <p class='ocr_par' dir='ltr' id='par_1_5' title="bbox 127 1179 1276 1963">
     <span class='ocr_line' id='line_1_7' title="bbox 243 1179 397 1244; baseline -0.026 0"><span class='ocrx_word' id='word_1_44' title='bbox 243 1179 397 1244; x_wconf 76' lang='lat' dir='ltr'><strong>Creditur.</strong></span> 
     </span>
     <span class='ocr_line' id='line_1_8' title="bbox 129 1295 1276 1394; baseline -0.002 -24"><span class='ocrx_word' id='word_1_45' title='bbox 129 1297 223 1370; x_wconf 72' lang='lat' dir='ltr'><strong>‘Alii</strong></span> <span class='ocrx_word' id='word_1_46' title='bbox 243 1311 362 1370; x_wconf 88' lang='lat' dir='ltr'><strong>autem</strong></span> <span class='ocrx_word' id='word_1_47' title='bbox 392 1309 522 1394; x_wconf 90' lang='lat' dir='ltr'><strong>putant</strong></span> <span class='ocrx_word' id='word_1_48' title='bbox 549 1322 568 1366; x_wconf 90' lang='lat' dir='ltr'><strong>a</strong></span> <span class='ocrx_word' id='word_1_49' title='bbox 592 1295 692 1382; x_wconf 72' lang='lat' dir='ltr'><strong>fasec,</strong></span> <span class='ocrx_word' id='word_1_50' title='bbox 709 1321 817 1392; x_wconf 90' lang='lat' dir='ltr'><strong>quam</strong></span> <span class='ocrx_word' id='word_1_51' title='bbox 845 1296 1056 1388; x_wconf 80' lang='lat' dir='ltr'><strong>Groecorurn</strong></span> <span class='ocrx_word' id='word_1_52' title='bbox 1087 1295 1233 1394; x_wconf 86' lang='lat' dir='ltr'><strong>quidam</strong></span> <span class='ocrx_word' id='word_1_53' title='bbox 1251 1323 1276 1358; x_wconf 86' lang='lat'><strong>11</strong></span> 
     </span>
     <span class='ocr_line' id='line_1_9' title="bbox 127 1410 1236 1511; baseline -0.001 -25"><span class='ocrx_word' id='word_1_54' title='bbox 127 1413 230 1510; x_wconf 70' lang='grc' dir='ltr'><strong><em>τρύγα</em></strong></span> <span class='ocrx_word' id='word_1_55' title='bbox 263 1411 459 1511; x_wconf 86' lang='lat' dir='ltr'><strong>appellant,</strong></span> <span class='ocrx_word' id='word_1_56' title='bbox 489 1410 704 1508; x_wconf 90' lang='lat' dir='ltr'><strong>tragoediam</strong></span> <span class='ocrx_word' id='word_1_57' title='bbox 738 1410 974 1500; x_wconf 85' lang='lat' dir='ltr'><strong>nominatam,</strong></span> <span class='ocrx_word' id='word_1_58' title='bbox 1002 1425 1088 1510; x_wconf 76' lang='lat' dir='ltr'><strong>vper</strong></span> <span class='ocrx_word' id='word_1_59' title='bbox 1119 1425 1236 1504; x_wconf 64' lang='lat' dir='ltr'><strong>muta7</strong></span> 
     </span>
     <span class='ocr_line' id='line_1_10' title="bbox 129 1525 1235 1624; baseline 0.001 -24"><span class='ocrx_word' id='word_1_60' title='bbox 129 1528 304 1600; x_wconf 87' lang='lat' dir='ltr'><strong>tationem</strong></span> <span class='ocrx_word' id='word_1_61' title='bbox 333 1528 528 1600; x_wconf 89' lang='lat' dir='ltr'><strong>litterarum</strong></span> <span class='ocrx_word' id='word_1_62' title='bbox 549 1559 567 1598; x_wconf 79' lang='grc' dir='ltr'><strong>υ</strong></span> <span class='ocrx_word' id='word_1_63' title='bbox 584 1527 620 1598; x_wconf 92' lang='lat' dir='ltr'><strong>in</strong></span> <span class='ocrx_word' id='word_1_64' title='bbox 639 1561 661 1598; x_wconf 82' lang='lat' dir='ltr'><strong>a</strong></span> <span class='ocrx_word' id='word_1_65' title='bbox 677 1552 829 1615; x_wconf 89' lang='lat' dir='ltr'><strong>versam,</strong></span> <span class='ocrx_word' id='word_1_66' title='bbox 847 1525 1020 1624; x_wconf 89' lang='lat' dir='ltr'><strong>quoniam</strong></span> <span class='ocrx_word' id='word_1_67' title='bbox 1037 1527 1125 1600; x_wconf 87' lang='lat' dir='ltr'><strong>olim</strong></span> <span class='ocrx_word' id='word_1_68' title='bbox 1143 1555 1235 1601; x_wconf 92' lang='lat' dir='ltr'><strong>non-</strong></span> 
     </span>
     <span class='ocr_line' id='line_1_11' title="bbox 128 1641 1232 1745; baseline 0.002 -29"><span class='ocrx_word' id='word_1_69' title='bbox 128 1643 219 1716; x_wconf 90' lang='lat' dir='ltr'><strong>dum</strong></span> <span class='ocrx_word' id='word_1_70' title='bbox 248 1643 407 1743; x_wconf 85' lang='lat' dir='ltr'><strong>personis</strong></span> <span class='ocrx_word' id='word_1_71' title='bbox 431 1670 451 1714; x_wconf 84' lang='lat' dir='ltr'><strong>a</strong></span> <span class='ocrx_word' id='word_1_72' title='bbox 473 1641 658 1742; x_wconf 89' lang='lat' dir='ltr'><strong>Thespide</strong></span> <span class='ocrx_word' id='word_1_73' title='bbox 683 1643 843 1740; x_wconf 84' lang='lat' dir='ltr'><strong>repertis,</strong></span> <span class='ocrx_word' id='word_1_74' title='bbox 860 1642 962 1714; x_wconf 86' lang='lat' dir='ltr'><strong>taleis</strong></span> <span class='ocrx_word' id='word_1_75' title='bbox 988 1643 1126 1716; x_wconf 85' lang='lat' dir='ltr'><strong>fabulas</strong></span> <span class='ocrx_word' id='word_1_76' title='bbox 1154 1657 1232 1745; x_wconf 87' lang='lat' dir='ltr'><strong>&#39;per-</strong></span> 
     </span>
     <span class='ocr_line' id='line_1_12' title="bbox 129 1759 1232 1858; baseline 0.002 -27"><span class='ocrx_word' id='word_1_77' title='bbox 129 1760 231 1832; x_wconf 87' lang='lat' dir='ltr'><strong>uncti</strong></span> <span class='ocrx_word' id='word_1_78' title='bbox 250 1787 310 1832; x_wconf 92' lang='lat' dir='ltr'><strong>ora</strong></span> <span class='ocrx_word' id='word_1_79' title='bbox 329 1759 477 1834; x_wconf 71' lang='lat' dir='ltr'><strong>fascibus</strong></span> <span class='ocrx_word' id='word_1_80' title='bbox 503 1759 700 1858; x_wconf 79' lang='lat' dir='ltr'><strong>agitabant,</strong></span> <span class='ocrx_word' id='word_1_81' title='bbox 718 1772 759 1832; x_wconf 89' lang='lat' dir='ltr'><strong>ut</strong></span> <span class='ocrx_word' id='word_1_82' title='bbox 776 1772 950 1832; x_wconf 75' lang='lat' dir='ltr'><strong>Wrursum</strong></span> <span class='ocrx_word' id='word_1_83' title='bbox 976 1772 1032 1832; x_wconf 87' lang='lat' dir='ltr'><strong>est</strong></span> <span class='ocrx_word' id='word_1_84' title='bbox 1056 1759 1232 1834; x_wconf 90' lang='lat' dir='ltr'><strong>Horatius</strong></span> 
     </span>
     <span class='ocr_line' id='line_1_13' title="bbox 129 1876 312 1963; baseline 0.005 -15"><span class='ocrx_word' id='word_1_85' title='bbox 129 1876 231 1948; x_wconf 83' lang='lat' dir='ltr'><strong>testis</strong></span> <span class='ocrx_word' id='word_1_86' title='bbox 249 1876 312 1963; x_wconf 84' lang='lat' dir='ltr'><strong>sie,</strong></span> 
     </span>
    </p>

    <p class='ocr_par' dir='ltr' id='par_1_6' title="bbox 161 2009 996 2096">
     <span class='ocr_line' id='line_1_14' title="bbox 161 2009 996 2096; baseline 0.004 -27"><span class='ocrx_word' id='word_1_87' title='bbox 161 2049 164 2058; x_wconf 49' lang='grc' dir='ltr'>ι</span> <span class='ocrx_word' id='word_1_88' title='bbox 217 2009 369 2094; x_wconf 76' lang='lat' dir='ltr'><strong>Ignotum</strong></span> <span class='ocrx_word' id='word_1_89' title='bbox 385 2010 520 2094; x_wconf 74' lang='lat' dir='ltr'><strong>tragica</strong></span> <span class='ocrx_word' id='word_1_90' title='bbox 530 2029 636 2096; x_wconf 72' lang='lat' dir='ltr'><strong>gricas</strong></span> <span class='ocrx_word' id='word_1_91' title='bbox 650 2010 809 2072; x_wconf 82' lang='lat' dir='ltr'><strong>iuvenisse</strong></span> <span class='ocrx_word' id='word_1_92' title='bbox 823 2010 996 2073; x_wconf 83' lang='lat' dir='ltr'><strong>¹Camcnae</strong></span> 
     </span>
    </p>

    <p class='ocr_par' dir='ltr' id='par_1_7' title="bbox 217 2109 1057 2196">
     <span class='ocr_line' id='line_1_15' title="bbox 217 2109 1057 2196; baseline 0.002 -24"><span class='ocrx_word' id='word_1_93' title='bbox 217 2109 360 2186; x_wconf 76' lang='lat' dir='ltr'><strong>Dicitur,</strong></span> <span class='ocrx_word' id='word_1_94' title='bbox 376 2119 405 2174; x_wconf 84' lang='lat' dir='ltr'><strong>et</strong></span> <span class='ocrx_word' id='word_1_95' title='bbox 420 2111 595 2196; x_wconf 73' lang='lat' dir='ltr'><strong>iplacairia</strong></span> <span class='ocrx_word' id='word_1_96' title='bbox 610 2113 733 2176; x_wconf 75' lang='lat' dir='ltr'><strong>vecisse</strong></span> <span class='ocrx_word' id='word_1_97' title='bbox 745 2118 891 2196; x_wconf 77' lang='lat' dir='ltr'><strong>poemata</strong></span> <span class='ocrx_word' id='word_1_98' title='bbox 910 2110 1057 2196; x_wconf 68' lang='lat' dir='ltr'><strong>Thespis,</strong></span> 
     </span>
    </p>

    <p class='ocr_par' dir='ltr' id='par_1_8' title="bbox 44 2212 1230 2876">
     <span class='ocr_line' id='line_1_16' title="bbox 218 2212 1077 2308; baseline 0 -34"><span class='ocrx_word' id='word_1_99' title='bbox 218 2212 298 2284; x_wconf 68' lang='lat' dir='ltr'><strong>Qrue</strong></span> <span class='ocrx_word' id='word_1_100' title='bbox 312 2221 461 2276; x_wconf 80' lang='lat' dir='ltr'><strong>canerent</strong></span> <span class='ocrx_word' id='word_1_101' title='bbox 473 2222 665 2300; x_wconf 67' lang='lat' dir='ltr'><strong>agerentque</strong></span> <span class='ocrx_word' id='word_1_102' title='bbox 680 2226 695 2256; x_wconf 81' lang='lat'>²</span> <span class='ocrx_word' id='word_1_103' title='bbox 701 2214 993 2308; x_wconf 79' lang='lat' dir='ltr'><strong>perranatifaecibuc</strong></span> <span class='ocrx_word' id='word_1_104' title='bbox 1006 2233 1077 2275; x_wconf 84' lang='lat' dir='ltr'><strong>ora.</strong></span> 
     </span>
     <span class='ocr_line' id='line_1_17' title="bbox 128 2329 1230 2438; baseline 0.003 -28"><span class='ocrx_word' id='word_1_105' title='bbox 128 2336 222 2410; x_wconf 72' lang='lat' dir='ltr'><strong>⁸Alii</strong></span> <span class='ocrx_word' id='word_1_106' title='bbox 250 2365 270 2410; x_wconf 90' lang='lat' dir='ltr'><strong>a</strong></span> <span class='ocrx_word' id='word_1_107' title='bbox 297 2338 380 2410; x_wconf 92' lang='lat' dir='ltr'><strong>vino</strong></span> <span class='ocrx_word' id='word_1_108' title='bbox 406 2329 634 2427; x_wconf 82' lang='lat' dir='ltr'><strong>arbitrantur,</strong></span> <span class='ocrx_word' id='word_1_109' title='bbox 657 2353 844 2438; x_wconf 86' lang='lat' dir='ltr'><strong>propterea</strong></span> <span class='ocrx_word' id='word_1_110' title='bbox 870 2339 967 2436; x_wconf 90' lang='lat' dir='ltr'><strong>quod</strong></span> <span class='ocrx_word' id='word_1_111' title='bbox 992 2340 1078 2412; x_wconf 89' lang='lat' dir='ltr'><strong>olim</strong></span> <span class='ocrx_word' id='word_1_112' title='bbox 1104 2340 1230 2414; x_wconf 89' lang='lat' dir='ltr'><strong>vinum</strong></span> 
     </span>
     <span class='ocr_line' id='line_1_18' title="bbox 129 2451 1230 2552; baseline 0.003 -26"><span class='ocrx_word' id='word_1_113' title='bbox 129 2451 361 2526; x_wconf 85' lang='lat' dir='ltr'><strong>dictitabatur</strong></span> <span class='ocrx_word' id='word_1_114' title='bbox 372 2453 455 2550; x_wconf 67' lang='grc' dir='ltr'><strong><em>τρὺξ,</em></strong></span> <span class='ocrx_word' id='word_1_115' title='bbox 470 2481 490 2526; x_wconf 89' lang='lat' dir='ltr'><strong>a</strong></span> <span class='ocrx_word' id='word_1_116' title='bbox 505 2481 578 2552; x_wconf 92' lang='lat' dir='ltr'><strong>quo</strong></span> <span class='ocrx_word' id='word_1_117' title='bbox 590 2455 735 2552; x_wconf 66' lang='grc' dir='ltr'><strong><em>τρύγητος</em></strong></span> <span class='ocrx_word' id='word_1_118' title='bbox 751 2454 929 2552; x_wconf 87' lang='lat' dir='ltr'><strong>hodieque</strong></span> <span class='ocrx_word' id='word_1_119' title='bbox 947 2453 1154 2528; x_wconf 84' lang='lat' dir='ltr'><strong>bvindemia</strong></span> <span class='ocrx_word' id='word_1_120' title='bbox 1166 2469 1230 2541; x_wconf 89' lang='lat' dir='ltr'><strong>est,</strong></span> 
     </span>
     <span class='ocr_line' id='line_1_19' title="bbox 129 2568 1228 2670; baseline 0.002 -30"><span class='ocrx_word' id='word_1_121' title='bbox 129 2569 214 2666; x_wconf 90' lang='lat' dir='ltr'><strong>quia</strong></span> <span class='ocrx_word' id='word_1_122' title='bbox 241 2569 467 2642; x_wconf 80' lang='lat' dir='ltr'><strong>Liberalibus</strong></span> <span class='ocrx_word' id='word_1_123' title='bbox 491 2570 584 2670; x_wconf 87' lang='lat' dir='ltr'><strong>apud</strong></span> <span class='ocrx_word' id='word_1_124' title='bbox 604 2571 758 2658; x_wconf 82' lang='lat' dir='ltr'><strong>Atticos,</strong></span> <span class='ocrx_word' id='word_1_125' title='bbox 775 2569 834 2642; x_wconf 86' lang='lat' dir='ltr'><strong>die</strong></span> <span class='ocrx_word' id='word_1_126' title='bbox 851 2568 943 2642; x_wconf 87' lang='lat' dir='ltr'><strong>festo</strong></span> <span class='ocrx_word' id='word_1_127' title='bbox 960 2569 1082 2642; x_wconf 89' lang='lat' dir='ltr'><strong>Liberi</strong></span> <span class='ocrx_word' id='word_1_128' title='bbox 1107 2572 1228 2668; x_wconf 86' lang='lat' dir='ltr'><strong>patria,</strong></span> 
     </span>
     <span class='ocr_line' id='line_1_20' title="bbox 44 2675 1227 2788; baseline 0.003 -32"><span class='ocrx_word' id='word_1_129' title='bbox 44 2675 47 2680; x_wconf 42' lang='lat'>¹</span> <span class='ocrx_word' id='word_1_130' title='bbox 114 2685 252 2758; x_wconf 81' lang='lat' dir='ltr'><strong>¹vinum</strong></span> <span class='ocrx_word' id='word_1_131' title='bbox 281 2687 487 2762; x_wconf 88' lang='lat' dir='ltr'><strong>cantoribus</strong></span> <span class='ocrx_word' id='word_1_132' title='bbox 513 2701 598 2788; x_wconf 77' lang='lat' dir='ltr'><strong>cpro</strong></span> <span class='ocrx_word' id='word_1_133' title='bbox 625 2685 811 2760; x_wconf 88' lang='lat' dir='ltr'><strong>corollario</strong></span> <span class='ocrx_word' id='word_1_134' title='bbox 837 2685 1001 2772; x_wconf 88' lang='lat' dir='ltr'><strong>dabatur,</strong></span> <span class='ocrx_word' id='word_1_135' title='bbox 1027 2684 1128 2782; x_wconf 85' lang='lat' dir='ltr'><strong>cujus</strong></span> <span class='ocrx_word' id='word_1_136' title='bbox 1155 2685 1227 2759; x_wconf 86' lang='lat' dir='ltr'><strong>drei</strong></span> 
     </span>
     <span class='ocr_line' id='line_1_21' title="bbox 130 2801 648 2876; baseline 0.002 -4"><span class='ocrx_word' id='word_1_137' title='bbox 130 2801 228 2873; x_wconf 86' lang='lat' dir='ltr'><strong>testis</strong></span> <span class='ocrx_word' id='word_1_138' title='bbox 246 2816 301 2873; x_wconf 84' lang='lat' dir='ltr'><strong>est</strong></span> <span class='ocrx_word' id='word_1_139' title='bbox 318 2801 482 2876; x_wconf 85' lang='lat' dir='ltr'><strong>Lucilius</strong></span> <span class='ocrx_word' id='word_1_140' title='bbox 501 2803 537 2875; x_wconf 90' lang='lat' dir='ltr'><strong>in</strong></span> <span class='ocrx_word' id='word_1_141' title='bbox 556 2803 648 2875; x_wconf 90' lang='lat' dir='ltr'><strong>Xll.</strong></span> 
     </span>
    </p>

    <p class='ocr_par' dir='ltr' id='par_1_9' title="bbox 178 2915 1273 3018">
     <span class='ocr_line' id='line_1_22' title="bbox 178 2915 1273 3018; baseline 0 -30"><span class='ocrx_word' id='word_1_142' title='bbox 178 2915 371 2990; x_wconf 88' lang='lat' dir='ltr'><strong>Comoedia</strong></span> <span class='ocrx_word' id='word_1_143' title='bbox 394 2931 448 2990; x_wconf 91' lang='lat' dir='ltr'><strong>est</strong></span> <span class='ocrx_word' id='word_1_144' title='bbox 474 2919 619 3018; x_wconf 75' lang='lat' dir='ltr'><strong>privatae</strong></span> <span class='ocrx_word' id='word_1_145' title='bbox 643 2917 830 3016; x_wconf 80' lang='lat' dir='ltr'><strong>civilisque</strong></span> <span class='ocrx_word' id='word_1_146' title='bbox 853 2916 1005 2988; x_wconf 87' lang='lat' dir='ltr'><strong>fortunae</strong></span> <span class='ocrx_word' id='word_1_147' title='bbox 1036 2915 1113 2988; x_wconf 87' lang='lat' dir='ltr'><strong>sine</strong></span> <span class='ocrx_word' id='word_1_148' title='bbox 1136 2919 1273 3016; x_wconf 72' lang='lat' dir='ltr'><strong>peri-12</strong></span> 
     </span>
    </p>

    <p class='ocr_par' dir='ltr' id='par_1_10' title="bbox 129 3031 1228 3248">
     <span class='ocr_line' id='line_1_23' title="bbox 129 3031 1226 3132; baseline 0.005 -30"><span class='ocrx_word' id='word_1_149' title='bbox 129 3031 211 3102; x_wconf 91' lang='lat' dir='ltr'><strong>culo</strong></span> <span class='ocrx_word' id='word_1_150' title='bbox 237 3031 321 3104; x_wconf 89' lang='lat' dir='ltr'><strong>vitae</strong></span> <span class='ocrx_word' id='word_1_151' title='bbox 351 3033 639 3131; x_wconf 63' lang='lat' dir='ltr'><strong>comprehensu,</strong></span> <span class='ocrx_word' id='word_1_152' title='bbox 666 3033 760 3132; x_wconf 88' lang='lat' dir='ltr'><strong>apud</strong></span> <span class='ocrx_word' id='word_1_153' title='bbox 796 3033 944 3106; x_wconf 85' lang='lat' dir='ltr'><strong>Graecos</strong></span> <span class='ocrx_word' id='word_1_154' title='bbox 979 3033 1029 3103; x_wconf 91' lang='lat' dir='ltr'><strong>ita</strong></span> <span class='ocrx_word' id='word_1_155' title='bbox 1058 3031 1226 3107; x_wconf 86' lang='lat' dir='ltr'><strong>definita:</strong></span> 
     </span>
     <span class='ocr_line' id='line_1_24' title="bbox 129 3147 1228 3248; baseline 0.001 -30"><span class='ocrx_word' id='word_1_156' title='bbox 129 3147 266 3246; x_wconf 65' lang='grc' dir='ltr'><strong>κωμῳδία</strong></span> <span class='ocrx_word' id='word_1_157' title='bbox 290 3148 373 3221; x_wconf 81' lang='grc' dir='ltr'><strong><em>ἔστιν</em></strong></span> <span class='ocrx_word' id='word_1_158' title='bbox 398 3150 569 3223; x_wconf 70' lang='grc' dir='ltr'><strong>εἰδιωτικῶν</strong></span> <span class='ocrx_word' id='word_1_159' title='bbox 583 3152 768 3246; x_wconf 74' lang='grc' dir='ltr'><em>πραγμάτων</em></span> <span class='ocrx_word' id='word_1_160' title='bbox 784 3149 931 3230; x_wconf 75' lang='grc' dir='ltr'><strong><em>ἀκίνδυνος</em></strong></span> <span class='ocrx_word' id='word_1_161' title='bbox 954 3150 1092 3248; x_wconf 74' lang='grc' dir='ltr'>περιοχή.</span> <span class='ocrx_word' id='word_1_162' title='bbox 1157 3151 1228 3220; x_wconf 79' lang='grc'>00,-</span> 
     </span>
    </p>
   </div>
   <div class='ocr_carea' id='block_1_3' title="bbox 129 3363 1227 4447">
    <p class='ocr_par' dir='ltr' id='par_1_11' title="bbox 129 3363 1227 4447">
     <span class='ocr_line' id='line_1_25' title="bbox 169 3363 1227 3444; baseline -0.001 -23"><span class='ocrx_word' id='word_1_163' title='bbox 169 3365 265 3421; x_wconf 82' lang='lat' dir='ltr'><strong>⁸Mox</strong></span> <span class='ocrx_word' id='word_1_164' title='bbox 286 3364 371 3423; x_wconf 84' lang='lat' dir='ltr'><strong>etiarn</strong></span> <span class='ocrx_word' id='word_1_165' title='bbox 393 3368 525 3443; x_wconf 86' lang='lat' dir='ltr'><strong>agresteis</strong></span> <span class='ocrx_word' id='word_1_166' title='bbox 548 3367 662 3444; x_wconf 82' lang='lat' dir='ltr'><strong>Satyros</strong></span> <span class='ocrx_word' id='word_1_167' title='bbox 682 3363 797 3422; x_wconf 89' lang='lat' dir='ltr'><strong>nudavit</strong></span> <span class='ocrx_word' id='word_1_168' title='bbox 810 3375 841 3421; x_wconf 87' lang='lat' dir='ltr'><strong>et</strong></span> <span class='ocrx_word' id='word_1_169' title='bbox 856 3363 954 3440; x_wconf 65' lang='lat' dir='ltr'><strong>Verg]</strong></span> <span class='ocrx_word' id='word_1_170' title='bbox 978 3365 1046 3422; x_wconf 82' lang='lat' dir='ltr'><strong>Mor</strong></span> <span class='ocrx_word' id='word_1_171' title='bbox 1064 3373 1091 3421; x_wconf 86' lang='lat' dir='ltr'><strong>et</strong></span> <span class='ocrx_word' id='word_1_172' title='bbox 1111 3364 1227 3438; x_wconf 78' lang='lat' dir='ltr'><strong>Satyros</strong></span> 
     </span>
     <span class='ocr_line' id='line_1_26' title="bbox 129 3445 1226 3521; baseline 0.002 -21"><span class='ocrx_word' id='word_1_173' title='bbox 129 3449 242 3517; x_wconf 76' lang='lat' dir='ltr'><strong>agrestia</strong></span> <span class='ocrx_word' id='word_1_174' title='bbox 254 3449 366 3504; x_wconf 74' lang='lat' dir='ltr'><strong>awanii</strong></span> <span class='ocrx_word' id='word_1_175' title='bbox 379 3455 405 3504; x_wconf 85' lang='lat' dir='ltr'><strong>et</strong></span> <span class='ocrx_word' id='word_1_176' title='bbox 423 3447 555 3521; x_wconf 76' lang='lat' dir='ltr'><strong>Virgilius</strong></span> <span class='ocrx_word' id='word_1_177' title='bbox 568 3449 596 3502; x_wconf 84' lang='lat' dir='ltr'><strong>in</strong></span> <span class='ocrx_word' id='word_1_178' title='bbox 615 3448 765 3520; x_wconf 79' lang='lat' dir='ltr'><strong>Georgicon</strong></span> <span class='ocrx_word' id='word_1_179' title='bbox 780 3445 850 3502; x_wconf 73' lang='grc' dir='ltr'><strong>ΑΒ.</strong></span> <span class='ocrx_word' id='word_1_180' title='bbox 894 3445 962 3500; x_wconf 80' lang='lat' dir='ltr'><strong>Mon</strong></span> <span class='ocrx_word' id='word_1_181' title='bbox 976 3453 1007 3502; x_wconf 84' lang='lat' dir='ltr'><strong>ai</strong></span> <span class='ocrx_word' id='word_1_182' title='bbox 1023 3453 1130 3520; x_wconf 71' lang='lat' dir='ltr'><strong>satyros</strong></span> <span class='ocrx_word' id='word_1_183' title='bbox 1144 3465 1226 3519; x_wconf 85' lang='lat' dir='ltr'><strong>agre-</strong></span> 
     </span>
     <span class='ocr_line' id='line_1_27' title="bbox 129 3526 1224 3602; baseline 0.004 -22"><span class='ocrx_word' id='word_1_184' title='bbox 129 3528 175 3582; x_wconf 78' lang='lat' dir='ltr'><strong>stis</strong></span> <span class='ocrx_word' id='word_1_185' title='bbox 193 3529 346 3584; x_wconf 80' lang='lat' dir='ltr'><strong>nominarit</strong></span> <span class='ocrx_word' id='word_1_186' title='bbox 360 3535 391 3584; x_wconf 83' lang='lat' dir='ltr'><strong>ul</strong></span> <span class='ocrx_word' id='word_1_187' title='bbox 410 3527 467 3583; x_wconf 86' lang='lat' dir='ltr'><strong>Vir.</strong></span> <span class='ocrx_word' id='word_1_188' title='bbox 482 3531 511 3584; x_wconf 85' lang='lat' dir='ltr'><strong>ia</strong></span> <span class='ocrx_word' id='word_1_189' title='bbox 529 3529 562 3584; x_wconf 85' lang='lat' dir='ltr'><strong>G.</strong></span> <span class='ocrx_word' id='word_1_190' title='bbox 585 3529 619 3583; x_wconf 88' lang='lat' dir='ltr'><strong>C.</strong></span> <span class='ocrx_word' id='word_1_191' title='bbox 662 3529 730 3584; x_wconf 80' lang='lat' dir='ltr'><strong>Mor</strong></span> <span class='ocrx_word' id='word_1_192' title='bbox 748 3533 778 3582; x_wconf 80' lang='lat' dir='ltr'><strong>&#39;et</strong></span> <span class='ocrx_word' id='word_1_193' title='bbox 798 3527 898 3582; x_wconf 82' lang='lat' dir='ltr'><strong>satiras</strong></span> <span class='ocrx_word' id='word_1_194' title='bbox 917 3528 1069 3583; x_wconf 78' lang='lat' dir='ltr'><strong>nominavit</strong></span> <span class='ocrx_word' id='word_1_195' title='bbox 1092 3534 1124 3584; x_wconf 84' lang='lat' dir='ltr'><strong>at</strong></span> <span class='ocrx_word' id='word_1_196' title='bbox 1147 3526 1224 3602; x_wconf 78' lang='lat' dir='ltr'><strong>Varg.</strong></span> 
     </span>
     <span class='ocr_line' id='line_1_28' title="bbox 131 3602 1226 3686; baseline 0.002 -24"><span class='ocrx_word' id='word_1_197' title='bbox 131 3605 199 3663; x_wconf 83' lang='lat' dir='ltr'><strong>Van.</strong></span> <span class='ocrx_word' id='word_1_198' title='bbox 214 3604 263 3682; x_wconf 88' lang='lat' dir='ltr'><strong>qui</strong></span> <span class='ocrx_word' id='word_1_199' title='bbox 278 3625 344 3664; x_wconf 83' lang='lat' dir='ltr'><strong>mox</strong></span> <span class='ocrx_word' id='word_1_200' title='bbox 360 3627 468 3665; x_wconf 76' lang='lat' dir='ltr'><strong>cannen</strong></span> <span class='ocrx_word' id='word_1_201' title='bbox 483 3627 535 3686; x_wconf 88' lang='lat' dir='ltr'><strong>pro</strong></span> <span class='ocrx_word' id='word_1_202' title='bbox 549 3626 681 3666; x_wconf 75' lang='lat' dir='ltr'><strong>caunum.</strong></span> <span class='ocrx_word' id='word_1_203' title='bbox 829 3602 906 3662; x_wconf 73' lang='lat' dir='ltr'><strong>‘Alii</strong></span> <span class='ocrx_word' id='word_1_204' title='bbox 922 3617 1025 3682; x_wconf 84' lang='lat' dir='ltr'><strong>putant</strong></span> <span class='ocrx_word' id='word_1_205' title='bbox 1038 3627 1055 3664; x_wconf 91' lang='lat' dir='ltr'><strong>a</strong></span> <span class='ocrx_word' id='word_1_206' title='bbox 1069 3606 1151 3682; x_wconf 84' lang='lat' dir='ltr'><strong>saece]</strong></span> <span class='ocrx_word' id='word_1_207' title='bbox 1167 3609 1226 3664; x_wconf 84' lang='lat' dir='ltr'><strong>Alii</strong></span> 
     </span>
     <span class='ocr_line' id='line_1_29' title="bbox 131 3685 1226 3765; baseline 0.003 -24"><span class='ocrx_word' id='word_1_208' title='bbox 131 3694 218 3743; x_wconf 85' lang='lat' dir='ltr'><strong>cutem</strong></span> <span class='ocrx_word' id='word_1_209' title='bbox 229 3695 332 3760; x_wconf 78' lang='lat' dir='ltr'><strong>putant</strong></span> <span class='ocrx_word' id='word_1_210' title='bbox 345 3689 442 3764; x_wconf 82' lang='lat' dir='ltr'><strong>afferte</strong></span> <span class='ocrx_word' id='word_1_211' title='bbox 458 3689 555 3764; x_wconf 80' lang='lat' dir='ltr'><strong>(affere</strong></span> <span class='ocrx_word' id='word_1_212' title='bbox 569 3689 619 3762; x_wconf 86' lang='lat' dir='ltr'><strong>B.)</strong></span> <span class='ocrx_word' id='word_1_213' title='bbox 634 3689 704 3744; x_wconf 72' lang='lat' dir='ltr'><strong>au.</strong></span> <span class='ocrx_word' id='word_1_214' title='bbox 729 3688 786 3743; x_wconf 84' lang='lat' dir='ltr'><strong>Alii</strong></span> <span class='ocrx_word' id='word_1_215' title='bbox 802 3694 894 3743; x_wconf 73' lang='lat' dir='ltr'><strong>aalma</strong></span> <span class='ocrx_word' id='word_1_216' title='bbox 909 3685 944 3744; x_wconf 86' lang='lat' dir='ltr'><strong>C.</strong></span> <span class='ocrx_word' id='word_1_217' title='bbox 1081 3697 1097 3730; x_wconf 69' lang='lat' dir='ltr'>V</span> <span class='ocrx_word' id='word_1_218' title='bbox 1112 3707 1226 3765; x_wconf 88' lang='lat' dir='ltr'><strong>permu-</strong></span> 
     </span>
     <span class='ocr_line' id='line_1_30' title="bbox 130 3767 1224 3842; baseline 0.001 -20"><span class='ocrx_word' id='word_1_219' title='bbox 130 3767 235 3823; x_wconf 78' lang='lat' dir='ltr'><strong>tatione</strong></span> <span class='ocrx_word' id='word_1_220' title='bbox 256 3767 396 3826; x_wconf 84' lang='lat' dir='ltr'><strong>literarum</strong></span> <span class='ocrx_word' id='word_1_221' title='bbox 418 3769 446 3826; x_wconf 91' lang='lat' dir='ltr'><strong>in</strong></span> <span class='ocrx_word' id='word_1_222' title='bbox 468 3770 629 3842; x_wconf 83' lang='lat' dir='ltr'><strong>adversum]</strong></span> <span class='ocrx_word' id='word_1_223' title='bbox 651 3769 878 3842; x_wconf 78' lang='lat' dir='ltr'><strong>pennatatioaem</strong></span> <span class='ocrx_word' id='word_1_224' title='bbox 898 3767 1053 3824; x_wconf 79' lang='lat' dir='ltr'><strong>litterarum</strong></span> <span class='ocrx_word' id='word_1_225' title='bbox 1066 3775 1088 3824; x_wconf 81' lang='lat' dir='ltr'><strong>&#39;r</strong></span> <span class='ocrx_word' id='word_1_226' title='bbox 1102 3771 1130 3824; x_wconf 84' lang='lat' dir='ltr'><strong>ia</strong></span> <span class='ocrx_word' id='word_1_227' title='bbox 1144 3787 1224 3824; x_wconf 86' lang='lat' dir='ltr'><strong>caer·</strong></span> 
     </span>
     <span class='ocr_line' id='line_1_31' title="bbox 130 3847 1222 3923; baseline 0 -20"><span class='ocrx_word' id='word_1_228' title='bbox 130 3863 183 3903; x_wconf 80' lang='lat' dir='ltr'><strong>ram</strong></span> <span class='ocrx_word' id='word_1_229' title='bbox 197 3848 268 3904; x_wconf 87' lang='grc' dir='ltr'>Α.Β.</span> <span class='ocrx_word' id='word_1_230' title='bbox 283 3859 313 3906; x_wconf 89' lang='lat' dir='ltr'><strong>et</strong></span> <span class='ocrx_word' id='word_1_231' title='bbox 327 3851 360 3906; x_wconf 90' lang='lat' dir='ltr'><strong>C.</strong></span> <span class='ocrx_word' id='word_1_232' title='bbox 374 3851 437 3906; x_wconf 83' lang='lat' dir='ltr'><strong>sine</strong></span> <span class='ocrx_word' id='word_1_233' title='bbox 449 3857 479 3906; x_wconf 67' lang='lat' dir='ltr'><strong>t.</strong></span> <span class='ocrx_word' id='word_1_234' title='bbox 601 3859 624 3890; x_wconf 68' lang='grc' dir='ltr'><strong><em>Ἰ</em></strong></span> <span class='ocrx_word' id='word_1_235' title='bbox 638 3849 762 3923; x_wconf 88' lang='lat' dir='ltr'><strong>rursum]</strong></span> <span class='ocrx_word' id='word_1_236' title='bbox 780 3865 874 3906; x_wconf 76' lang='lat' dir='ltr'><strong>rursus</strong></span> <span class='ocrx_word' id='word_1_237' title='bbox 887 3847 921 3904; x_wconf 91' lang='lat' dir='ltr'><strong>B.</strong></span> <span class='ocrx_word' id='word_1_238' title='bbox 1056 3857 1072 3889; x_wconf 87' lang='lat'><em>¹</em></span> <span class='ocrx_word' id='word_1_239' title='bbox 1085 3847 1222 3920; x_wconf 84' lang='lat' dir='ltr'><strong>camenae]</strong></span> 
     </span>
     <span class='ocr_line' id='line_1_32' title="bbox 131 3927 1222 4008; baseline -0.002 -24"><span class='ocrx_word' id='word_1_240' title='bbox 131 3929 250 3984; x_wconf 83' lang='lat' dir='ltr'><strong>carmina</strong></span> <span class='ocrx_word' id='word_1_241' title='bbox 264 3931 333 3987; x_wconf 75' lang='grc' dir='ltr'><strong>ΑΒ.</strong></span> <span class='ocrx_word' id='word_1_242' title='bbox 456 3927 630 4008; x_wconf 75' lang='lat' dir='ltr'><strong>tplaustris]</strong></span> <span class='ocrx_word' id='word_1_243' title='bbox 645 3931 774 4004; x_wconf 81' lang='lat' dir='ltr'><strong>planctus</strong></span> <span class='ocrx_word' id='word_1_244' title='bbox 786 3929 822 3987; x_wconf 82' lang='lat' dir='ltr'><strong>A.</strong></span> <span class='ocrx_word' id='word_1_245' title='bbox 838 3935 865 3984; x_wconf 82' lang='lat' dir='ltr'><strong>cl</strong></span> <span class='ocrx_word' id='word_1_246' title='bbox 874 3929 990 4001; x_wconf 77' lang='lat' dir='ltr'><strong>plautas</strong></span> <span class='ocrx_word' id='word_1_247' title='bbox 1003 3927 1039 3984; x_wconf 90' lang='lat' dir='ltr'><strong>B.</strong></span> <span class='ocrx_word' id='word_1_248' title='bbox 1133 3938 1222 4002; x_wconf 77' lang='lat' dir='ltr'><strong>²per-</strong></span> 
     </span>
     <span class='ocr_line' id='line_1_33' title="bbox 133 4006 1224 4084; baseline 0 -20"><span class='ocrx_word' id='word_1_249' title='bbox 133 4006 219 4082; x_wconf 89' lang='lat' dir='ltr'><strong>uncti]</strong></span> <span class='ocrx_word' id='word_1_250' title='bbox 234 4009 329 4084; x_wconf 82' lang='lat' dir='ltr'><strong>insecti</strong></span> <span class='ocrx_word' id='word_1_251' title='bbox 342 4010 450 4068; x_wconf 84' lang='lat' dir='ltr'><strong>A.B.C.</strong></span> <span class='ocrx_word' id='word_1_252' title='bbox 587 4021 602 4052; x_wconf 75' lang='lat'>⁸</span> <span class='ocrx_word' id='word_1_253' title='bbox 616 4009 662 4068; x_wconf 89' lang='lat' dir='ltr'><strong>alil</strong></span> <span class='ocrx_word' id='word_1_254' title='bbox 677 4029 694 4067; x_wconf 87' lang='lat' dir='ltr'><strong>a</strong></span> <span class='ocrx_word' id='word_1_255' title='bbox 708 4011 774 4066; x_wconf 88' lang='lat' dir='ltr'><strong>rinc</strong></span> <span class='ocrx_word' id='word_1_256' title='bbox 789 4006 970 4074; x_wconf 87' lang='lat' dir='ltr'><strong>arbitrantur,</strong></span> <span class='ocrx_word' id='word_1_257' title='bbox 987 4017 1134 4084; x_wconf 84' lang='lat' dir='ltr'><strong>propterea</strong></span> <span class='ocrx_word' id='word_1_258' title='bbox 1148 4007 1224 4082; x_wconf 89' lang='lat' dir='ltr'><strong>quod</strong></span> 
     </span>
     <span class='ocr_line' id='line_1_34' title="bbox 131 4085 1223 4168; baseline 0 -24"><span class='ocrx_word' id='word_1_259' title='bbox 131 4085 194 4144; x_wconf 90' lang='lat' dir='ltr'><strong>olim</strong></span> <span class='ocrx_word' id='word_1_260' title='bbox 210 4088 305 4148; x_wconf 83' lang='lat' dir='ltr'><strong>vinum</strong></span> <span class='ocrx_word' id='word_1_261' title='bbox 319 4091 502 4150; x_wconf 83' lang='lat' dir='ltr'><strong>dictitabatur</strong></span> <span class='ocrx_word' id='word_1_262' title='bbox 515 4088 574 4167; x_wconf 73' lang='grc' dir='ltr'><strong>τρὶξ</strong></span> <span class='ocrx_word' id='word_1_263' title='bbox 588 4110 605 4148; x_wconf 87' lang='lat' dir='ltr'><strong>a</strong></span> <span class='ocrx_word' id='word_1_264' title='bbox 618 4109 675 4168; x_wconf 91' lang='lat' dir='ltr'><strong>quo</strong></span> <span class='ocrx_word' id='word_1_265' title='bbox 695 4093 812 4164; x_wconf 67' lang='grc' dir='ltr'><strong>τρύγητος</strong></span> <span class='ocrx_word' id='word_1_266' title='bbox 831 4086 930 4160; x_wconf 87' lang='lat' dir='ltr'><strong>bodie]</strong></span> <span class='ocrx_word' id='word_1_267' title='bbox 951 4089 1001 4142; x_wconf 79' lang='lat' dir='ltr'><strong>alii</strong></span> <span class='ocrx_word' id='word_1_268' title='bbox 1018 4087 1082 4143; x_wconf 86' lang='lat' dir='ltr'><strong>aino</strong></span> <span class='ocrx_word' id='word_1_269' title='bbox 1103 4088 1223 4144; x_wconf 81' lang='lat' dir='ltr'><strong>arbitra·</strong></span> 
     </span>
     <span class='ocr_line' id='line_1_35' title="bbox 132 4167 1224 4246; baseline 0 -22"><span class='ocrx_word' id='word_1_270' title='bbox 132 4169 228 4226; x_wconf 80' lang='lat' dir='ltr'><strong>luatur</strong></span> <span class='ocrx_word' id='word_1_271' title='bbox 240 4179 385 4246; x_wconf 84' lang='lat' dir='ltr'><strong>propterea</strong></span> <span class='ocrx_word' id='word_1_272' title='bbox 399 4174 464 4229; x_wconf 86' lang='lat' dir='ltr'><strong>clim</strong></span> <span class='ocrx_word' id='word_1_273' title='bbox 480 4181 545 4229; x_wconf 78' lang='lat' dir='ltr'><strong>trarc</strong></span> <span class='ocrx_word' id='word_1_274' title='bbox 559 4173 641 4244; x_wconf 77' lang='lat' dir='ltr'><strong>(iria)</strong></span> <span class='ocrx_word' id='word_1_275' title='bbox 657 4170 856 4228; x_wconf 81' lang='lat' dir='ltr'><strong>dictitabautur</strong></span> <span class='ocrx_word' id='word_1_276' title='bbox 873 4167 1063 4238; x_wconf 82' lang='lat' dir='ltr'><strong>(dictabantur</strong></span> <span class='ocrx_word' id='word_1_277' title='bbox 1073 4168 1122 4242; x_wconf 88' lang='lat' dir='ltr'><strong>C.)</strong></span> <span class='ocrx_word' id='word_1_278' title='bbox 1139 4186 1224 4242; x_wconf 83' lang='lat' dir='ltr'><strong>aquo</strong></span> 
     </span>
     <span class='ocr_line' id='line_1_36' title="bbox 132 4245 1225 4326; baseline -0.004 -22"><span class='ocrx_word' id='word_1_279' title='bbox 132 4253 256 4323; x_wconf 83' lang='lat' dir='ltr'><strong>trogoetir</strong></span> <span class='ocrx_word' id='word_1_280' title='bbox 269 4253 381 4326; x_wconf 79' lang='lat' dir='ltr'><strong>odisque</strong></span> <span class='ocrx_word' id='word_1_281' title='bbox 394 4253 501 4310; x_wconf 82' lang='lat' dir='ltr'><strong>A.B.C.</strong></span> <span class='ocrx_word' id='word_1_282' title='bbox 518 4253 648 4326; x_wconf 72' lang='lat' dir='ltr'><strong>hodieque</strong></span> <span class='ocrx_word' id='word_1_283' title='bbox 663 4251 733 4306; x_wconf 92' lang='lat' dir='ltr'><strong>Ven.</strong></span> <span class='ocrx_word' id='word_1_284' title='bbox 750 4267 807 4306; x_wconf 90' lang='lat' dir='ltr'><strong>nou</strong></span> <span class='ocrx_word' id='word_1_285' title='bbox 824 4248 903 4304; x_wconf 72' lang='lat' dir='ltr'><strong>laodic</strong></span> <span class='ocrx_word' id='word_1_286' title='bbox 916 4265 1030 4320; x_wconf 75' lang='lat' dir='ltr'><strong>qaoque.</strong></span> <span class='ocrx_word' id='word_1_287' title='bbox 1133 4245 1150 4290; x_wconf 82' lang='lat' dir='ltr'><strong>b</strong></span> <span class='ocrx_word' id='word_1_288' title='bbox 1165 4247 1225 4305; x_wconf 90' lang='lat' dir='ltr'><strong>rin.</strong></span> 
     </span>
     <span class='ocr_line' id='line_1_37' title="bbox 131 4325 1225 4447; baseline 0 -61"><span class='ocrx_word' id='word_1_289' title='bbox 131 4327 233 4403; x_wconf 84' lang='lat' dir='ltr'><strong>demin]</strong></span> <span class='ocrx_word' id='word_1_290' title='bbox 248 4335 393 4447; x_wconf 59' lang='lat' dir='ltr'><strong>garderisio</strong></span> <span class='ocrx_word' id='word_1_291' title='bbox 408 4333 442 4389; x_wconf 87' lang='lat' dir='ltr'><strong>C.</strong></span> <span class='ocrx_word' id='word_1_292' title='bbox 564 4341 644 4409; x_wconf 61' lang='lat' dir='ltr'><strong>epto</strong></span> <span class='ocrx_word' id='word_1_293' title='bbox 656 4328 817 4402; x_wconf 88' lang='lat' dir='ltr'><strong>corollario]</strong></span> <span class='ocrx_word' id='word_1_294' title='bbox 830 4327 996 4402; x_wconf 81' lang='lat' dir='ltr'><strong>procellario</strong></span> <span class='ocrx_word' id='word_1_295' title='bbox 1010 4329 1044 4384; x_wconf 89' lang='lat' dir='ltr'><strong>C.</strong></span> <span class='ocrx_word' id='word_1_296' title='bbox 1088 4329 1089 4334; x_wconf 74' lang='grc'>’</span> <span class='ocrx_word' id='word_1_297' title='bbox 1154 4325 1225 4386; x_wconf 76' lang='lat' dir='ltr'><strong>drei</strong></span> 
     </span>
    </p>
   </div>
   <div class='ocr_carea' id='block_1_4' title="bbox 132 4460 1223 4618">
    <p class='ocr_par' dir='ltr' id='par_1_12' title="bbox 132 4460 1223 4618">
     <span class='ocr_line' id='line_1_38' title="bbox 132 4460 1223 4536; baseline -0.001 -18"><span class='ocrx_word' id='word_1_298' title='bbox 132 4462 220 4536; x_wconf 83' lang='lat' dir='ltr'><strong>testis]</strong></span> <span class='ocrx_word' id='word_1_299' title='bbox 239 4464 351 4535; x_wconf 78' lang='lat' dir='ltr'><strong>regestis</strong></span> <span class='ocrx_word' id='word_1_300' title='bbox 363 4464 399 4520; x_wconf 78' lang='lat' dir='ltr'><strong>A.</strong></span> <span class='ocrx_word' id='word_1_301' title='bbox 541 4475 555 4507; x_wconf 69' lang='grc' dir='ltr'>θ</span> <span class='ocrx_word' id='word_1_302' title='bbox 570 4463 700 4519; x_wconf 82' lang='lat' dir='ltr'><strong>idiotirca</strong></span> <span class='ocrx_word' id='word_1_303' title='bbox 711 4467 881 4535; x_wconf 81' lang='lat' dir='ltr'><strong>pragmctca</strong></span> <span class='ocrx_word' id='word_1_304' title='bbox 894 4460 927 4518; x_wconf 81' lang='grc' dir='ltr'><strong>Α.</strong></span> <span class='ocrx_word' id='word_1_305' title='bbox 941 4460 1063 4518; x_wconf 70' lang='lat' dir='ltr'><strong>comedia</strong></span> <span class='ocrx_word' id='word_1_306' title='bbox 1077 4467 1117 4518; x_wconf 81' lang='lat' dir='ltr'><strong>ea</strong></span> <span class='ocrx_word' id='word_1_307' title='bbox 1130 4462 1158 4517; x_wconf 84' lang='lat' dir='ltr'><strong>ia</strong></span> <span class='ocrx_word' id='word_1_308' title='bbox 1171 4461 1223 4517; x_wconf 74' lang='lat' dir='ltr'><strong>aa·</strong></span> 
     </span>
     <span class='ocr_line' id='line_1_39' title="bbox 132 4541 732 4618; baseline 0 -20"><span class='ocrx_word' id='word_1_309' title='bbox 132 4543 217 4599; x_wconf 67' lang='lat' dir='ltr'><strong>ciaon</strong></span> <span class='ocrx_word' id='word_1_310' title='bbox 227 4551 396 4618; x_wconf 75' lang='lat' dir='ltr'><strong>pragractoa</strong></span> <span class='ocrx_word' id='word_1_311' title='bbox 409 4544 535 4602; x_wconf 82' lang='lat' dir='ltr'><strong>aciadirw</strong></span> <span class='ocrx_word' id='word_1_312' title='bbox 548 4542 686 4618; x_wconf 71' lang='lat' dir='ltr'><strong>speriocie</strong></span> <span class='ocrx_word' id='word_1_313' title='bbox 698 4541 732 4600; x_wconf 88' lang='lat' dir='ltr'><strong>B.</strong></span> 
     </span>
    </p>
   </div>
   <div class='ocr_carea' id='block_1_5' title="bbox 636 4650 709 4711">
    <p class='ocr_par' dir='ltr' id='par_1_13' title="bbox 636 4650 709 4711">
     <span class='ocr_line' id='line_1_40' title="bbox 636 4650 709 4711; baseline 0 0"><span class='ocrx_word' id='word_1_314' title='bbox 636 4650 709 4711; x_wconf 89' lang='grc' dir='ltr'><strong>3Μ</strong></span> 
     </span>
    </p>
   </div>
   <div class='ocr_carea' id='block_1_6' title="bbox 0 0 1501 5142">
    <p class='ocr_par' dir='ltr' id='par_1_14' title="bbox 0 0 1501 5142">
     <span class='ocr_line' id='line_1_41' title="bbox 0 0 1501 5142; baseline 0 0"><span class='ocrx_word' id='word_1_315' title='bbox 0 0 1501 5142; x_wconf 95' lang='lat' dir='ltr'><strong> </strong></span> 
     </span>
    </p>
   </div>
  </div>
 </body>
</html>
