<?xml version="1.0" encoding="UTF-8"?>
<!DOCTYPE html PUBLIC "-//W3C//DTD XHTML 1.0 Transitional//EN"
    "http://www.w3.org/TR/xhtml1/DTD/xhtml1-transitional.dtd">
<html xmlns="http://www.w3.org/1999/xhtml" xml:lang="en" lang="en">
 <head>
  <title>
</title>
<meta http-equiv="Content-Type" content="text/html;charset=utf-8" />
  <meta name='ocr-system' content='tesseract 3.04.00' />
  <meta name='ocr-capabilities' content='ocr_page ocr_carea ocr_par ocr_line ocrx_word'/>
</head>
<body>
  <div class='ocr_page' id='page_1' title='image "./scriptoreslatin00gaisgoog_0149.png"; bbox 0 0 3124 5120; ppageno 0'>
   <div class='ocr_carea' id='block_1_1' title="bbox 151 397 1260 492">
    <p class='ocr_par' dir='ltr' id='par_1_1' title="bbox 151 397 1260 492">
     <span class='ocr_line' id='line_1_1' title="bbox 151 397 1260 492; baseline 0.004 -22"><span class='ocrx_word' id='word_1_1' title='bbox 151 421 234 472; x_wconf 76' lang='lat' dir='ltr'>cAP.</span> <span class='ocrx_word' id='word_1_2' title='bbox 245 414 282 488; x_wconf 87' lang='lat'>9.</span> <span class='ocrx_word' id='word_1_3' title='bbox 411 397 476 470; x_wconf 84' lang='lat' dir='ltr'>De</span> <span class='ocrx_word' id='word_1_4' title='bbox 489 409 603 472; x_wconf 69' lang='lat' dir='ltr'>metm</span> <span class='ocrx_word' id='word_1_5' title='bbox 619 400 741 474; x_wconf 76' lang='lat' dir='ltr'>Ionleo</span> <span class='ocrx_word' id='word_1_6' title='bbox 757 400 817 474; x_wconf 68' lang='lat' dir='ltr'>rial</span> <span class='ocrx_word' id='word_1_7' title='bbox 833 401 1008 480; x_wconf 69' lang='grc' dir='ltr'><strong>ἐλάσσονος.</strong></span> <span class='ocrx_word' id='word_1_8' title='bbox 1191 416 1260 492; x_wconf 74' lang='lat'>129</span> 
     </span>
    </p>
   </div>
   <div class='ocr_carea' id='block_1_2' title="bbox 144 581 1306 2648">
    <p class='ocr_par' dir='ltr' id='par_1_2' title="bbox 144 581 1306 2648">
     <span class='ocr_line' id='line_1_2' title="bbox 151 581 1306 684; baseline 0.002 -26"><span class='ocrx_word' id='word_1_9' title='bbox 151 585 244 658; x_wconf 83' lang='lat' dir='ltr'>ltem</span> <span class='ocrx_word' id='word_1_10' title='bbox 264 581 382 680; x_wconf 85' lang='lat' dir='ltr'>¹quod</span> <span class='ocrx_word' id='word_1_11' title='bbox 409 581 565 682; x_wconf 89' lang='lat' dir='ltr'>primam</span> <span class='ocrx_word' id='word_1_12' title='bbox 592 585 883 684; x_wconf 77' lang='lat' dir='ltr'><strong>conjugationem</strong></span> <span class='ocrx_word' id='word_1_13' title='bbox 912 585 1090 684; x_wconf 82' lang='lat' dir='ltr'>integram</span> <span class='ocrx_word' id='word_1_14' title='bbox 1116 585 1258 672; x_wconf 86' lang='lat' dir='ltr'>habeat,</span> <span class='ocrx_word' id='word_1_15' title='bbox 1278 603 1306 652; x_wconf 78' lang='lat'>1⁶</span> 
     </span>
     <span class='ocr_line' id='line_1_3' title="bbox 148 701 1117 800; baseline 0.001 -27"><span class='ocrx_word' id='word_1_16' title='bbox 148 713 363 798; x_wconf 76' lang='lat' dir='ltr'><strong>sequentem</strong></span> <span class='ocrx_word' id='word_1_17' title='bbox 383 711 505 772; x_wconf 87' lang='lat' dir='ltr'>autem</span> <span class='ocrx_word' id='word_1_18' title='bbox 524 711 731 799; x_wconf 87' lang='lat' dir='ltr'>temporum</span> <span class='ocrx_word' id='word_1_19' title='bbox 750 711 934 800; x_wconf 63' lang='lat' dir='ltr'>”septem</span> <span class='ocrx_word' id='word_1_20' title='bbox 952 701 1023 774; x_wconf 88' lang='lat' dir='ltr'>tale</span> <span class='ocrx_word' id='word_1_21' title='bbox 1040 715 1117 774; x_wconf 81' lang='lat' dir='ltr'>est:</span> 
     </span>
     <span class='ocr_line' id='line_1_4' title="bbox 304 814 720 888; baseline 0 0"><span class='ocrx_word' id='word_1_22' title='bbox 304 814 525 888; x_wconf 76' lang='lat' dir='ltr'>Smerdonio</span> <span class='ocrx_word' id='word_1_23' title='bbox 547 814 720 888; x_wconf 63' lang='lat' dir='ltr'>madeo.</span> 
     </span>
     <span class='ocr_line' id='line_1_5' title="bbox 149 929 1256 1033; baseline 0 -29"><span class='ocrx_word' id='word_1_24' title='bbox 149 931 245 1004; x_wconf 83' lang='lat' dir='ltr'><strong>Item</strong></span> <span class='ocrx_word' id='word_1_25' title='bbox 264 929 385 1028; x_wconf 77' lang='lat' dir='ltr'>⁰quod</span> <span class='ocrx_word' id='word_1_26' title='bbox 404 931 497 1004; x_wconf 89' lang='lat' dir='ltr'>inter</span> <span class='ocrx_word' id='word_1_27' title='bbox 519 931 622 1006; x_wconf 88' lang='lat' dir='ltr'>initia</span> <span class='ocrx_word' id='word_1_28' title='bbox 645 929 739 1006; x_wconf 88' lang='lat' dir='ltr'>facta</span> <span class='ocrx_word' id='word_1_29' title='bbox 764 931 976 1006; x_wconf 82' lang='lat' dir='ltr'>collectione</span> <span class='ocrx_word' id='word_1_30' title='bbox 1003 933 1164 1006; x_wconf 81' lang='lat' dir='ltr'>brevium</span> <span class='ocrx_word' id='word_1_31' title='bbox 1190 959 1256 1033; x_wconf 89' lang='lat' dir='ltr'>pro</span> 
     </span>
     <span class='ocr_line' id='line_1_6' title="bbox 149 1045 831 1146; baseline 0 -28"><span class='ocrx_word' id='word_1_32' title='bbox 149 1045 272 1118; x_wconf 88' lang='lat' dir='ltr'>ionico</span> <span class='ocrx_word' id='word_1_33' title='bbox 288 1045 488 1118; x_wconf 76' lang='lat' dir='ltr'>molossum</span> <span class='ocrx_word' id='word_1_34' title='bbox 505 1045 649 1146; x_wconf 87' lang='lat' dir='ltr'>ancipit,</span> <span class='ocrx_word' id='word_1_35' title='bbox 664 1046 733 1118; x_wconf 89' lang='lat' dir='ltr'>erit</span> <span class='ocrx_word' id='word_1_36' title='bbox 750 1045 831 1134; x_wconf 90' lang='lat' dir='ltr'>tale,</span> 
     </span>
     <span class='ocr_line' id='line_1_7' title="bbox 304 1159 791 1258; baseline -0.004 -24"><span class='ocrx_word' id='word_1_37' title='bbox 304 1159 450 1234; x_wconf 83' lang='lat' dir='ltr'>Ararin</span> <span class='ocrx_word' id='word_1_38' title='bbox 465 1161 519 1234; x_wconf 78' lang='lat' dir='ltr'>sic</span> <span class='ocrx_word' id='word_1_39' title='bbox 534 1185 645 1258; x_wconf 64' lang='grc' dir='ltr'>ευμεν</span> <span class='ocrx_word' id='word_1_40' title='bbox 662 1161 791 1234; x_wconf 80' lang='lat' dir='ltr'>ultum.</span> 
     </span>
     <span class='ocr_line' id='line_1_8' title="bbox 150 1275 1297 1376; baseline 0.003 -28"><span class='ocrx_word' id='word_1_41' title='bbox 150 1275 302 1348; x_wconf 86' lang='lat' dir='ltr'>Plurimi</span> <span class='ocrx_word' id='word_1_42' title='bbox 331 1289 451 1350; x_wconf 90' lang='lat' dir='ltr'>antem</span> <span class='ocrx_word' id='word_1_43' title='bbox 475 1291 549 1350; x_wconf 86' lang='lat' dir='ltr'>tam</span> <span class='ocrx_word' id='word_1_44' title='bbox 572 1277 699 1376; x_wconf 75' lang='lat' dir='ltr'>tragici</span> <span class='ocrx_word' id='word_1_45' title='bbox 722 1303 832 1376; x_wconf 86' lang='lat' dir='ltr'>quarn</span> <span class='ocrx_word' id='word_1_46' title='bbox 856 1277 1000 1366; x_wconf 89' lang='lat' dir='ltr'>comici,</span> <span class='ocrx_word' id='word_1_47' title='bbox 1018 1277 1080 1350; x_wconf 89' lang='lat' dir='ltr'>sed</span> <span class='ocrx_word' id='word_1_48' title='bbox 1097 1291 1134 1350; x_wconf 88' lang='lat' dir='ltr'>et</span> <span class='ocrx_word' id='word_1_49' title='bbox 1149 1277 1252 1376; x_wconf 90' lang='lat' dir='ltr'>lyrici</span> <span class='ocrx_word' id='word_1_50' title='bbox 1270 1309 1297 1358; x_wconf 72' lang='grc' dir='ltr'>η</span> 
     </span>
     <span class='ocr_line' id='line_1_9' title="bbox 149 1391 1253 1492; baseline 0.005 -29"><span class='ocrx_word' id='word_1_51' title='bbox 149 1407 284 1490; x_wconf 82' lang='lat' dir='ltr'>poetae,</span> <span class='ocrx_word' id='word_1_52' title='bbox 323 1391 527 1488; x_wconf 86' lang='lat' dir='ltr'>hujusmodi</span> <span class='ocrx_word' id='word_1_53' title='bbox 563 1393 870 1492; x_wconf 85' lang='lat' dir='ltr'>compositionum</span> <span class='ocrx_word' id='word_1_54' title='bbox 905 1391 1110 1466; x_wconf 86' lang='lat' dir='ltr'>diversitate</span> <span class='ocrx_word' id='word_1_55' title='bbox 1143 1393 1253 1471; x_wconf 89' lang='lat' dir='ltr'>libere</span> 
     </span>
     <span class='ocr_line' id='line_1_10' title="bbox 150 1507 1253 1598; baseline 0.001 -17"><span class='ocrx_word' id='word_1_56' title='bbox 150 1508 254 1581; x_wconf 82' lang='lat' dir='ltr'>abusi</span> <span class='ocrx_word' id='word_1_57' title='bbox 272 1523 368 1581; x_wconf 86' lang='lat' dir='ltr'>sunt.</span> <span class='ocrx_word' id='word_1_58' title='bbox 402 1509 503 1582; x_wconf 90' lang='lat' dir='ltr'>Inter</span> <span class='ocrx_word' id='word_1_59' title='bbox 520 1507 597 1583; x_wconf 81' lang='lat' dir='ltr'>haec</span> <span class='ocrx_word' id='word_1_60' title='bbox 615 1510 644 1582; x_wconf 91' lang='lat' dir='ltr'>si</span> <span class='ocrx_word' id='word_1_61' title='bbox 663 1510 861 1582; x_wconf 88' lang='lat' dir='ltr'>tetrametri</span> <span class='ocrx_word' id='word_1_62' title='bbox 881 1535 1002 1582; x_wconf 80' lang='lat' dir='ltr'>versus</span> <span class='ocrx_word' id='word_1_63' title='bbox 1020 1508 1253 1598; x_wconf 68' lang='lat' dir='ltr'>Pentalectici</span> 
     </span>
     <span class='ocr_line' id='line_1_11' title="bbox 149 1623 1251 1726; baseline 0.001 -29"><span class='ocrx_word' id='word_1_64' title='bbox 149 1623 212 1722; x_wconf 92' lang='lat' dir='ltr'>qui</span> <span class='ocrx_word' id='word_1_65' title='bbox 239 1623 277 1696; x_wconf 90' lang='lat' dir='ltr'>in</span> <span class='ocrx_word' id='word_1_66' title='bbox 306 1623 511 1720; x_wconf 82' lang='lat' dir='ltr'>hujusmodi</span> <span class='ocrx_word' id='word_1_67' title='bbox 538 1639 655 1698; x_wconf 86' lang='lat' dir='ltr'>metro</span> <span class='ocrx_word' id='word_1_68' title='bbox 671 1627 802 1726; x_wconf 65' lang='lat' dir='ltr'>oprimi</span> <span class='ocrx_word' id='word_1_69' title='bbox 829 1625 984 1698; x_wconf 85' lang='lat' dir='ltr'>habendi</span> <span class='ocrx_word' id='word_1_70' title='bbox 1012 1641 1108 1710; x_wconf 73' lang='lat' dir='ltr'>aurat,</span> <span class='ocrx_word' id='word_1_71' title='bbox 1127 1625 1251 1720; x_wconf 83' lang='lat' dir='ltr'>longas</span> 
     </span>
     <span class='ocr_line' id='line_1_12' title="bbox 151 1738 1250 1830; baseline 0.002 -20"><span class='ocrx_word' id='word_1_72' title='bbox 151 1738 188 1810; x_wconf 92' lang='lat' dir='ltr'>in</span> <span class='ocrx_word' id='word_1_73' title='bbox 218 1741 344 1812; x_wconf 86' lang='lat' dir='ltr'>breves</span> <span class='ocrx_word' id='word_1_74' title='bbox 374 1739 555 1830; x_wconf 84' lang='lat' dir='ltr'>solverint,</span> <span class='ocrx_word' id='word_1_75' title='bbox 584 1755 740 1814; x_wconf 90' lang='lat' dir='ltr'>metrum</span> <span class='ocrx_word' id='word_1_76' title='bbox 773 1738 931 1814; x_wconf 86' lang='lat' dir='ltr'>efficient</span> <span class='ocrx_word' id='word_1_77' title='bbox 957 1739 1250 1829; x_wconf 86' lang='lat' dir='ltr'>Galliambicum‚</span> 
     </span>
     <span class='ocr_line' id='line_1_13' title="bbox 148 1853 1250 1953; baseline 0.004 -27"><span class='ocrx_word' id='word_1_78' title='bbox 148 1853 305 1942; x_wconf 87' lang='lat' dir='ltr'>dictum,</span> <span class='ocrx_word' id='word_1_79' title='bbox 320 1854 439 1952; x_wconf 81' lang='lat' dir='ltr'>rquasi</span> <span class='ocrx_word' id='word_1_80' title='bbox 464 1859 590 1950; x_wconf 67' lang='grc' dir='ltr'><strong>γάλλων</strong></span> <span class='ocrx_word' id='word_1_81' title='bbox 614 1857 737 1949; x_wconf 76' lang='grc' dir='ltr'><strong><em>ιάμβοὶ,</em></strong></span> <span class='ocrx_word' id='word_1_82' title='bbox 756 1855 795 1928; x_wconf 86' lang='lat' dir='ltr'>id</span> <span class='ocrx_word' id='word_1_83' title='bbox 818 1869 873 1928; x_wconf 87' lang='lat' dir='ltr'>est</span> <span class='ocrx_word' id='word_1_84' title='bbox 901 1855 1100 1945; x_wconf 86' lang='lat' dir='ltr'>maledicta,</span> <span class='ocrx_word' id='word_1_85' title='bbox 1117 1856 1250 1953; x_wconf 86' lang='lat' dir='ltr'>quibus</span> 
     </span>
     <span class='ocr_line' id='line_1_14' title="bbox 151 1970 1294 2067; baseline -0.003 -25"><span class='ocrx_word' id='word_1_86' title='bbox 151 1995 413 2067; x_wconf 87' lang='lat' dir='ltr'>nonnunquam</span> <span class='ocrx_word' id='word_1_87' title='bbox 433 1970 685 2044; x_wconf 76' lang='lat' dir='ltr'>convitiantur.</span> <span class='ocrx_word' id='word_1_88' title='bbox 738 1970 840 2046; x_wconf 89' lang='lat' dir='ltr'>ldem</span> <span class='ocrx_word' id='word_1_89' title='bbox 865 1987 901 2044; x_wconf 89' lang='lat' dir='ltr'>et</span> <span class='ocrx_word' id='word_1_90' title='bbox 920 1971 1294 2062; x_wconf 82' lang='lat' dir='ltr'>Metroiacon,seu,1s</span> 
     </span>
     <span class='ocr_line' id='line_1_15' title="bbox 149 2085 1240 2186; baseline 0.004 -28"><span class='ocrx_word' id='word_1_91' title='bbox 149 2101 193 2158; x_wconf 90' lang='lat' dir='ltr'>ut</span> <span class='ocrx_word' id='word_1_92' title='bbox 209 2085 369 2183; x_wconf 89' lang='lat' dir='ltr'>qnidam,</span> <span class='ocrx_word' id='word_1_93' title='bbox 383 2086 601 2162; x_wconf 89' lang='lat' dir='ltr'>bacehiaeon</span> <span class='ocrx_word' id='word_1_94' title='bbox 619 2086 833 2182; x_wconf 67' lang='grc' dir='ltr'>ἁνακλῶμενον.</span> <span class='ocrx_word' id='word_1_95' title='bbox 883 2085 998 2182; x_wconf 86' lang='lat' dir='ltr'>Cujus</span> <span class='ocrx_word' id='word_1_96' title='bbox 1016 2088 1240 2186; x_wconf 83' lang='lat' dir='ltr'>exemplum,</span> 
     </span>
     <span class='ocr_line' id='line_1_16' title="bbox 205 2199 1192 2300; baseline 0.003 -27"><span class='ocrx_word' id='word_1_97' title='bbox 205 2199 391 2276; x_wconf 76' lang='lat' dir='ltr'>Tremulus</span> <span class='ocrx_word' id='word_1_98' title='bbox 406 2201 504 2300; x_wconf 83' lang='lat' dir='ltr'>qnod</span> <span class='ocrx_word' id='word_1_99' title='bbox 517 2227 594 2278; x_wconf 79' lang='lat' dir='ltr'>esre</span> <span class='ocrx_word' id='word_1_100' title='bbox 615 2201 739 2278; x_wconf 78' lang='lat' dir='ltr'>Gallis</span> <span class='ocrx_word' id='word_1_101' title='bbox 756 2201 894 2276; x_wconf 74' lang='lat' dir='ltr'>nobiles</span> <span class='ocrx_word' id='word_1_102' title='bbox 906 2210 1043 2299; x_wconf 82' lang='lat' dir='ltr'>putant</span> <span class='ocrx_word' id='word_1_103' title='bbox 1060 2202 1192 2276; x_wconf 75' lang='grc' dir='ltr'>ηἰοιίοε.</span> 
     </span>
     <span class='ocr_line' id='line_1_17' title="bbox 150 2314 1249 2407; baseline 0.002 -19"><span class='ocrx_word' id='word_1_104' title='bbox 150 2314 226 2397; x_wconf 86' lang='lat' dir='ltr'>Qui</span> <span class='ocrx_word' id='word_1_105' title='bbox 251 2341 297 2390; x_wconf 83' lang='lat' dir='ltr'>ex</span> <span class='ocrx_word' id='word_1_106' title='bbox 324 2315 465 2390; x_wconf 86' lang='lat' dir='ltr'>duobus</span> <span class='ocrx_word' id='word_1_107' title='bbox 495 2317 594 2407; x_wconf 87' lang='lat' dir='ltr'>colis,</span> <span class='ocrx_word' id='word_1_108' title='bbox 617 2317 653 2391; x_wconf 92' lang='lat' dir='ltr'>id</span> <span class='ocrx_word' id='word_1_109' title='bbox 679 2333 733 2392; x_wconf 87' lang='lat' dir='ltr'>est</span> <span class='ocrx_word' id='word_1_110' title='bbox 761 2316 916 2390; x_wconf 86' lang='lat' dir='ltr'>dimetro</span> <span class='ocrx_word' id='word_1_111' title='bbox 947 2317 1141 2390; x_wconf 77' lang='lat' dir='ltr'>acatalecto</span> <span class='ocrx_word' id='word_1_112' title='bbox 1164 2319 1249 2392; x_wconf 89' lang='lat' dir='ltr'>sub·</span> 
     </span>
     <span class='ocr_line' id='line_1_18' title="bbox 144 2431 1212 2528; baseline 0.002 -24"><span class='ocrx_word' id='word_1_113' title='bbox 144 2431 276 2528; x_wconf 88' lang='lat' dir='ltr'>juncto</span> <span class='ocrx_word' id='word_1_114' title='bbox 292 2431 448 2506; x_wconf 88' lang='lat' dir='ltr'>dimetro</span> <span class='ocrx_word' id='word_1_115' title='bbox 465 2433 685 2523; x_wconf 75' lang='lat' dir='ltr'>catalectico,</span> <span class='ocrx_word' id='word_1_116' title='bbox 702 2457 887 2506; x_wconf 82' lang='lat' dir='ltr'>connexus</span> <span class='ocrx_word' id='word_1_117' title='bbox 906 2431 1069 2518; x_wconf 86' lang='lat' dir='ltr'>habetur,</span> <span class='ocrx_word' id='word_1_118' title='bbox 1088 2447 1212 2518; x_wconf 84' lang='lat' dir='ltr'>otest,</span> 
     </span>
     <span class='ocr_line' id='line_1_19' title="bbox 200 2547 1129 2648; baseline 0 -26"><span class='ocrx_word' id='word_1_119' title='bbox 200 2547 352 2648; x_wconf 81' lang='lat' dir='ltr'>Segetes</span> <span class='ocrx_word' id='word_1_120' title='bbox 367 2573 487 2624; x_wconf 86' lang='lat' dir='ltr'>meum</span> <span class='ocrx_word' id='word_1_121' title='bbox 505 2547 675 2622; x_wconf 80' lang='lat' dir='ltr'>latorem.</span> <span class='ocrx_word' id='word_1_122' title='bbox 728 2548 880 2648; x_wconf 75' lang='lat' dir='ltr'>Segetae</span> <span class='ocrx_word' id='word_1_123' title='bbox 896 2573 998 2622; x_wconf 77' lang='lat' dir='ltr'>meus</span> <span class='ocrx_word' id='word_1_124' title='bbox 1015 2547 1129 2622; x_wconf 83' lang='lat' dir='ltr'>labor.</span> 
     </span>
    </p>
   </div>
   <div class='ocr_carea' id='block_1_3' title="bbox 148 2742 1248 2984">
    <p class='ocr_par' dir='ltr' id='par_1_3' title="bbox 148 2742 1248 2984">
     <span class='ocr_line' id='line_1_20' title="bbox 189 2742 1248 2828; baseline 0.001 -27"><span class='ocrx_word' id='word_1_125' title='bbox 189 2742 304 2821; x_wconf 77' lang='lat' dir='ltr'>lqnod]</span> <span class='ocrx_word' id='word_1_126' title='bbox 321 2765 405 2824; x_wconf 88' lang='lat' dir='ltr'>quarn</span> <span class='ocrx_word' id='word_1_127' title='bbox 420 2747 451 2804; x_wconf 94' lang='lat' dir='ltr'>P.</span> <span class='ocrx_word' id='word_1_128' title='bbox 562 2756 586 2788; x_wconf 62' lang='grc' dir='ltr'>ὓ</span> <span class='ocrx_word' id='word_1_129' title='bbox 599 2745 732 2824; x_wconf 87' lang='lat' dir='ltr'>quatuor]</span> <span class='ocrx_word' id='word_1_130' title='bbox 749 2759 857 2822; x_wconf 83' lang='lat' dir='ltr'>septem</span> <span class='ocrx_word' id='word_1_131' title='bbox 873 2746 904 2802; x_wconf 90' lang='lat' dir='ltr'>P.</span> <span class='ocrx_word' id='word_1_132' title='bbox 1014 2755 1029 2786; x_wconf 91' lang='lat'>⁰</span> <span class='ocrx_word' id='word_1_133' title='bbox 1043 2744 1132 2821; x_wconf 88' lang='lat' dir='ltr'>quod]</span> <span class='ocrx_word' id='word_1_134' title='bbox 1148 2763 1204 2828; x_wconf 72' lang='lat' dir='ltr'>quq</span> <span class='ocrx_word' id='word_1_135' title='bbox 1217 2745 1248 2802; x_wconf 89' lang='lat' dir='ltr'>P.</span> 
     </span>
     <span class='ocr_line' id='line_1_21' title="bbox 148 2823 1246 2984; baseline 0.001 -101"><span class='ocrx_word' id='word_1_136' title='bbox 148 2825 360 2984; x_wconf 55' lang='grc' dir='ltr'>ξυξὲῃῑῖΙῗῑὶοἱ]</span> <span class='ocrx_word' id='word_1_137' title='bbox 375 2826 513 2886; x_wconf 76' lang='lat' dir='ltr'>Catalecti</span> <span class='ocrx_word' id='word_1_138' title='bbox 528 2827 558 2884; x_wconf 94' lang='lat' dir='ltr'>P.</span> <span class='ocrx_word' id='word_1_139' title='bbox 620 2835 635 2880; x_wconf 83' lang='grc'>(1</span> <span class='ocrx_word' id='word_1_140' title='bbox 650 2825 788 2900; x_wconf 84' lang='lat' dir='ltr'>habendi]</span> <span class='ocrx_word' id='word_1_141' title='bbox 805 2823 889 2903; x_wconf 85' lang='lat' dir='ltr'>primi</span> <span class='ocrx_word' id='word_1_142' title='bbox 905 2823 1026 2882; x_wconf 85' lang='lat' dir='ltr'>habendi</span> <span class='ocrx_word' id='word_1_143' title='bbox 1036 2825 1067 2882; x_wconf 89' lang='lat' dir='ltr'>P.</span> <span class='ocrx_word' id='word_1_144' title='bbox 1128 2824 1246 2904; x_wconf 75' lang='lat' dir='ltr'>rquasi]</span> 
     </span>
    </p>
   </div>
   <div class='ocr_carea' id='block_1_4' title="bbox 147 3087 1247 4617">
    <p class='ocr_par' dir='ltr' id='par_1_4' title="bbox 148 3087 1247 3888">
     <span class='ocr_line' id='line_1_22' title="bbox 195 3087 1246 3166; baseline -0.002 -22"><span class='ocrx_word' id='word_1_145' title='bbox 195 3089 230 3146; x_wconf 85' lang='lat'>16</span> <span class='ocrx_word' id='word_1_146' title='bbox 255 3087 428 3147; x_wconf 83' lang='lat' dir='ltr'>Sacerdonio</span> <span class='ocrx_word' id='word_1_147' title='bbox 455 3087 592 3164; x_wconf 82' lang='lat' dir='ltr'>Gradivo]</span> <span class='ocrx_word' id='word_1_148' title='bbox 621 3087 678 3144; x_wconf 81' lang='lat' dir='ltr'>Er·</span> <span class='ocrx_word' id='word_1_149' title='bbox 719 3087 855 3166; x_wconf 78' lang='lat' dir='ltr'>gendum,</span> <span class='ocrx_word' id='word_1_150' title='bbox 877 3087 987 3160; x_wconf 82' lang='lat' dir='ltr'>Segetes</span> <span class='ocrx_word' id='word_1_151' title='bbox 1009 3105 1097 3142; x_wconf 84' lang='lat' dir='ltr'>meum</span> <span class='ocrx_word' id='word_1_152' title='bbox 1118 3087 1246 3154; x_wconf 78' lang='lat' dir='ltr'>laborem,</span> 
     </span>
     <span class='ocr_line' id='line_1_23' title="bbox 148 3165 1247 3246; baseline -0.003 -20"><span class='ocrx_word' id='word_1_153' title='bbox 148 3167 276 3246; x_wconf 84' lang='lat' dir='ltr'>emplum</span> <span class='ocrx_word' id='word_1_154' title='bbox 292 3189 350 3227; x_wconf 89' lang='lat' dir='ltr'>non</span> <span class='ocrx_word' id='word_1_155' title='bbox 371 3169 513 3236; x_wconf 78' lang='lat' dir='ltr'>convenit,</span> <span class='ocrx_word' id='word_1_156' title='bbox 529 3187 581 3226; x_wconf 89' lang='lat' dir='ltr'>nec</span> <span class='ocrx_word' id='word_1_157' title='bbox 601 3169 677 3244; x_wconf 90' lang='lat' dir='ltr'>quod</span> <span class='ocrx_word' id='word_1_158' title='bbox 721 3167 832 3242; x_wconf 71' lang='lat' dir='ltr'>segetes</span> <span class='ocrx_word' id='word_1_159' title='bbox 842 3167 1011 3224; x_wconf 84' lang='lat' dir='ltr'>meumlebo.</span> <span class='ocrx_word' id='word_1_160' title='bbox 1026 3165 1159 3224; x_wconf 84' lang='lat' dir='ltr'><strong>COMM.</strong></span> <span class='ocrx_word' id='word_1_161' title='bbox 1189 3167 1247 3224; x_wconf 90' lang='lat' dir='ltr'>Te·</span> 
     </span>
     <span class='ocr_line' id='line_1_24' title="bbox 149 3245 1247 3408; baseline -0.001 -22"><span class='ocrx_word' id='word_1_162' title='bbox 149 3249 679 3388; x_wconf 55' lang='lat' dir='ltr'>:ltfftllr&#39;ltrtttt</span> <span class='ocrx_word' id='word_1_163' title='bbox 718 3247 1071 3408; x_wconf 58' lang='lat' dir='ltr'>{illltlttttt</span> <span class='ocrx_word' id='word_1_164' title='bbox 1087 3245 1247 3386; x_wconf 60' lang='grc' dir='ltr'>Ἒὲξῖιεῗῗ</span> 
     </span>
     <span class='ocr_line' id='line_1_25' title="bbox 149 3405 1244 3488; baseline -0.002 -20"><span class='ocrx_word' id='word_1_165' title='bbox 149 3409 309 3488; x_wconf 80' lang='lat' dir='ltr'>exemplum</span> <span class='ocrx_word' id='word_1_166' title='bbox 324 3409 436 3478; x_wconf 84' lang='lat' dir='ltr'>falsum,</span> <span class='ocrx_word' id='word_1_167' title='bbox 447 3409 522 3487; x_wconf 89' lang='lat' dir='ltr'>quod</span> <span class='ocrx_word' id='word_1_168' title='bbox 535 3408 618 3468; x_wconf 87' lang='lat' dir='ltr'>luerit</span> <span class='ocrx_word' id='word_1_169' title='bbox 627 3429 676 3469; x_wconf 81' lang='lat' dir='ltr'>ve·</span> <span class='ocrx_word' id='word_1_170' title='bbox 718 3407 826 3486; x_wconf 88' lang='lat' dir='ltr'>syllabi.</span> <span class='ocrx_word' id='word_1_171' title='bbox 869 3405 898 3466; x_wconf 86' lang='lat' dir='ltr'>Si</span> <span class='ocrx_word' id='word_1_172' title='bbox 913 3407 989 3465; x_wconf 88' lang='lat' dir='ltr'>enirn</span> <span class='ocrx_word' id='word_1_173' title='bbox 1007 3419 1102 3484; x_wconf 85' lang='lat' dir='ltr'>eaput,</span> <span class='ocrx_word' id='word_1_174' title='bbox 1118 3408 1171 3465; x_wconf 85' lang='lat' dir='ltr'>hoe</span> <span class='ocrx_word' id='word_1_175' title='bbox 1192 3421 1244 3478; x_wconf 83' lang='lat' dir='ltr'>est,</span> 
     </span>
     <span class='ocr_line' id='line_1_26' title="bbox 148 3485 1243 3558; baseline -0.004 -8"><span class='ocrx_word' id='word_1_176' title='bbox 148 3511 211 3550; x_wconf 87' lang='lat' dir='ltr'>rom</span> <span class='ocrx_word' id='word_1_177' title='bbox 226 3490 293 3558; x_wconf 77' lang='lat' dir='ltr'>tale,</span> <span class='ocrx_word' id='word_1_178' title='bbox 308 3493 430 3548; x_wconf 72' lang='lat' dir='ltr'>Dorilao</span> <span class='ocrx_word' id='word_1_179' title='bbox 453 3492 584 3550; x_wconf 75' lang='lat' dir='ltr'>Gradive</span> <span class='ocrx_word' id='word_1_180' title='bbox 622 3491 677 3550; x_wconf 76' lang='lat' dir='ltr'>lut</span> <span class='ocrx_word' id='word_1_181' title='bbox 717 3487 831 3548; x_wconf 86' lang='lat' dir='ltr'>initium</span> <span class='ocrx_word' id='word_1_182' title='bbox 853 3488 1007 3548; x_wconf 75' lang='lat' dir='ltr'>hexametri</span> <span class='ocrx_word' id='word_1_183' title='bbox 1026 3485 1103 3546; x_wconf 84' lang='lat' dir='ltr'>heroi</span> <span class='ocrx_word' id='word_1_184' title='bbox 1125 3489 1243 3548; x_wconf 84' lang='lat' dir='ltr'>detron-</span> 
     </span>
     <span class='ocr_line' id='line_1_27' title="bbox 148 3567 1243 3650; baseline -0.002 -20"><span class='ocrx_word' id='word_1_185' title='bbox 148 3570 224 3630; x_wconf 83' lang='lat' dir='ltr'>enirn</span> <span class='ocrx_word' id='word_1_186' title='bbox 240 3573 364 3630; x_wconf 80' lang='lat' dir='ltr'>Domino</span> <span class='ocrx_word' id='word_1_187' title='bbox 388 3575 446 3630; x_wconf 83' lang='lat' dir='ltr'>Gru</span> <span class='ocrx_word' id='word_1_188' title='bbox 467 3573 558 3650; x_wconf 88' lang='lat' dir='ltr'>prima</span> <span class='ocrx_word' id='word_1_189' title='bbox 577 3575 677 3649; x_wconf 79' lang='lat' dir='ltr'>eonju-</span> <span class='ocrx_word' id='word_1_190' title='bbox 718 3581 806 3638; x_wconf 88' lang='lat' dir='ltr'>cetur,</span> <span class='ocrx_word' id='word_1_191' title='bbox 828 3568 905 3648; x_wconf 90' lang='lat' dir='ltr'>quod</span> <span class='ocrx_word' id='word_1_192' title='bbox 926 3567 1063 3646; x_wconf 87' lang='lat' dir='ltr'>reliquum</span> <span class='ocrx_word' id='word_1_193' title='bbox 1087 3568 1180 3634; x_wconf 79' lang='lat' dir='ltr'>fuerit.</span> <span class='ocrx_word' id='word_1_194' title='bbox 1201 3589 1243 3628; x_wconf 88' lang='lat' dir='ltr'>re-</span> 
     </span>
     <span class='ocr_line' id='line_1_28' title="bbox 148 3647 1242 3730; baseline -0.001 -21"><span class='ocrx_word' id='word_1_195' title='bbox 148 3651 226 3730; x_wconf 74' lang='lat' dir='ltr'>gatio</span> <span class='ocrx_word' id='word_1_196' title='bbox 262 3651 353 3711; x_wconf 87' lang='lat' dir='ltr'>loniei</span> <span class='ocrx_word' id='word_1_197' title='bbox 395 3651 523 3721; x_wconf 87' lang='lat' dir='ltr'>minoris,</span> <span class='ocrx_word' id='word_1_198' title='bbox 551 3663 581 3709; x_wconf 85' lang='lat' dir='ltr'>et</span> <span class='ocrx_word' id='word_1_199' title='bbox 615 3653 677 3709; x_wconf 81' lang='lat' dir='ltr'>divo</span> <span class='ocrx_word' id='word_1_200' title='bbox 719 3652 837 3726; x_wconf 83' lang='lat' dir='ltr'>petitum</span> <span class='ocrx_word' id='word_1_201' title='bbox 872 3660 992 3707; x_wconf 83' lang='lat' dir='ltr'>rnetnnn</span> <span class='ocrx_word' id='word_1_202' title='bbox 1024 3647 1242 3708; x_wconf 83' lang='lat' dir='ltr'>Gallianrbieum</span> 
     </span>
     <span class='ocr_line' id='line_1_29' title="bbox 148 3727 1242 3811; baseline -0.002 -21"><span class='ocrx_word' id='word_1_203' title='bbox 148 3733 602 3811; x_wconf 83' lang='lat' dir='ltr'>spondeusqoatoortemporum.</span> <span class='ocrx_word' id='word_1_204' title='bbox 612 3733 676 3789; x_wconf 82' lang='lat' dir='ltr'>CA·</span> <span class='ocrx_word' id='word_1_205' title='bbox 716 3731 858 3796; x_wconf 85' lang='lat' dir='ltr'>conficiet,</span> <span class='ocrx_word' id='word_1_206' title='bbox 874 3727 1037 3808; x_wconf 86' lang='lat' dir='ltr'>posterioris</span> <span class='ocrx_word' id='word_1_207' title='bbox 1054 3743 1149 3788; x_wconf 87' lang='lat' dir='ltr'>tamen</span> <span class='ocrx_word' id='word_1_208' title='bbox 1163 3749 1242 3788; x_wconf 89' lang='lat' dir='ltr'>eorn-</span> 
     </span>
     <span class='ocr_line' id='line_1_30' title="bbox 148 3808 1242 3888; baseline -0.003 -16"><span class='ocrx_word' id='word_1_209' title='bbox 148 3813 249 3872; x_wconf 76' lang='lat' dir='ltr'><strong>MER.</strong></span> <span class='ocrx_word' id='word_1_210' title='bbox 716 3809 800 3869; x_wconf 85' lang='lat' dir='ltr'>matis</span> <span class='ocrx_word' id='word_1_211' title='bbox 835 3809 934 3868; x_wconf 85' lang='lat' dir='ltr'>ultima</span> <span class='ocrx_word' id='word_1_212' title='bbox 966 3808 1073 3888; x_wconf 83' lang='lat' dir='ltr'>syllaba</span> <span class='ocrx_word' id='word_1_213' title='bbox 1105 3810 1242 3882; x_wconf 84' lang='lat' dir='ltr'>detracta,</span> 
     </span>
    </p>

    <p class='ocr_par' dir='ltr' id='par_1_5' title="bbox 147 3889 1242 4531">
     <span class='ocr_line' id='line_1_31' title="bbox 188 3889 1241 3970; baseline -0.002 -20"><span class='ocrx_word' id='word_1_214' title='bbox 188 3893 227 3952; x_wconf 88' lang='lat' dir='ltr'>ib.</span> <span class='ocrx_word' id='word_1_215' title='bbox 238 3895 337 3952; x_wconf 76' lang='lat' dir='ltr'>Ararin</span> <span class='ocrx_word' id='word_1_216' title='bbox 348 3891 403 3968; x_wconf 83' lang='lat' dir='ltr'>aie]</span> <span class='ocrx_word' id='word_1_217' title='bbox 415 3891 600 3951; x_wconf 73' lang='lat' dir='ltr'>Manifestum</span> <span class='ocrx_word' id='word_1_218' title='bbox 612 3891 675 3970; x_wconf 91' lang='lat' dir='ltr'>qui·</span> <span class='ocrx_word' id='word_1_219' title='bbox 716 3892 868 3950; x_wconf 83' lang='lat' dir='ltr'>tremulum</span> <span class='ocrx_word' id='word_1_220' title='bbox 890 3903 920 3949; x_wconf 87' lang='lat' dir='ltr'>et</span> <span class='ocrx_word' id='word_1_221' title='bbox 941 3889 1036 3960; x_wconf 87' lang='lat' dir='ltr'>molle,</span> <span class='ocrx_word' id='word_1_222' title='bbox 1058 3889 1135 3948; x_wconf 90' lang='lat' dir='ltr'>utin</span> <span class='ocrx_word' id='word_1_223' title='bbox 1156 3911 1241 3968; x_wconf 85' lang='lat' dir='ltr'>supe·</span> 
     </span>
     <span class='ocr_line' id='line_1_32' title="bbox 148 3969 1242 4052; baseline -0.004 -20"><span class='ocrx_word' id='word_1_224' title='bbox 148 3973 213 4032; x_wconf 77' lang='lat' dir='ltr'>(lem</span> <span class='ocrx_word' id='word_1_225' title='bbox 230 3974 364 4032; x_wconf 86' lang='lat' dir='ltr'>mendum</span> <span class='ocrx_word' id='word_1_226' title='bbox 378 3973 407 4031; x_wconf 89' lang='lat' dir='ltr'>in</span> <span class='ocrx_word' id='word_1_227' title='bbox 428 3973 558 4052; x_wconf 78' lang='lat' dir='ltr'>exemplo</span> <span class='ocrx_word' id='word_1_228' title='bbox 572 3976 676 4031; x_wconf 71' lang='lat' dir='ltr'>Arcasin</span> <span class='ocrx_word' id='word_1_229' title='bbox 717 3974 790 4030; x_wconf 86' lang='lat' dir='ltr'>riore</span> <span class='ocrx_word' id='word_1_230' title='bbox 809 3971 940 4048; x_wconf 79' lang='lat' dir='ltr'>exemplo</span> <span class='ocrx_word' id='word_1_231' title='bbox 962 3969 1076 4038; x_wconf 83' lang='lat' dir='ltr'>dieitur,</span> <span class='ocrx_word' id='word_1_232' title='bbox 1097 3971 1172 4048; x_wconf 87' lang='lat' dir='ltr'>quod</span> <span class='ocrx_word' id='word_1_233' title='bbox 1197 3983 1242 4030; x_wconf 85' lang='lat' dir='ltr'>est</span> 
     </span>
     <span class='ocr_line' id='line_1_33' title="bbox 148 4051 1240 4130; baseline -0.002 -18"><span class='ocrx_word' id='word_1_234' title='bbox 148 4057 186 4112; x_wconf 81' lang='lat' dir='ltr'>rie</span> <span class='ocrx_word' id='word_1_235' title='bbox 211 4073 293 4130; x_wconf 76' lang='lat' dir='ltr'>super</span> <span class='ocrx_word' id='word_1_236' title='bbox 316 4056 414 4112; x_wconf 75' lang='lat' dir='ltr'>altore.</span> <span class='ocrx_word' id='word_1_237' title='bbox 456 4055 511 4112; x_wconf 87' lang='lat' dir='ltr'>Sed</span> <span class='ocrx_word' id='word_1_238' title='bbox 537 4052 675 4114; x_wconf 86' lang='lat' dir='ltr'>eorrectio</span> <span class='ocrx_word' id='word_1_239' title='bbox 716 4053 752 4111; x_wconf 89' lang='lat' dir='ltr'>de</span> <span class='ocrx_word' id='word_1_240' title='bbox 778 4051 944 4112; x_wconf 85' lang='lat' dir='ltr'>Terentiani</span> <span class='ocrx_word' id='word_1_241' title='bbox 973 4051 1096 4108; x_wconf 83' lang='lat' dir='ltr'>versibus</span> <span class='ocrx_word' id='word_1_242' title='bbox 1124 4051 1240 4110; x_wconf 83' lang='lat' dir='ltr'>transle-</span> 
     </span>
     <span class='ocr_line' id='line_1_34' title="bbox 147 4131 1239 4212; baseline 0 -20"><span class='ocrx_word' id='word_1_243' title='bbox 147 4148 296 4212; x_wconf 75' lang='lat' dir='ltr'>qnaeratnr,</span> <span class='ocrx_word' id='word_1_244' title='bbox 311 4148 344 4192; x_wconf 86' lang='lat' dir='ltr'>ut</span> <span class='ocrx_word' id='word_1_245' title='bbox 356 4133 495 4212; x_wconf 83' lang='lat' dir='ltr'>scriptura</span> <span class='ocrx_word' id='word_1_246' title='bbox 516 4133 556 4192; x_wconf 86' lang='lat' dir='ltr'>ita</span> <span class='ocrx_word' id='word_1_247' title='bbox 575 4153 673 4193; x_wconf 90' lang='lat' dir='ltr'>ernen-</span> <span class='ocrx_word' id='word_1_248' title='bbox 715 4146 794 4192; x_wconf 82' lang='lat' dir='ltr'>torn:</span> <span class='ocrx_word' id='word_1_249' title='bbox 823 4133 873 4191; x_wconf 83' lang='lat' dir='ltr'>serl</span> <span class='ocrx_word' id='word_1_250' title='bbox 897 4131 981 4190; x_wconf 91' lang='lat' dir='ltr'>redeo</span> <span class='ocrx_word' id='word_1_251' title='bbox 1001 4131 1036 4188; x_wconf 88' lang='lat' dir='ltr'>ad</span> <span class='ocrx_word' id='word_1_252' title='bbox 1058 4143 1239 4192; x_wconf 83' lang='lat' dir='ltr'>structuram.</span> 
     </span>
     <span class='ocr_line' id='line_1_35' title="bbox 147 4211 1239 4292; baseline -0.002 -18"><span class='ocrx_word' id='word_1_253' title='bbox 147 4215 230 4274; x_wconf 81' lang='lat' dir='ltr'>(letor</span> <span class='ocrx_word' id='word_1_254' title='bbox 243 4227 274 4273; x_wconf 87' lang='lat' dir='ltr'>ut</span> <span class='ocrx_word' id='word_1_255' title='bbox 283 4227 350 4274; x_wconf 84' lang='lat' dir='ltr'>ante</span> <span class='ocrx_word' id='word_1_256' title='bbox 359 4216 491 4274; x_wconf 85' lang='lat' dir='ltr'>lonicum</span> <span class='ocrx_word' id='word_1_257' title='bbox 507 4214 536 4272; x_wconf 91' lang='lat' dir='ltr'>in</span> <span class='ocrx_word' id='word_1_258' title='bbox 550 4215 674 4274; x_wconf 85' lang='lat' dir='ltr'>clausula</span> <span class='ocrx_word' id='word_1_259' title='bbox 716 4217 759 4272; x_wconf 88' lang='lat' dir='ltr'>Sit</span> <span class='ocrx_word' id='word_1_260' title='bbox 780 4213 874 4292; x_wconf 78' lang='lat' dir='ltr'>igitrn,</span> <span class='ocrx_word' id='word_1_261' title='bbox 898 4227 931 4269; x_wconf 80' lang='lat' dir='ltr'>ot</span> <span class='ocrx_word' id='word_1_262' title='bbox 957 4211 1147 4271; x_wconf 77' lang='lat' dir='ltr'>Terentianus</span> <span class='ocrx_word' id='word_1_263' title='bbox 1173 4233 1239 4289; x_wconf 80' lang='lat' dir='ltr'>pro·</span> 
     </span>
     <span class='ocr_line' id='line_1_36' title="bbox 147 4291 1102 4374; baseline -0.003 -22"><span class='ocrx_word' id='word_1_264' title='bbox 147 4315 228 4372; x_wconf 81' lang='lat' dir='ltr'>snper</span> <span class='ocrx_word' id='word_1_265' title='bbox 245 4297 343 4364; x_wconf 83' lang='lat' dir='ltr'>altum.</span> <span class='ocrx_word' id='word_1_266' title='bbox 357 4295 528 4354; x_wconf 86' lang='lat' dir='ltr'>antecedant</span> <span class='ocrx_word' id='word_1_267' title='bbox 540 4307 597 4354; x_wconf 87' lang='lat' dir='ltr'>tres</span> <span class='ocrx_word' id='word_1_268' title='bbox 616 4295 672 4374; x_wconf 88' lang='lat' dir='ltr'>syl·</span> <span class='ocrx_word' id='word_1_269' title='bbox 713 4295 806 4373; x_wconf 81' lang='lat' dir='ltr'>ponit,</span> <span class='ocrx_word' id='word_1_270' title='bbox 821 4291 1102 4370; x_wconf 78' lang='lat' dir='ltr'>hendecasyllabum:</span> 
     </span>
     <span class='ocr_line' id='line_1_37' title="bbox 148 4375 1186 4456; baseline -0.006 -20"><span class='ocrx_word' id='word_1_271' title='bbox 148 4376 218 4436; x_wconf 75' lang='lat' dir='ltr'>labe</span> <span class='ocrx_word' id='word_1_272' title='bbox 232 4375 280 4435; x_wconf 87' lang='lat' dir='ltr'>lon</span> <span class='ocrx_word' id='word_1_273' title='bbox 337 4375 591 4456; x_wconf 84' lang='lat' dir='ltr'>quibusmoloasus</span> <span class='ocrx_word' id='word_1_274' title='bbox 605 4397 672 4436; x_wconf 86' lang='lat' dir='ltr'>eon·</span> <span class='ocrx_word' id='word_1_275' title='bbox 754 4377 893 4434; x_wconf 74' lang='lat' dir='ltr'>Juvenal</span> <span class='ocrx_word' id='word_1_276' title='bbox 904 4381 1007 4448; x_wconf 77' lang='lat' dir='ltr'>segetes</span> <span class='ocrx_word' id='word_1_277' title='bbox 1019 4391 1109 4431; x_wconf 84' lang='lat' dir='ltr'>meum</span> <span class='ocrx_word' id='word_1_278' title='bbox 1124 4375 1186 4431; x_wconf 79' lang='lat' dir='ltr'>labo</span> 
     </span>
     <span class='ocr_line' id='line_1_38' title="bbox 147 4459 915 4531; baseline -0.003 -16"><span class='ocrx_word' id='word_1_279' title='bbox 147 4459 258 4515; x_wconf 61' lang='grc' dir='ltr'>ΜΟ</span> <span class='ocrx_word' id='word_1_280' title='bbox 320 4459 384 4516; x_wconf 82' lang='lat' dir='ltr'>ER.</span> <span class='ocrx_word' id='word_1_281' title='bbox 715 4466 915 4531; x_wconf 84' lang='lat' dir='ltr'>remaneatque</span> 
     </span>
    </p>

    <p class='ocr_par' dir='ltr' id='par_1_6' title="bbox 193 4535 1109 4617">
     <span class='ocr_line' id='line_1_39' title="bbox 193 4535 1109 4617; baseline -0.003 -23"><span class='ocrx_word' id='word_1_282' title='bbox 193 4538 228 4594; x_wconf 84' lang='lat'>18</span> <span class='ocrx_word' id='word_1_283' title='bbox 243 4539 359 4617; x_wconf 80' lang='lat' dir='ltr'>Segetea</span> <span class='ocrx_word' id='word_1_284' title='bbox 384 4539 492 4613; x_wconf 89' lang='lat' dir='ltr'>menrn]</span> <span class='ocrx_word' id='word_1_285' title='bbox 518 4538 606 4598; x_wconf 80' lang='lat' dir='ltr'>Forte</span> <span class='ocrx_word' id='word_1_286' title='bbox 634 4537 673 4596; x_wconf 87' lang='lat' dir='ltr'>le·</span> <span class='ocrx_word' id='word_1_287' title='bbox 757 4539 866 4613; x_wconf 73' lang='lat' dir='ltr'>Segne</span> <span class='ocrx_word' id='word_1_288' title='bbox 880 4553 968 4594; x_wconf 79' lang='lat' dir='ltr'>meum</span> <span class='ocrx_word' id='word_1_289' title='bbox 981 4535 1109 4594; x_wconf 77' lang='lat' dir='ltr'>laborem.</span> 
     </span>
    </p>
   </div>
   <div class='ocr_carea' id='block_1_5' title="bbox 0 0 1566 5120">
    <p class='ocr_par' dir='ltr' id='par_1_7' title="bbox 0 0 1566 5120">
     <span class='ocr_line' id='line_1_40' title="bbox 0 0 1566 5120; baseline 0 0"><span class='ocrx_word' id='word_1_290' title='bbox 0 0 1566 5120; x_wconf 95' lang='lat' dir='ltr'> </span> 
     </span>
    </p>
   </div>
  </div>
 </body>
</html>
