3076 5140
149 428 235 482 cnr.
252 423 286 480 2.
594 407 655 482 De
671 409 809 482 metris.
1180 421 1253 502 247

149 615 227 662 rum
257 589 515 680 modulatione,
541 589 602 662 sed
629 615 701 664 non
728 589 952 664 scanduntur
968 617 1092 664 eorum
1119 593 1253 694 pedum

150 731 260 795 more,
286 705 348 804 qui
377 731 421 777 ex
451 717 621 801 quattuor
655 705 803 803 syllabis
837 719 1015 780 constant.
1068 707 1166 782 Nam
1201 709 1300 782 illiso

140 819 262 916 juncti
281 846 327 892 ex
351 819 537 919 disyllabis
565 843 638 892 uno
657 820 806 892 nomine
831 845 898 892 suo
914 837 1189 921 nuncupantur:
1217 825 1255 898 bi

147 963 234 1008 vero
251 963 316 1036 prr
332 963 391 1010 eas
409 947 539 1034 partes,
557 959 621 1032 per
637 961 725 1032 quas
746 937 937 1034 compositi
957 951 1064 1022 sunta
1090 951 1131 1010 ut
1153 939 1182 1012 si
1208 940 1256 1014 sit

147 1077 192 1122 ex
212 1051 375 1149 spondeo
391 1065 428 1124 et
444 1050 590 1150 dactylo
608 1075 670 1148 pes
688 1051 923 1150 compositus,
940 1077 1012 1124 non
1031 1067 1128 1126 totus
1153 1055 1191 1127 in
1216 1083 1254 1128 se

148 1166 346 1256 scanditur,
363 1167 456 1239 sicut
480 1165 834 1264 proceleusmaticus,
852 1167 913 1240 sed
940 1167 1101 1267 spondeo
1117 1182 1154 1242 et
1171 1169 1255 1244 dac·

147 1281 246 1378 tylo:
274 1281 327 1354 sic
343 1281 452 1353 etiam
473 1280 501 1352 si
520 1305 565 1352 cx
582 1277 725 1354 duobus
742 1280 894 1380 dactylis
905 1295 1155 1380 componatur.
1181 1283 1252 1356 Sed

150 1395 279 1468 borum
297 1396 463 1470 omnium
485 1395 702 1494 subjungere
721 1396 917 1482 schemata,
934 1411 989 1470 est
1005 1397 1151 1494 quidem
1171 1427 1254 1498 pos-

147 1511 265 1598 sibile,
283 1509 346 1582 sed
366 1511 571 1584 molestum.

476 1709 655 1791 esan.
698 1711 763 1793 De
782 1713 934 1794 metria.

200 1859 404 1931 Metrorum
432 1858 500 1930 alia
524 1873 608 1931 sunt
630 1859 821 1958 simplicia,
838 1860 907 1932 alia
930 1863 1140 1960 composita.
1192 1860 1251 1935 De

148 1973 376 2071 simplicibus
403 1985 486 2046 ante
511 1985 728 2058 tractemus;
755 1975 946 2072 inquibus
971 1977 1149 2071 generalia
1167 1989 1251 2050 sunt

148 2103 242 2172 octo,
268 2088 315 2161 de
340 2088 566 2188 simplicibus
591 2088 742 2188 pedibus
765 2103 946 2186 quattuor,
971 2089 1016 2162 de
1041 2092 1250 2190 compositis

149 2203 314 2288 totidem,
330 2219 366 2275 et
385 2205 461 2303 ipsa
479 2203 657 2303 simplicia
674 2217 891 2302 nuncupata.
927 2203 984 2278 Ex
1003 2204 1149 2304 dactylo
1166 2206 1277 2279 dac-2

149 2317 300 2416 sylinam
318 2331 473 2392 metrum
493 2318 646 2402 dictum,
659 2343 704 2390 cx
724 2333 905 2418 anapesto
919 2321 1185 2417 anapesticum,
1202 2347 1249 2394 cx

150 2435 272 2506 iambo
288 2433 493 2523 iambicum,
510 2457 555 2505 ex
581 2434 740 2506 trochoeo
762 2433 996 2508 noctatcam.
1049 2436 1141 2508 Hoec
1167 2435 1249 2534 qui·

148 2549 231 2622 dem
261 2575 305 2621 ex
336 2547 562 2646 simplicibus
592 2547 744 2646 pedibus
775 2548 869 2622 laeta
899 2563 984 2624 sunt
1014 2565 1138 2624 metra.
1188 2550 1247 2624 Ex

146 2663 358 2762 compositis
377 2687 471 2752 vero,
486 2689 566 2758 quoe
593 2662 804 2762 simpliciter
826 2681 942 2738 metra
959 2665 1138 2764 simplicis
1155 2691 1248 2738 nun·

147 2793 340 2879 cupantur,
367 2779 444 2855 baec
471 2792 567 2851 sunt.
618 2779 653 2851 A
679 2779 890 2853 choriambo
918 2781 1009 2880 pede
1036 2781 1249 2854 choriambi·

147 2923 242 2986 cum,
258 2921 304 2968 ex
322 2895 520 2993 antispasto
538 2894 827 2993 antispasticum,
844 2925 890 2970 ex
917 2897 1060 2972 ionibus
1082 2899 1248 2990 ionicum,

144 3024 217 3084 ”ex
236 3011 423 3109 paeonibus
436 3010 647 3107 paeonicum.
684 3011 777 3084 Haec
796 3027 909 3086 metra
926 3011 1079 3086 nndiuisa
1092 3041 1157 3112 per
1169 3039 1275 3114 sep-3

146 3143 235 3214 tem,
262 3127 431 3201 undecim
468 3127 702 3225 reperiuntur.
753 3127 912 3201 Additur
941 3127 1038 3200 enim
1068 3127 1248 3226 dactylico

144 3241 295 3340 quidam
321 3241 562 3341 spondentem,
582 3241 677 3315 unde
703 3243 810 3316 etiam
838 3241 934 3342 apud
964 3243 1168 3316 Homerum
1195 3243 1249 3314 in·

144 3359 291 3432 venitur
307 3385 428 3431 versus
446 3358 616 3432 omnibus
633 3357 802 3457 spondeis
821 3371 1000 3448 constans,
1018 3357 1144 3431 ⁰1liad.
1163 3375 1194 3430 λ.

296 3469 466 3572 Ἀτρείδης·
484 3477 525 3546 rb
543 3473 567 3546 θ’
585 3471 654 3546 alrr’
672 3475 706 3546 ἔκ
722 3473 826 3572 δίφρου
841 3473 1048 3569 γουναζέσθην.

145 3587 257 3686 Apud
275 3589 481 3688 Virgilium,
500 3589 527 3661 si
552 3613 661 3662 unam
687 3587 969 3662 Pdetraxerimus
995 3587 1170 3687 syllabam
1196 3587 1277 3662 illis

145 3705 277 3794 versui,
295 3705 467 3778 faciemus
485 3703 796 3804 spondiazontem‚

319 3822 386 3884 Aut
400 3819 477 3884 leuis
492 3841 599 3884 ocreas
613 3819 695 3883 lento
709 3817 829 3882 ducunt
842 3827 987 3906 urgento.

141 3935 190 3992 ‘te
218 3919 336 3993 littera
364 3921 503 3994 sublata
533 3921 594 3993 ubi
625 3935 679 3992 est
709 3919 846 4016 syllaba
876 3931 968 3993 rcre.
1019 3919 1276 4018 Anapaesticos

145 4049 264 4107 metro
281 4033 645 4131 proceleusmaticum
666 4033 830 4118 additur;
856 4045 956 4108 ⁸nam
977 4033 1146 4132 quoniam
1166 4033 1250 4106 dac-

146 4151 225 4248 tylo
243 4165 445 4249 anapaestus
471 4149 669 4224 contrarius
695 4163 760 4238 est,
784 4149 865 4222 idco
890 4149 1247 4247 proceleusmaticum

187 4301 202 4331 ²¹
216 4309 232 4348 c
247 4291 408 4368 paeonibus]
425 4311 458 4348 er
468 4293 607 4366 peronibus
621 4291 655 4349 L.
739 4301 772 4332 ¹¹¹¹
785 4289 871 4348 divisa
885 4309 936 4368 per
950 4293 1071 4368 septem]
1088 4289 1166 4347 Infra
1177 4291 1206 4349 6.
1217 4309 1249 4348 eu

145 4381 206 4427 octo
220 4373 353 4429 undecim.
437 4387 452 4416 ⁰
467 4370 548 4430 Iliad.
563 4374 603 4444 λ.]
621 4381 650 4429 ut
666 4373 699 4430 L.
786 4381 801 4425 Ρ
816 4369 1031 4444 detraxerimus]
1047 4374 1198 4428 detraxeris
1212 4370 1248 4428 L.

145 4452 313 4591 metilia?
396 4455 481 4530 rcrs]
497 4471 589 4528 greco
604 4453 638 4510 L.
722 4463 735 4493 ⁸
751 4471 816 4508 nam
831 4449 979 4528 quoniam]
998 4453 1044 4509 Sic
1059 4451 1095 4510 L.
1111 4470 1175 4508 nam
1189 4469 1247 4508 om.
