3012 5084
297 412 347 488 46
682 411 804 488 Marti
823 409 1013 488 Victorini
1275 433 1351 484 ma.
1373 432 1407 482 1.

395 597 453 671 Ni
463 597 610 696 palmos
620 609 735 698 ponto
753 599 903 673 tendens
918 608 1092 697 utrosque
1110 595 1320 682 Cloanthus,

297 711 334 786 in
350 711 389 786 l:
416 713 517 801 item,

348 827 996 928 BrontesqoeSteropesqueetnudus
1005 827 1166 902 memlrro
1175 825 1406 925 Pyracmon,

297 945 334 1018 in
353 971 408 1018 mr
436 945 536 1035 item,

396 1059 533 1134 Nescio
549 1061 632 1160 quis
648 1071 793 1136 teneros
807 1059 959 1136 koculas
974 1057 1239 1160 milifosciaat
1251 1082 1384 1157 agnos,

253 1202 281 1240 n
296 1173 334 1246 in
352 1200 387 1248 n.
432 1175 557 1250 Habes
575 1178 742 1276 exempla
759 1191 930 1274 quattuor
946 1175 1174 1274 liquidarum,
1191 1199 1279 1270 quas
1297 1199 1404 1246 ame-

296 1291 434 1364 tabolas
469 1291 641 1383 diximus,
668 1319 752 1366 nam
784 1295 900 1366 brevis
931 1293 1067 1392 syllaba
1094 1305 1149 1366 est
1174 1293 1253 1364 loco
1278 1291 1402 1391 posita

294 1408 475 1506 positione
503 1409 610 1508 longa
635 1409 710 1482 vim
739 1435 812 1483 suoe
836 1409 1059 1508 proceritatis
1089 1409 1156 1480 loci
1189 1405 1402 1481 conditione

253 1548 284 1584 π
296 1549 369 1596 non
387 1522 552 1598 ¹obtinet.
603 1527 704 1623 Ergo
723 1524 783 1598 hic
801 1551 865 1624 pro
878 1525 975 1598 brevi
994 1523 1190 1623 accipietur
1202 1524 1280 1622 lege
1293 1547 1399 1595 com·

296 1641 479 1728 munium,
492 1653 638 1737 mquum
656 1641 752 1740 prior
768 1653 870 1713 muta
883 1666 904 1712 c
916 1665 1067 1736 sequens
1085 1637 1220 1735 liquida
1237 1639 1283 1710 sit
1298 1663 1331 1726 r,
1344 1635 1401 1709 ita

296 1768 431 1840 tamen,
456 1768 499 1827 ut
524 1769 685 1854 utraeque
712 1769 950 1829 consonantes
979 1755 1017 1827 in
1046 1781 1118 1828 una
1142 1755 1279 1854 syllaba
1308 1779 1402 1825 eon-

290 1869 428 1966 junctae
460 1869 679 1942 habeantur:
706 1897 790 1943 nam
821 1871 850 1943 si
880 1871 990 1943 altera
1019 1897 1141 1943 earum
1170 1870 1207 1942 in
1239 1868 1400 1942 secunda

297 1986 446 2085 syllaba,
471 2011 625 2083 sequens
651 1985 690 2058 in
720 1986 825 2059 tertia
852 1987 1058 2086 reperiatur,
1087 2013 1159 2058 non
1187 1986 1267 2081 jam
1294 2010 1399 2058 com-

253 2127 459 2190 ssmuncm,
476 2101 537 2173 scd
557 2101 703 2200 longam
728 2103 903 2201 syllabam
930 2103 1029 2200 ”jure
1054 2101 1221 2174 efficient.
1269 2099 1400 2172 Sedet

297 2214 380 2289 duae
406 2215 552 2313 liquidae
581 2243 617 2291 nt
645 2231 681 2290 et
706 2243 744 2306 n,
770 2243 851 2314 quae
877 2218 960 2290 solae
985 2243 1030 2290 ex
1057 2217 1133 2290 ⁰his
1155 2215 1222 2288 sibi
1246 2215 1400 2311 subjun-

297 2344 443 2430 guntur,
460 2357 532 2404 non
560 2331 785 2432 praecedente
810 2345 924 2421 muta,
941 2333 978 2405 in
999 2359 1071 2406 una
1094 2332 1233 2432 syllaba
1249 2332 1396 2428 longam

298 2446 473 2548 syllabam
491 2447 607 2522 facere
623 2461 785 2546 possunt,
803 2463 854 2533 ut,

296 2674 332 2750 Ε
401 2577 578 2652 Omnibus
594 2589 778 2653 amantem
795 2579 915 2652 taras.

331 2689 358 2762 t,

398 2775 478 2850 Aur
494 2777 824 2876 PAgamemnonius
838 2778 973 2852 scania.

253 2939 284 2989 η
295 2905 418 2980 Tertia
442 2933 537 2998 vero,
562 2935 645 2982 cum
672 2909 797 2984 eodem
829 2909 974 3008 dactylo
996 2909 1114 3008 prima
1140 2908 1288 3006 syllaba,
1315 2934 1398 3005 quse

296 3047 439 3121 semper
463 3037 591 3096 natura
616 3038 671 3097 est
697 3023 824 3114 brevis,
840 3024 949 3124 longa
965 3023 1156 3113 invenitur,
1180 3023 1249 3096 hoc
1275 3021 1398 3106 modo,

296 3134 326 3204 si
344 3149 507 3234 correpta
524 3137 561 3208 in
579 3165 620 3210 ea
633 3139 766 3213 vocalis
782 3139 923 3213 desinat
939 3139 976 3212 in
997 3163 1104 3215 unam
1124 3151 1398 3222 consonantem,

296 3259 337 3318 ut

338 3300 350 3334 ⁹
394 3342 481 3417 Hoc
496 3355 576 3418 erat
593 3346 692 3420 almo
704 3375 853 3446 parens.

252 3471 376 3552 assrit
403 3501 488 3572 ergo
509 3479 714 3553 communis
742 3485 879 3582 syllaba
905 3513 949 3560 ea
969 3485 1188 3574 conditione,
1213 3511 1286 3581 qua
1315 3509 1397 3582 pars

294 3587 465 3660 orationis
488 3587 643 3676 finiatur,
661 3608 696 3666 et
714 3621 866 3694 sequens
890 3627 910 3673 a
928 3602 1041 3674 vocali
1067 3601 1228 3699 incipiat,
1246 3625 1291 3672 ne
1316 3599 1398 3671 loco

251 3720 283 3772 26
295 3716 332 3775 et
349 3702 432 3776 sede
448 3702 582 3802 dactyli
600 3709 801 3786 tribrachus
818 3714 956 3812 positus
973 3739 1050 3786 esse
1067 3713 1239 3786 videatur.
1265 3711 1397 3808 Neque

294 3816 393 3889 enim
420 3817 480 3891 hic
506 3819 651 3896 finalem
679 3826 854 3923 syllabam
885 3841 1074 3901 ‘lcausatus
1099 3829 1158 3914 ais,
1184 3853 1269 3900 nam
1298 3825 1397 3898 nulla

295 3929 345 4002 ibi
363 3933 555 4030 proceritas
573 3951 687 4026 sonat,
706 3941 767 4012 ubi
785 3969 866 4014 vere
884 3943 1002 4016 finalis
1019 3971 1092 4016 non
1109 3957 1185 4016 est:
1212 3943 1323 4030 velut,

395 4045 513 4119 Aram
529 4048 721 4148 virumque
737 4081 837 4130 cono.

294 4157 389 4231 Cum
409 4159 507 4232 euim
531 4187 591 4234 mo
613 4165 752 4262 syllaba
773 4185 914 4268 partem
936 4172 1107 4246 orationis
1132 4173 1328 4271 compleat,
1345 4187 1397 4246 ta-

325 4359 352 4452 }
365 4363 468 4440 oculis]
485 4365 585 4424 oculus
599 4369 630 4424 Ρ.
712 4370 721 4414 ¹
735 4373 881 4450 obtinens]
896 4375 1008 4435 obtinet
1020 4379 1052 4435 P.
1138 4389 1163 4421 ¹³
1176 4384 1248 4456 qua]
1264 4399 1350 4457 quam
1364 4381 1395 4438 P.

293 4449 310 4480 ¹¹
324 4443 412 4532 ruse]
421 4447 486 4518 jure
499 4446 531 4502 Ρ.
602 4457 617 4488 ⁰
632 4448 675 4506 his
687 4454 763 4528 que]
780 4453 823 4512 bis
837 4455 868 4513 P.
942 4468 960 4512 r
972 4459 1225 4538 Agamemnoniis]
1241 4461 1394 4540 Aganreni-

294 4536 397 4576 nomus
412 4521 442 4578 P.
524 4537 540 4580 a
553 4531 712 4604 caussatus]
729 4547 859 4592 caumtus
873 4535 904 4593 Ρ.
