3100 5142
149 387 225 441 css.
243 379 283 456 9.
334 365 400 439 De
415 364 538 440 lonico
554 371 669 440 metm
687 371 723 436 et
740 359 819 464 qim
835 361 1030 462 speciebus.
1177 373 1246 456 293

498 547 737 648 ἑλικοβλέφαρε.

493 671 603 738 Colere
620 673 775 737 Cererem.

144 799 437 874 'Commiscetur
448 811 570 872 autem
585 799 671 874 huic
682 813 799 872 metro
812 811 848 871 et
859 796 1055 872 ditrochaeo
1066 809 1102 872 et
1112 795 1250 888 chorio,

146 940 207 988 seu
225 915 447 1016 Ptribmchy,

147 1297 184 1356 et
200 1310 222 1356 a
240 1282 378 1374 chorio,
394 1309 457 1356 seu
474 1281 670 1382 tribmchy,
686 1295 723 1354 et
740 1282 910 1370 trocbaeo,

655 1397 665 1426 o

500 1410 715 1496 nonnemo

150 1649 222 1723 sed
251 1649 421 1722 omnibus
448 1647 623 1748 rpedibus
649 1661 854 1748 temporum
883 1675 960 1738 sex,
990 1650 1101 1722 finem
1129 1660 1251 1722 tamen

150 1765 275 1851 habet,
293 1778 357 1838 aut
373 1767 410 1839 in
428 1764 641 1864 spondeum,
658 1778 721 1838 aut
741 1765 779 1838 in
796 1765 1011 1856 trochaeum,
1029 1765 1126 1865 quod
1143 1766 1253 1840 etism

151 1880 350 1955 sotadeum
368 1891 521 1952 metrum
536 1879 680 1968 dicitur,
693 1879 738 1953 de
752 1907 825 1980 quo
839 1881 907 1956 sub
921 1881 1116 1982 'exemplis
1129 1895 1255 1982 postes

152 1997 404 2071 tractabimus.
431 1995 617 2068 Interdum
632 2007 668 2068 et
682 1996 856 2069 molossos
869 1996 988 2070 omnis
1003 1997 1132 2070 habet:
1159 1996 1255 2070 unde
1274 2021 1289 2071 s

154 2129 191 2187 et
209 2111 449 2186 Molossicum
465 2125 623 2186 menum
643 2111 713 2185 hoc
729 2111 871 2186 dicitur.
898 2111 996 2186 Nam
1015 2113 1133 2212 prims
1149 2112 1256 2212 longo

155 2227 304 2302 molossi
322 2227 437 2301 soluta
455 2225 541 2300 facit
557 2225 717 2302 ionicum
738 2225 1258 2322 minorsn1,novissimsmcjo·

156 2369 244 2416 rem.

243 2475 423 2539 Moeceoom
437 2475 733 2561 Ron'sonificcmnt
746 2496 903 2538 sommum
918 2474 968 2538 ool
979 2477 1106 2540 memmi.

159 2611 342 2697 Quoniam
361 2609 542 2698 contexis,
559 2608 595 2682 id
612 2622 667 2682 est
684 2609 778 2695 finis,
804 2608 913 2682 ionici
938 2621 1001 2682 aut
1017 2609 1174 2684 trochoeo
1190 2621 1260 2682 ter-

160 2730 329 2816 minatur,
359 2741 421 2801 aut
447 2725 618 2826 spondeo.
670 2726 764 2799 Sunt
792 2737 914 2798 autem
945 2725 1062 2800 ionica
1094 2739 1209 2798 metm
1238 2751 1258 2798 o

160 2845 295 2942 majore
313 2841 460 2942 quidem
478 2857 572 2930 octo,
591 2869 611 2916 s
627 2843 766 2916 minore
783 2841 868 2916 duo.

235 3119 299 3193 De
315 3119 469 3192 dimetro
487 3115 802 3215 brachycatalecto
820 3115 921 3188 clodo
941 3114 1189 3212 Hipponactio
1272 3147 1289 3192 4

571 3232 687 3306 ionico
703 3229 852 3332 majore.

212 3393 375 3480 lonicum
390 3388 511 3489 majus
524 3387 718 3462 dimetrum
731 3385 1086 3487 brachycotokctum
1103 3386 1262 3464 ‘clodum

165 3507 452 3607 Hipponactium
470 3507 512 3576 fit
529 3503 690 3604 spondeo
707 3503 852 3580 clodum
871 3517 908 3578 et
926 3531 998 3579 uns
1014 3505 1164 3604 syllaba,
1181 3504 1262 3580 ideo

164 3624 529 3725 brachycatalectum,
548 3635 600 3711 ut,

513 3756 810 3832 'cacomoomnc

508 3867 605 3948 Recte
616 3883 737 3948 dedere.

207 4206 223 4240 ⁰
236 4191 449 4265 commiscetur]
466 4191 652 4249 cmnmiscetor
665 4198 757 4248 cutm
772 4189 806 4247 L.
828 4189 899 4246 Mox
913 4205 960 4244 sco
975 4205 1026 4266 pro
1036 4187 1084 4244 scd
1096 4183 1139 4244 bis
1154 4165 1268 4263 reponit

168 4274 329 4337 Santenius.
442 4271 626 4347 stribrschy]
643 4273 729 4328 tribon
743 4269 986 4344 brachycatalecto
1000 4267 1033 4323 L.
1143 4265 1270 4324 onnon

168 4357 247 4430 lats]
263 4357 359 4414 tobclo
373 4355 444 4412 lecto
458 4353 493 4411 L.
571 4353 707 4428 'pedibus
721 4371 778 4409 om.
794 4351 829 4408 L.
912 4347 1220 4426 *exemplomempln
1234 4347 1267 4404 L.

167 4439 179 4482 ἲ
193 4437 322 4513 clodum]
334 4437 411 4495 clodo
419 4433 454 4492 L.
534 4437 861 4493 ν[11(ΒΗΝΠΑΟΑΝἿἪῡ
882 4429 915 4486 L.
