3012 5084
29 278 39 339 t

28 370 31 418 ι

130 335 200 386 car.
216 331 254 386 4.
512 311 578 385 De
596 309 884 412 orthographia.
1207 329 1247 388 tl

127 500 289 572 moritu.
335 497 519 595 Anceps,
535 495 687 587 andus,
710 495 877 586 'uuu'ls‘u
893 507 1103 598 rogantum,
1124 499 1254 598 unqui-
1270 529 1301 578 το

125 615 180 698 rit,
204 639 280 687 nou
309 611 479 708 ⁸judico
505 639 572 710 per
593 639 653 700 urs,
678 610 741 684 sed
769 637 868 684 more
884 611 1094 686 Graecorum
1121 639 1255 714 perag

125 728 264 800 blitum
282 727 453 800 *scribi
508 727 622 801 Nunc
642 741 657 774 ⁶
664 727 805 824 adjicio,
823 728 915 802 sicut
932 730 1027 802 inter
1044 757 1079 804 m
1096 743 1134 802 et
1150 756 1177 804 τι
1193 729 1254 804 lit·

122 859 228 918 teram
256 869 334 917 vox
364 843 506 918 media
530 858 607 916 tam
633 843 767 916 Graecis
795 843 900 934 desit,
926 873 1035 943 quam
1066 845 1182 932 nobis,
1203 847 1254 920 ita

123 959 211 1032 inter
224 987 250 1033 n
268 985 440 1058 quoque
465 973 506 1031 et
520 985 551 1058 g
567 957 712 1034 deesse:
740 987 858 1058 neque
878 963 975 1036 enim
993 977 1036 1036 ut
1052 963 1104 1036 illi
1122 963 1254 1060 ὅῃελοτ
1268 991 1294 1044 τι

123 1091 157 1147 et
170 1073 339 1170 ‘tyaev'tqs
357 1090 404 1148 et
423 1075 577 1163 similia,
595 1075 669 1148 sive
694 1101 759 1175 per
776 1101 796 1149 c
813 1077 886 1149 sive
911 1103 1019 1176 perg
1035 1077 1253 1178 scripserint,

125 1191 337 1264 alterutram
368 1191 412 1263 in
441 1189 724 1288 pronunciando
746 1191 903 1264 litteram
929 1193 1160 1292 exprimuutt
1186 1219 1255 1266 neo

124 1333 186 1378 uos
202 1306 451 1406 supradictas
471 1330 590 1392 voces,
607 1305 682 1378 sive
708 1331 771 1404 per
789 1331 808 1378 c
824 1307 898 1378 sive
921 1333 985 1404 ρετ
998 1333 1028 1406 g
1044 1307 1255 1398 scribamus,
1360 1373 1363 1379 .

125 1423 266 1522 proprie
295 1435 370 1494 aut
387 1447 409 1494 c
425 1419 673 1518 exprimimus
698 1421 918 1506 indicendo,
937 1437 1000 1494 aut
1013 1449 1054 1522 g,
1074 1448 1155 1520 quse
1173 1449 1255 1512 vox,

124 1537 303 1632 quoniam
333 1535 463 1609 ordini
492 1533 714 1608 elitterarum
741 1549 943 1608 nostrarum
959 1535 1070 1625 deest,
1087 1555 1124 1610 ct
1149 1537 1254 1611 fami-

125 1651 245 1726 liarior
260 1668 326 1726 cst
346 1653 504 1725 auribus
528 1651 657 1722 nostris
674 1677 700 1724 τι
717 1651 838 1750 potius
855 1677 964 1748 quam
983 1679 1024 1752 g,
1041 1651 1094 1725 ‘et
1112 1679 1255 1751 anceps,

125 1783 161 1840 et
176 1769 340 1859 dadila,
357 1782 398 1841 et
417 1769 600 1865 smngina,
616 1781 653 1840 et
670 1777 880 1866 augustum,
892 1782 929 1839 et
944 1771 1118 1868 anquirit,
1135 1785 1172 1842 et
1189 1793 1255 1844 αττ·

127 1907 224 1973 τοτα,
241 1899 284 1957 et
302 1884 459 1971 similia,
475 1908 542 1981 per
554 1908 580 1954 u
596 1881 718 1980 potius
736 1907 846 1978 quam
866 1909 972 1982 perg
989 1885 1156 1958 scribite:
1183 1885 1252 1958 sic-

128 2013 169 2070 ut
193 2025 262 2098 per
288 2000 369 2074 duo
385 2026 418 2098 g
435 1998 606 2096 quotiens
621 1996 775 2070 duorum
787 2024 816 2096 g
830 2024 958 2072 sonum
977 2025 1080 2072 aures
1097 1999 1255 2096 exigent,

130 2127 172 2186 ut
195 2141 401 2216 aggerem,
425 2111 622 2213 suggillat,
643 2111 949 2213 ¹¹suggerendum,
972 2123 1201 2212 suggestum,
1217 2129 1254 2186 et

133 2231 279 2305 similia.
339 2231 453 2319 Sunt,
468 2231 531 2328 qui
550 2231 643 2303 inter
662 2257 688 2302 u
705 2254 851 2326 quoquc
868 2241 906 2300 ct
922 2228 937 2300 i
956 2229 1090 2301 litteras
1116 2255 1252 2328 suppu-
1267 2263 1296 2316 ⁷²

133 2357 211 2418 taut
236 2347 374 2420 deesse
400 2346 508 2418 nobis
527 2371 646 2436 voees,
671 2344 733 2419 sed
759 2343 929 2442 pinguius
946 2369 1056 2440 quam
1082 2345 1107 2432 i,
1123 2345 1251 2418 exilius

135 2483 246 2554 quam
275 2487 331 2534 u:
361 2458 441 2531 isod
468 2471 505 2530 et
530 2483 619 2557 pace
641 2485 765 2532 eorum
796 2457 963 2547 dixerim,
990 2485 1062 2530 nou
1086 2459 1252 2559 videnty

137 2573 299 2650 litteram
321 2573 555 2663 ¹‘desiderari
572 2574 623 2647 sic
641 2575 737 2648 enim
757 2573 897 2674 gylum,
914 2573 1125 2674 ¹mysemm,
1140 2574 1254 2674 syllo-

142 2687 232 2780 bam,
244 2715 476 2790 proaymm
497 2688 665 2762 dicebaut
684 2692 836 2789 antiqui.
888 2691 959 2764 Sed
986 2717 1084 2766 nune
1102 2717 1254 2765 consue-

143 2804 229 2878 tudo
264 2831 472 2907 paucorum
511 2803 700 2878 homiuum
740 2807 790 2880 ita
825 2806 1052 2902 loquentium
1088 2807 1251 2880 evanuit:

145 2917 299 3019 ideoque
317 2945 427 2993 voces
446 2920 531 2992 istas
550 2932 646 3019 mper
661 2921 676 2993 i
691 2923 847 2994 scribite.
897 2921 935 2994 Si
960 2947 1137 2994 memores
1161 2947 1254 2994 esso-
1268 2951 1296 3002 ts

145 3033 189 3106 tis
206 3036 346 3110 dixisse
365 3061 426 3108 me
443 3036 557 3124 vobis,
582 3037 844 3136 praepositionis
871 3037 1026 3110 litteram
1045 3063 1070 3110 n
1086 3035 1253 3134 quotiens

146 3154 296 3225 verbum
325 3165 546 3248 sequeretur,
569 3153 672 3226 aliter
699 3154 734 3227 io
764 3153 820 3225 his
848 3151 1038 3227 dumtaxat
1067 3178 1149 3251 quae
1183 3167 1250 3226 ”ex

147 3263 215 3342 bae
239 3267 521 3367 0ρττεροεὶῐίοττε
547 3271 652 3342 verba
676 3269 901 3367 ⁰⁰cooposita
926 3283 1021 3359 sunt,
1039 3269 1169 3342 mutari
1196 3295 1254 3342 so-

147 3380 216 3456 lere
242 3383 284 3454 in
311 3407 359 3470 m,
383 3408 456 3454 nun
483 3381 712 3481 scripsissetis
736 3383 915 3480 inprolem
937 3395 983 3456 Po
1006 3383 1102 3482 quod
1130 3411 1195 3484 per
1217 3411 1254 3458 m

148 3497 326 3572 debuistis
352 3497 538 3594 unprolem
564 3500 737 3572 scribere:
775 3497 946 3596 improles
971 3501 1069 3573 enim
1099 3513 1165 3588 est,
1190 3499 1251 3597 qui

149 3613 311 3688 nondum
333 3613 385 3686 vir
402 3631 466 3686 est.
511 3613 640 3712 Igitur,
657 3640 739 3712 quae
757 3613 883 3688 Graece
900 3615 1053 3688 scribitis
1071 3643 1136 3716 per
1152 3625 1178 3704 ψ
1196 3615 1253 3687 lit·
1269 3653 1299 3703 74

149 3743 276 3818 teram,
293 3728 456 3802 scribetis
475 3729 607 3802 Latine
624 3756 689 3828 ρετ
700 3757 757 3826 ps.
788 3729 904 3804 Groeci
930 3731 1139 3831 priusquam
1165 3729 1255 3802 reei-

189 3887 204 3920 ²
217 3875 337 3952 ancilia]
353 3877 460 3958 augitis
474 3879 504 3936 P.
626 3887 641 3920 ⁸
648 3876 763 3955 judico]
775 3877 886 3957 judicat
896 3881 926 3938 P.
1037 3876 1054 3922 b
1068 3877 1165 3950 scribi]
1182 3879 1252 3935 scri-

150 3958 214 4016 bere
227 3959 260 4016 P.
344 3956 486 4034 οττῇίεἰο]
502 3957 591 4018 adicio
606 3959 636 4017 P.
727 3955 878 4034 ᾱάγκόλην]
894 3972 1009 4035 „natas
1023 3961 1055 4018 P.
1075 3955 1174 4016 Paullo
1188 3969 1254 4016 ante

150 4048 179 4095 st
193 4039 312 4098 Putsch.
328 4059 380 4116 pro
393 4047 453 4096 aut.
544 4037 742 4112 elitterarum]
758 4039 880 4098 litteram
896 4043 928 4099 P.
1021 4037 1207 4118 lutaueeps]
1224 4051 1255 4096 et

151 4121 301 4199 aucepsP.
405 4118 552 4200 sangine]
569 4119 675 4199 angitis
689 4120 719 4178 P.
833 4117 1084 4200 hsuggerendum]
1102 4137 1253 4200 suggeren-

151 4199 214 4258 dam
229 4202 261 4258 P.
345 4197 417 4257 isad
433 4201 516 4278 pace]
533 4201 581 4258 sed
596 4212 627 4259 et
641 4219 711 4280 pace
724 4202 756 4258 P.
837 4198 1034 4277 ldesiderari]
1052 4200 1208 4259 desiderare
1222 4199 1254 4258 P.

150 4277 330 4358 ¹m5serum]
348 4279 480 4340 miserum
495 4283 526 4338 P.
609 4292 633 4324 ¹¹¹
647 4282 728 4360 pert]
745 4301 795 4360 per
808 4301 825 4338 u
841 4283 873 4340 P.
949 4293 964 4324 ¹¹
979 4300 1012 4339 ex
1028 4283 1092 4356 hac]
1110 4283 1138 4338 in
1153 4281 1205 4339 bar
1220 4283 1253 4338 P.

151 4361 204 4419 Sed
221 4381 322 4440 margo
335 4380 353 4418 s
367 4381 395 4439 p.
412 4381 450 4418 m.
464 4380 499 4418 ex
514 4362 575 4419 hac.
698 4373 713 4405 ⁰
734 4361 948 4440 prepositione]
972 4375 1053 4440 parte
1068 4359 1208 4439 positione
1224 4360 1254 4416 P.

152 4450 181 4484 ⁰⁰
192 4442 367 4520 composita]
386 4441 535 4519 conposita
550 4443 580 4499 P.
663 4443 816 4518 eoquod]
836 4442 950 4519 inquam
966 4443 996 4500 P.
