3076 5140
153 365 332 424 r..1v.c.1.
348 351 414 426 De
427 355 596 428 mnnenn's
608 354 754 429 interce
766 365 877 456 atque
889 358 1098 434 inconnexis
1107 366 1167 458 850.
1191 377 1257 454 193

466 857 651 942 LIBER
679 861 954 952 QUARTUS

151 1060 220 1124 uu
244 1063 489 1130 connexis
513 1067 665 1132 meren
688 1068 741 1131 su
757 1067 924 1146 ATQUE
944 1069 1252 1154 1ucouunxrs,

292 1199 401 1276 cunc
427 1201 588 1266 cunm
613 1207 888 1268 lunarium
912 1205 1118 1288 vocann,

521 1339 884 1406 enncnnnrcns

555 1574 849 1618 ..-.0..-

619 1765 723 1847 Cne.
746 1768 780 1848 I.

150 1881 411 2000 EMENSIS
424 1936 532 2020 atque
548 1923 718 1998 discussis
735 1925 790 1998 his
808 1927 1008 2002 secundum
1023 1929 1247 2029 propositum

150 2043 254 2114 nobis
273 2040 448 2123 ordinem,
465 2051 569 2136 ⁰quae
591 2064 636 2112 ex
663 2038 842 2136 dactylico
868 2054 975 2138 atque
1005 2043 1163 2118 iambico
1188 2069 1249 2141 ge-

152 2181 232 2227 nere
256 2181 323 2252 per
346 2153 562 2252 multiplices
584 2153 874 2250 conpositionum
901 2157 1034 2254 figuras
1058 2159 1248 2232 informata

150 2269 388 2358 ederivantur,
399 2280 560 2368 superest
573 2281 614 2340 ut
626 2294 680 2356 ea,
693 2295 774 2365 quae
785 2295 828 2342 ex
850 2271 1036 2367 utriusque
1053 2273 1247 2346 concinna·

151 2382 248 2456 tione
274 2409 317 2455 ac
343 2382 605 2482 ‘lpermixticne
631 2395 827 2456 metrorum
852 2411 981 2482 genera
1003 2399 1245 2484 procreantur,

149 2499 281 2594 quibus
309 2511 371 2569 aut
398 2495 520 2594 magni
551 2509 712 2570 auctores
739 2498 887 2572 nomina
912 2497 1099 2584 dederunt,
1118 2511 1179 2572 aut
1205 2501 1244 2572 il-

150 2611 275 2686 lustres
294 2625 410 2710 poetae
426 2611 631 2708 frequenter
647 2611 702 2684 usi
720 2625 815 2698 sunt,
833 2637 1101 2712 persequamur.
1127 2612 1272 2689 Nam-2

149 2751 217 2823 que
234 2727 499 2800 Archilochum
518 2727 649 2815 ferunt,
662 2751 769 2824 quern
789 2741 976 2824 parentem
995 2727 1079 2800 artis
1099 2729 1244 2802 musicae

142 2841 248 2937 juxta
267 2841 525 2914 multiformem
547 2855 743 2914 metrorum
757 2841 885 2914 seriem
902 2841 1150 2940 diversamque
1164 2870 1246 2942 pro-

147 2957 288 3054 geniem
308 2955 428 3028 omnis
444 2968 529 3028 aetas
547 2955 656 3044 canit,
673 2968 862 3056 acceptum
888 2958 933 3030 ab
950 2956 1006 3028 bis
1025 2957 1087 3054 qui
1106 2971 1189 3030 ante
1207 2985 1244 3032 se

146 3071 378 3170 inspexerant
411 3070 694 3169 summatimque
725 3083 981 3143 rtractaverunt
1011 3069 1244 3168 dactylicum,

145 3185 241 3282 quod
260 3197 315 3258 est
328 3185 492 3258 omnium
508 3199 618 3284 caput
631 3213 672 3259 ac
685 3185 915 3285 principium,
927 3211 992 3283 per
1005 3183 1242 3280 'adjectiones

144 3299 454 3397 detractionesque
482 3300 639 3374 vertisse.
688 3301 825 3398 Equo
855 3299 1011 3398 primurn
1044 3299 1269 3382 iambicum3

143 3429 301 3488 metrum
334 3439 397 3512 per
425 3413 682 3486 detractionem
716 3415 821 3487 unius
855 3413 1029 3510 temporis
1063 3413 1242 3505 formavit,

142 3529 293 3625 adaeque
324 3529 587 3618 hexametrum,
609 3529 672 3625 qui
699 3555 762 3627 per
787 3527 950 3626 dipodias
980 3527 1142 3601 trimeter
1166 3528 1242 3600 effi-

142 3645 248 3731 citur,
266 3643 397 3717 dehiuc
415 3645 461 3716 ab
486 3644 542 3716 his
566 3643 707 3718 duobus
728 3668 874 3716 exorsus
901 3643 1016 3716 multa
1042 3655 1240 3716 metrorum

143 3785 274 3856 genera
290 3758 458 3856 variaque
475 3758 671 3858 ‘produxit
723 3758 894 3856 Namque
917 3759 963 3832 ab
986 3757 1143 3832 iambico
1169 3773 1241 3830 tro-

142 3873 355 3961 choicum
371 3871 551 3971 dactylico
569 3872 823 3971 anapaesticum
838 3871 1006 3971 prodidit,
1020 3885 1160 3946 mutata
1177 3897 1241 3970 per

142 3987 426 4078 translationem,
436 4003 477 4060 ut
489 3989 526 4061 in
542 4002 707 4086 utroque,
722 3987 831 4086 longa
844 3989 993 4085 syllaba.
1022 3987 1162 4060 Rursus
1177 4012 1268 4085 per4

182 4216 197 4246 ⁰
212 4203 288 4278 quae]
304 4200 352 4278 qui
367 4203 399 4262 P.
496 4201 699 4274 ederivantur]
715 4199 843 4258 derivant
856 4200 888 4258 P.
984 4211 1000 4255 ‘t
1014 4203 1237 4278 permutatione]

142 4281 330 4358 permixtione
344 4283 375 4339 P.
459 4282 686 4355 tractaverant]
704 4291 894 4337 tractaverunt
907 4279 938 4335 P.
1022 4289 1034 4322 ⁸
1049 4280 1234 4358 abjectiones]

142 4361 316 4439 adjectiones
332 4362 363 4419 P.
379 4359 462 4420 etsie
477 4365 551 4440 conj.
567 4359 772 4419 Comrneliuns.
909 4357 921 4398 ²
935 4358 1079 4434 produxit]
1096 4360 1237 4438 produxit.

142 4441 274 4519 Namque
288 4443 324 4502 eb
337 4440 459 4500 iambico
474 4440 658 4510 trochaicum,
673 4461 690 4498 s
704 4437 835 4498 dactilico
849 4437 1040 4516 anapesticunr
1056 4439 1179 4516 prodidit
1191 4443 1223 4500 P.

657 4557 717 4607 CC
