3012 5084
315 437 364 496 to
700 415 820 492 Marii
839 417 1021 492 Victorini
1296 439 1371 489 mn.
1388 439 1423 488 1.

313 617 517 704 correptum
537 615 554 650 ¹¹
565 602 742 692 enuntiat,
760 628 828 676 nec
847 627 979 700 magno
998 601 1098 674 biatu
1116 600 1215 672 labra
1232 600 1422 686 reserabit,

311 735 348 794 et
373 734 567 793 retrorsum
595 732 711 792 actam
742 718 903 816 linguam
931 715 1090 790 tenebit:
1116 715 1266 814 longum
1290 729 1420 788 autem

309 834 494 934 productis
511 833 627 924 labiis,
644 833 736 906 rictu
762 832 878 922 tereti,
895 831 1019 931 lingua
1039 845 1149 906 ⁰arcu
1168 831 1238 906 oris
1256 831 1422 931 pendula

310 975 439 1024 sonum
466 949 642 1047 tragicum
671 947 783 1033 dabit,
802 947 904 1044 cujus
925 947 1183 1021 observationis
1201 960 1238 1020 et
1263 947 1301 1020 in
1318 973 1337 1020 e
1353 946 1422 1020 lit-

311 1079 386 1139 tera
404 1063 530 1138 similis
546 1077 679 1163 Ppaene
695 1064 787 1138 ratio
803 1075 868 1136 est.

267 1201 298 1238 ¹⁰
364 1180 406 1254 V
426 1179 583 1252 litteram
612 1178 778 1275 quotiens
803 1177 1048 1268 enuntiamus,
1065 1177 1249 1277 productis
1271 1189 1308 1250 et
1332 1183 1421 1252 coe-

309 1295 457 1369 untibus
484 1294 592 1368 labris
610 1294 807 1367 efferemus.
859 1291 910 1366 Et
936 1319 1031 1392 ney
1057 1304 1285 1366 qconnexam
1312 1292 1420 1366 Grae-

310 1409 360 1482 cis
388 1411 570 1484 vocalibus
597 1407 902 1508 praetermiserim,
920 1409 1023 1504 cujus
1049 1407 1275 1505 frequentem
1303 1433 1417 1480 usum

309 1524 417 1622 rquia
450 1527 559 1598 verba
597 1551 659 1598 seu
694 1523 843 1596 nomina
880 1523 1082 1596 desiderare
1115 1535 1323 1610 noscuntur,
1356 1523 1419 1622 ip-

310 1667 385 1712 sam
421 1653 588 1737 'quoque
619 1638 759 1732 Graecis
793 1638 988 1727 vocabulis,
1014 1665 1098 1712 cum
1129 1638 1331 1728 inciderint,
1356 1665 1419 1711 re-

309 1754 542 1842 servabimus,
557 1753 636 1826 looo
654 1765 777 1826 autem
796 1751 902 1848 hujus
919 1780 941 1826 o
958 1753 1127 1843 littemm,
1141 1767 1262 1852 aptam
1280 1755 1416 1834 nostris

308 1870 456 1943 vocibus
483 1868 668 1956 finximus,
685 1893 795 1965 quam
822 1867 890 1940 nisi
913 1895 978 1966 per
994 1902 1026 1941 oo
1042 1869 1272 1964 conjunctam
1291 1869 1416 1942 Graeci

309 1985 462 2060 scribere
480 2011 521 2058 ac
538 1986 769 2083 pronuntiare
787 2009 860 2056 non
878 1998 1040 2081 possunt.

266 2123 293 2158 11
358 2099 470 2174 Nunc
486 2099 531 2172 de
549 2099 841 2188 consonantibus,
855 2124 936 2196 quae
953 2098 1021 2171 sibi
1040 2099 1137 2172 vocis
1156 2125 1283 2172 sonore
1299 2113 1416 2196 atque

308 2216 386 2314 ipsa
403 2217 473 2288 oris
490 2217 717 2315 expressione
735 2229 818 2288 sunt
836 2215 1021 2314 proximae,
1039 2227 1080 2288 ut
1102 2241 1178 2288 sese
1201 2215 1415 2305 obtulerint,

308 2331 574 2404 enarrabimus:
600 2337 667 2404 tex
685 2331 817 2428 quibus
834 2331 926 2404 Bet
944 2329 987 2402 P
1006 2331 1133 2403 litterae
1154 2329 1414 2426 conjunctione

308 2445 486 2520 vocalium
505 2446 606 2544 quasi
626 2445 783 2546 syllabae,
800 2449 901 2540 (nam
921 2459 1021 2520 muta
1043 2446 1161 2546 portio
1186 2445 1330 2544 penitus
1355 2445 1414 2517 la-

308 2573 371 2646 tet,
390 2587 507 2660 neque
532 2560 629 2634 enim
655 2561 758 2634 labiis
786 2561 933 2648 hiscere,
948 2561 1109 2634 ullumve
1133 2573 1291 2633 meatum
1309 2559 1413 2634 vocis

306 2675 509 2776 exprimere
538 2676 637 2748 nisus
666 2676 771 2766 valet,
798 2675 867 2748 nisi
896 2676 1037 2748 vocales
1067 2675 1205 2748 exitum
1233 2672 1413 2764 dederint,

308 2805 416 2888 atque
432 2817 494 2864 ora
510 2791 723 2888 resanius)
738 2791 871 2890 dispari
895 2791 988 2864 inter
1009 2817 1046 2863 se
1063 2790 1134 2862 oris
1151 2787 1270 2862 officio
1286 2790 1413 2888 expri-

307 2919 475 2979 muntur:
503 2931 585 2979 nam
615 2905 732 3014 prima
754 2906 904 3004 exploso
921 2931 942 2978 e
960 2904 1087 2978 mediis
1110 2904 1215 2979 labiis
1235 2930 1334 2989 sono,
1351 2931 1411 2978 se-

306 3047 421 3117 quens
450 3047 656 3119 compresso
680 3045 752 3111 ore,
777 3021 877 3094 velut
904 3021 1099 3094 introrsum
1130 3033 1281 3095 attracto
1307 3020 1409 3094 vocis

265 3165 293 3200 n
307 3135 382 3208 ictu
408 3135 643 3234 explicantur.
698 3134 860 3210 C'etiam
883 3151 920 3210 et
947 3136 982 3210 G
1008 3150 1181 3236 utsupra
1209 3163 1296 3208 sono
1324 3161 1409 3234 pro-

307 3251 415 3322 ximae
441 3252 510 3324 oris
538 3251 724 3324 molimine
750 3253 904 3349 nisuque
931 3251 1167 3326 dissentiunt:
1195 3277 1278 3324 nam
1307 3275 1326 3322 c
1351 3276 1409 3322 re-

306 3363 415 3438 ducta
446 3366 636 3438 introrsum
671 3367 805 3466 lingua,
838 3368 923 3442 binc
954 3382 1063 3466 atque
1098 3369 1216 3440 binc¹¹
1254 3368 1406 3440 molares

306 3507 449 3580 urgens,
475 3481 669 3554 haerentem
700 3483 791 3554 intra
819 3510 858 3555 os
887 3510 1015 3556 sonum
1044 3483 1140 3556 vocis
1170 3481 1350 3555 excludit:
1375 3509 1407 3580 g

306 3596 379 3669 vim
398 3595 536 3696 prioris,
546 3599 621 3697 pari
636 3597 770 3696 linguae
786 3598 920 3697 Wlapsu
935 3599 1056 3697 palato
1069 3623 1274 3696 suggerens,
1287 3596 1404 3669 lenius

306 3711 433 3784 reddit.
480 3711 523 3784 D
539 3723 557 3758 ¹
568 3726 689 3785 autem
708 3725 744 3785 et
768 3713 811 3802 Τ,
829 3714 972 3810 quibus,
989 3727 1031 3786 ut
1048 3714 1098 3786 ita
1123 3711 1288 3797 dixerim,
1306 3711 1404 3783 vocis

345 3973 361 4004 ¹²
374 3960 521 4036 enunciat]
539 3959 670 4020 enuntiat
684 3961 715 4019 Ρ.
756 3963 797 4020 Et
810 3959 850 4020 sic
864 3960 922 4018 fere
935 3978 1056 4038 semper.
1150 3970 1166 4002 ⁰
1179 3960 1260 4033 arcu]
1275 3945 1358 4018 aristi
1370 3959 1403 4016 P.

304 4051 406 4119 Ppene
420 4041 491 4100 ratio
505 4043 561 4114 est]
585 4060 667 4118 paene
682 4040 753 4099 ratio
767 4041 800 4098 P.
984 4041 1186 4115 sconuexam]
1209 4057 1348 4098 conexam
1369 4039 1402 4097 P.

303 4122 470 4199 rquedam]
487 4120 553 4200 quia
566 4121 600 4178 P.
682 4119 836 4198 ⁸quidem]
852 4139 966 4198 quoque
980 4121 1010 4178 P.
1092 4121 1166 4196 tex]
1184 4121 1247 4178 eP.
1326 4118 1402 4176 uin-

303 4213 346 4258 ter
360 4201 479 4260 molares
492 4201 624 4280 surgens]
645 4201 869 4280 molaresurgens
883 4202 913 4259 P.
1097 4211 1119 4242 w
1134 4200 1229 4278 lapsu]
1250 4199 1354 4258 labitur
1367 4199 1401 4257 P.

302 4291 319 4324 ¹
333 4282 442 4356 tanuen]
459 4293 552 4340 autem
567 4281 598 4338 P.

347 4467 393 4508 10.
415 4451 452 4524 ου]
477 4451 522 4507 Ita
543 4451 656 4508 Putscb.
686 4449 780 4508 Ceteri
798 4469 826 4525 y.
873 4451 940 4508 vid.
964 4451 1081 4508 Senten.
1106 4449 1142 4507 ad
1166 4451 1282 4508 Terent.
1305 4449 1399 4508 Maur.

302 4551 330 4609 p.
342 4548 411 4608 393.
454 4529 630 4588 Camerarius
644 4531 672 4588 in
689 4549 777 4608 marg.
795 4531 878 4588 “Est
891 4529 968 4590 enim
980 4555 1006 4588 ου
1019 4530 1093 4608 apud
1108 4529 1172 4588 illos
1186 4529 1318 4608 syllaba.''
