3076 5140
300 372 371 434 208
685 357 804 434 Marii
824 356 874 431 V
861 359 1006 432 ector-ini
1256 381 1333 432 ern.
1347 381 1405 432 w.

298 542 478 642 prosecuti
505 553 600 631 sunt,
617 541 806 640 Priapeum
833 551 990 614 metrum
1018 553 1283 640 nuncuparunt,
1301 541 1403 638 quod

299 683 412 756 genus
440 657 638 730 hexametri
657 656 745 730 adeo
763 656 931 730 abhorret
948 657 994 728 ab
1013 655 1112 728 hemi
1139 656 1228 754 lege,
1246 670 1288 729 ut
1303 669 1402 728 utra-

298 797 370 867 que
395 798 476 870 pars
503 771 691 844 commatis
717 797 978 867 nonnunquam
1001 770 1169 845 trocbaeis
1194 785 1232 844 et
1256 771 1400 856 iambis,

300 903 362 958 aut
379 911 444 984 pro
457 885 617 984 spondeo
630 888 818 986 anapaestis
832 885 1033 978 inchoetur,
1044 901 1105 960 aut
1117 887 1254 960 metiarn
1267 889 1400 960 cretico

299 998 398 1096 prius
424 1025 568 1072 comma
594 1027 659 1098 pro
684 1000 830 1100 dactylo
847 1003 1070 1088 terminetur,
1087 1013 1130 1074 ut
1145 1015 1201 1074 cst
1217 999 1311 1100 apud
1328 999 1401 1073 Ca-

298 1113 442 1204 tullum,

547 1213 649 1286 Nam
667 1223 703 1287 te
711 1215 901 1312 precipue
917 1215 956 1288 in
972 1216 1060 1302 suis,

298 1325 442 1418 dehinc,

548 1443 806 1544 Hellespontio
823 1448 965 1520 celcris.

256 1572 466 1671 nequando
496 1575 580 1648 bina
610 1593 694 1650 suut
722 1577 812 1662 cola,
843 1603 943 1650 mora
972 1577 1212 1651 distinctionis
1247 1578 1399 1651 interce-

298 1689 427 1773 dente,
454 1689 550 1785 quod
577 1717 690 1788 genus
716 1718 883 1766 versuum
907 1691 1001 1791 apud
1026 1693 1171 1765 Graecos
1199 1691 1399 1764 comoedia-

298 1829 377 1877 rum
395 1817 556 1877 veterum
584 1807 771 1905 scriptores
798 1807 996 1906 plurimum
1021 1820 1086 1896 cst,
1103 1820 1140 1880 et
1159 1808 1273 1904 magis
1299 1806 1398 1904 apud

299 1921 437 2018 eosqui
456 1921 607 2019 satyrica
627 1922 854 2021 scripserunt,
869 1920 964 1994 unde
982 1921 1198 1994 anonnullis
1216 1921 1397 2020 satyricon

298 2036 396 2134 prius
414 2036 618 2125 vocabatur,
631 2061 755 2110 verum
774 2053 899 2137 postea
915 2036 1025 2110 ⁰abiit
1041 2036 1077 2108 in
1097 2034 1397 2108 consuetudinem

255 2179 285 2234 ῃ
299 2163 340 2222 ut
356 2150 547 2248 Priapeum
562 2151 812 2250 appellaretur.
853 2153 930 2226 Sub
942 2179 984 2224 ea
998 2177 1083 2249 crgo
1096 2150 1336 2249 percussione,
1350 2149 1398 2222 de

299 2291 370 2362 qua
388 2265 632 2364 supradictum
652 2280 717 2356 est,
743 2268 850 2367 primi
876 2265 1066 2341 commatis
1083 2264 1210 2338 divisio
1227 2277 1263 2336 et
1279 2263 1399 2336 chori-

299 2383 408 2455 ambo
426 2381 545 2454 medio
561 2383 758 2456 subsistens
776 2407 917 2456 versum
934 2381 981 2455 ab
999 2378 1299 2478 hendecasyllabo
1315 2403 1400 2477 pro-

298 2495 435 2572 tectum
453 2497 660 2586 declarabit,
678 2512 729 2586 ut,

498 2613 628 2686 Solous
644 2623 731 2686 tunc
745 2621 919 2711 retegunt
936 2637 1052 2686 come.

297 2725 405 2814 Item,

495 2839 721 2916 Jamdudum
739 2841 806 2914 titi
823 2841 1012 2915 disseram.

296 2952 396 3028 Nam
413 2956 484 3029 tale
501 2970 566 3044 est,
583 2957 700 3054 quale,

499 3069 570 3146 Cui
585 3097 657 3145 non
673 3071 793 3143 dictus
809 3067 936 3168 Hylas
948 3095 1053 3166 puer.

254 3211 285 3274 γε
297 3182 428 3281 Itaque
454 3184 483 3256 si
509 3199 696 3282 tamquam
716 3183 936 3282 Glyconiurn
954 3184 1135 3274 dividitur,
1152 3185 1218 3257 erit
1235 3185 1396 3284 primum

297 3323 440 3371 comma
457 3299 730 3397 octasyllabum,
748 3299 786 3372 in
807 3325 880 3397 quo
905 3299 1003 3398 prior
1027 3299 1219 3398 spondeus,
1242 3325 1397 3396 sequens

296 3411 538 3502 choriambus,
555 3413 681 3487 tertius
699 3415 912 3513 tribrachys,
937 3413 1055 3513 Pquod
1082 3419 1119 3486 in
1141 3414 1394 3487 hexametrum

296 3525 487 3625 Priapeum
515 3528 671 3600 converti
699 3529 751 3600 sic
776 3529 928 3628 poterit:
955 3531 1053 3603 solvo
1076 3527 1342 3615 choriambum,
1360 3541 1398 3600 et

296 3641 526 3714 novissimam
561 3643 638 3739 ejus
671 3641 844 3741 syllabam
880 3643 1019 3720 duabus
1056 3643 1193 3716 ultimis
1228 3641 1396 3715 brevibus

296 3755 489 3854 conjungo,
517 3769 557 3829 ut
586 3781 631 3829 ex
664 3757 875 3832 choriambo
904 3773 941 3832 et
966 3757 1170 3832 ‘ltribracho
1195 3755 1397 3830 efficiantur

295 3869 429 3969 dactyli
448 3870 532 3956 duo,
550 3871 616 3944 crit
633 3871 736 3945 colon
760 3873 971 3964 hexametri,
988 3873 1046 3948 cui
1073 3873 1102 3945 si
1124 3870 1394 3945 Pherecratium

297 3983 586 4085 heptasyllabum
613 3989 832 4088 apposueris,
858 3989 1110 4064 hexametrum
1130 4013 1274 4061 versum
1295 4013 1396 4060 com-

336 4209 361 4241 ¹²¹
374 4199 416 4270 et]
432 4201 518 4258 etiam
530 4201 560 4257 P.
688 4213 704 4244 ¹¹
718 4203 846 4278 quando]
863 4223 949 4281 quam
961 4206 992 4262 P.
1124 4217 1139 4248 ⁰
1152 4203 1235 4280 abiit]
1252 4204 1288 4261 ab
1302 4203 1346 4260 bis
1360 4204 1393 4262 P.

296 4279 416 4357 equod]
433 4281 482 4358 qui
496 4281 527 4337 P.
610 4291 626 4336 ιι
641 4280 779 4341 tribracho
793 4285 993 4358 conficiantur]
1010 4283 1142 4342 tribrachi
1155 4283 1313 4342 efficiantur
1323 4283 1355 4338 P.

425 4451 473 4526 78.
488 4449 656 4530 tribrachys]
672 4451 820 4530 dibrachys
834 4455 950 4513 Santeu.
965 4455 1031 4513 Ter.
1046 4455 1140 4512 Maur.
1155 4473 1183 4530 p.
1198 4451 1267 4526 368.
