3124 5120
153 445 237 496 cas.
257 437 311 496 10.
507 423 572 495 De
591 420 773 494 Trimetro
788 447 907 496 versu
1188 421 1255 498 16⁵

154 607 311 692 iambus,
336 603 493 680 secunda
517 604 759 694 choriambus,
784 605 889 678 tertia
911 605 1103 693 diiambus,
1124 621 1160 680 et
1184 609 1258 708 syl-

156 722 250 812 laba,
266 721 414 818 quando
431 719 759 820 hypercatalectum
779 735 845 810 est,
861 735 901 794 ut
918 736 983 810 cst,

261 837 413 910 Caduca
425 835 554 933 populi
570 849 690 908 'conto
703 833 931 934 gloucojam
944 861 1014 934 per
1031 863 1151 936 agros.

158 977 222 1050 per
237 953 396 1050 singulas
412 953 469 1025 vel
491 951 708 1048 adjectiones
725 952 782 1024 vel
799 953 908 1025 etiam
932 953 1179 1026 translationes
1196 979 1256 1026 ra·

158 1067 226 1138 rias
251 1065 363 1140 efficit
390 1069 532 1166 figuras.
584 1067 682 1140 Nam
715 1091 798 1140 cnm
827 1067 873 1140 sit
895 1067 1195 1158 choriambicum,
1219 1081 1299 1142 etn

160 1181 320 1255 medium
340 1181 472 1254 habeat
495 1207 606 1254 unum
626 1180 890 1272 choriambum,
907 1181 1117 1278 badjiciatur
1132 1197 1253 1256 autem

161 1297 340 1394 utrimque
357 1295 548 1384 diiambus,
564 1297 592 1368 si
610 1295 691 1394 quis
708 1295 759 1368 eis
777 1297 922 1395 longam
940 1312 1126 1396 praeponat
1148 1299 1257 1396 sylla-

160 1412 255 1496 bam,
293 1424 424 1484 cuncta
453 1411 488 1484 in
524 1439 567 1484 eo
596 1437 700 1484 versu
731 1413 1090 1510 transfigurabuntur.
1155 1413 1254 1486 Nam

159 1540 194 1599 ct
229 1525 275 1598 de
316 1525 495 1612 diiambis,
530 1527 591 1625 qui
622 1539 660 1598 et
694 1526 798 1600 initio
824 1539 861 1599 et
894 1527 988 1599 ‘fine
1022 1539 1117 1614 sunt,
1145 1527 1257 1600 ditro-

159 1642 276 1714 chaeos
302 1638 458 1730 dfecerit,
475 1655 512 1714 et
529 1641 590 1739 qui
609 1655 685 1714 erat
706 1641 847 1716 medius
864 1641 1095 1716 choriambus
1113 1643 1148 1716 in
1166 1643 1257 1716 ioni-

159 1782 241 1828 cum
260 1783 281 1829 a
300 1755 434 1853 majore
451 1755 628 1847 transibit,
640 1771 677 1830 et
693 1784 759 1858 pro
775 1783 848 1832 una
864 1757 1164 1856 ‘hypercatalecti
1184 1761 1257 1860 syl-

158 1871 237 1944 laba
255 1869 338 1944 duae
355 1871 595 1970 reperientur:
624 1887 664 1946 ut
681 1886 748 1962 est,

210 1987 295 2065 Quo
311 1987 449 2060 caduca
462 1987 592 2084 populi
607 2011 710 2061 corno
723 1987 862 2087 glauca
866 1987 954 2088 jam
966 2013 1035 2086 per
1051 2015 1172 2088 agros.

159 2101 296 2198 adjecta
322 2103 459 2200 syllaba
484 2102 592 2202 longa
615 2101 713 2202 ‘qua
753 2101 890 2176 Contra
907 2115 1026 2176 autem
1044 2104 1161 2177 eidem
1180 2131 1257 2178 ver·
1271 2134 1301 2183 rs

160 2219 223 2306 sni,
240 2218 270 2290 si
298 2219 441 2290 brevem
461 2217 636 2317 syllabam
664 2217 768 2292 initio
785 2217 970 2316 adjungas,
988 2243 1053 2317 pro
1069 2219 1188 2294 ionico
1203 2221 1258 2294 fa-

159 2334 228 2406 ciet
244 2333 515 2431 antispasticum
532 2347 701 2424 metrum,
714 2347 751 2406 et
762 2359 828 2432 pro
841 2331 1063 2408 admixtione
1075 2335 1258 2410 trochaica

159 2448 243 2522 facit
260 2449 470 2538 iambicum,
487 2463 524 2522 et
542 2451 584 2524 fit
599 2475 721 2524 versus
739 2447 1012 2547 {antispasticus
1029 2461 1257 2524 tetrametrus

160 2564 387 2652 acatalectus,
415 2563 607 2638 secundam
635 2577 776 2638 tantum
803 2562 963 2637 hhabens
989 2563 1258 2663 antispasticam

160 2679 465 2777 conjugationem,
483 2705 563 2776 quae
580 2678 650 2752 fuit
667 2679 765 2780 prius
782 2677 911 2767 ionica,
929 2693 970 2751 ut
986 2692 1052 2766 est,

236 2793 330 2866 Toto
344 2793 483 2867 caduco
495 2793 624 2891 populi
641 2819 743 2869 corno
755 2792 983 2894 gloucojam
994 2783 1066 2892 per
1081 2819 1201 2893 agros.

157 2901 207 2982 Et
224 2909 292 2981 erit
309 2909 439 2982 similis
457 2909 542 2982 huic
559 2909 754 3010 Sapphico,
1273 2924 1304 2972 ¹⁴

232 3024 375 3121 Aprica
392 3025 488 3098 veris
504 3049 597 3098 auro
613 3034 678 3112 cst,
696 3023 868 3126 ubiflore
883 3049 977 3098 rura
993 3023 1125 3098 lacent.

159 3139 335 3212 Praetcrea
360 3140 445 3236 quia
471 3139 629 3214 ionicum
662 3139 818 3213 eundern
850 3153 888 3212 et
918 3139 1122 3214 ¹Sotadium
1152 3165 1260 3238 supra

158 3255 329 3344 diximus,
356 3282 426 3327 non
456 3256 501 3328 ab
526 3281 564 3328 re
591 3267 646 3328 est
675 3255 712 3327 in
744 3280 813 3328 una
840 3267 948 3352 atque
973 3255 1100 3328 eadem
1129 3255 1258 3354 specie,

158 3369 244 3468 quid
272 3369 366 3441 inter
390 3367 471 3442 ¹‘eas
494 3369 614 3457 distet,
641 3369 840 3444 ostendere.
891 3369 1065 3443 Diximus
1090 3370 1187 3443 enirn
1213 3393 1259 3442 ex
1275 3397 1303 3450 rr

158 3485 277 3558 ionico
299 3483 357 3557 olel
376 3484 538 3566 ἐλάσσονος
564 3511 627 3558 seu
652 3485 812 3560 detrecto
832 3486 949 3586 priore
973 3486 1171 3585 pariambo,
1197 3513 1260 3561 seu

159 3600 301 3695 adjecto
318 3598 361 3672 ad
382 3616 491 3699 caput
507 3601 538 3672 ei
559 3599 731 3698 spondeo,
749 3603 907 3677 ionicum
926 3601 986 3676 olel
1005 3605 1136 3698 μείζονος
1160 3605 1259 3703 gigni

158 3741 222 3812 per
249 3715 464 3813 synaphian,
480 3713 516 3786 id
545 3728 601 3788 est
617 3741 699 3789 cum
719 3717 875 3791 vicissim
903 3720 1027 3792 breves
1051 3718 1181 3818 longis,
1198 3733 1261 3791 aut

160 3831 276 3928 longae
302 3832 470 3905 brevibus
501 3831 659 3930 syllabis,
686 3845 793 3933 prout
818 3831 922 3906 metri
947 3859 1114 3907 mensura
1141 3832 1260 3922 fuerit,

161 3946 410 4042 subjiciuntur.
461 3947 512 4019 At
538 3973 622 4020 vcro
648 3947 684 4020 in
709 3947 896 4022 Sotadium
926 3974 1068 4022 versum
1098 3948 1260 4048 plerique
1276 3963 1307 4014 1⁶

200 4231 216 4264 ⁸
229 4219 326 4292 corna]
342 4239 437 4278 comas
451 4221 483 4280 P.
538 4221 720 4296 cambiatur]
733 4221 869 4280 abiciatur
883 4224 913 4280 P.
935 4223 987 4280 f.l.
1002 4223 1160 4298 adjiciatur.
1191 4223 1261 4281 Mox

160 4299 290 4358 diiambis
303 4301 348 4358 ed.
364 4303 444 4358 Cam.
507 4300 562 4358 ein
578 4303 646 4376 fine]
662 4303 719 4361 tine
728 4303 760 4361 P.
837 4299 979 4379 treveris]
997 4305 1064 4363 lecit
1078 4307 1109 4362 P.
1182 4304 1260 4381 ehy·

161 4381 355 4457 percatalectl]
369 4379 595 4459 hypercatalecta
610 4382 618 4440 i
634 4383 665 4440 P.
747 4381 841 4460 lquo]
857 4403 977 4460 quonrm
993 4385 1023 4443 P.
1106 4383 1262 4460 tantispe-

160 4461 445 4535 stus-acatalectus]
461 4460 899 4538 antispasticua-ecatalectieus
915 4465 951 4523 P.
1042 4462 1195 4536 hhabens]
1212 4463 1261 4520 ha·

160 4541 210 4600 bes
224 4542 255 4598 P.
347 4538 524 4614 isoladium]
540 4541 690 4603 sotaticum
703 4545 734 4601 P.
816 4541 895 4603 ¹‘cas
909 4543 1007 4619 distet]
1024 4542 1172 4603 cosdirtat
1188 4543 1220 4601 P.
