3124 5120
303 405 372 482 126
684 403 806 478 Marii
826 403 1008 480 Wctorlm‘
1183 477 1191 487 ,
1262 425 1337 475 sss.
1356 425 1399 475 11.

299 593 335 664 in
367 591 546 691 principio
571 615 692 662 versus
723 589 912 662 bacchium
943 588 1060 687 longis
1091 585 1337 686 incipientem,
1362 600 1400 659 et

298 731 462 806 preonern
480 705 640 790 tertium,
658 729 811 800 quorum
839 717 989 801 uterque
1006 704 1167 801 quinque
1192 717 1397 802 temporum

271 821 415 920 sspatio
432 819 648 893 extenditur.
683 819 909 893 Catalectum
928 833 1048 894 autem
1068 822 1110 893 fit
1127 831 1322 918 anapaesto,
1338 829 1400 889 aut

298 962 342 1008 eo
367 935 428 1033 qui
456 934 737 1036 amphibrachys
765 949 924 1010 vocatur.
976 935 1078 1010 Huic
1104 961 1188 1007 cum
1213 959 1289 1006 esse
1315 959 1400 1006 sena

298 1066 462 1150 tempora
478 1051 514 1124 in
534 1049 684 1150 singulis
701 1050 1028 1149 conjugationibus,
1045 1063 1170 1148 utpote
1187 1049 1400 1136 ionicorum,

299 1179 474 1266 oporteat,
500 1165 700 1240 necessario
717 1167 896 1240 trochaeus
923 1180 986 1239 aut
1011 1166 1087 1263 ejus
1114 1167 1208 1238 basis
1234 1163 1399 1238 adnecte-

299 1295 371 1372 tur,
383 1307 426 1354 ea
443 1281 748 1380 contemplatione
761 1281 966 1371 imminuta,
979 1295 1021 1354 ut
1033 1279 1191 1380 dipodiae
1209 1279 1399 1378 superioris

272 1411 464 1495 atempora
489 1422 534 1468 ex
556 1397 709 1469 subditis
736 1397 996 1495 compleantur.
1048 1395 1091 1470 Id
1111 1396 1227 1470 Graeci
1246 1395 1399 1485 ἒκίζευξιν,

301 1513 336 1587 id
355 1527 410 1587 est
427 1513 730 1614 conjugationem,
743 1528 884 1602 vocant,
898 1539 941 1585 eo
954 1511 1051 1610 quod
1068 1512 1248 1611 ⁰priorum
1263 1511 1396 1611 pedum

301 1630 401 1703 basin
420 1656 495 1702 uno
512 1643 674 1727 tempore
694 1627 890 1700 breviorem
918 1628 1099 1724 sequentis
1125 1628 1284 1727 syzygiae
1301 1653 1400 1700 com·

300 1746 398 1845 pleat
415 1745 565 1843 syllaba,
584 1769 665 1841 quas
681 1769 746 1838 pro
764 1743 875 1832 brevi,
891 1743 977 1817 licet
999 1757 1125 1816 natura
1145 1745 1251 1840 longa
1268 1743 1326 1832 sit,
1342 1757 1400 1816 ut-

301 1875 385 1960 pote
402 1860 499 1960 prior
514 1858 675 1944 trochaei,
693 1859 902 1957 accipienda
915 1873 980 1948 est,
993 1858 1172 1956 siquidem
1187 1861 1295 1932 unius
1308 1873 1400 1932 tem-

301 1977 397 2076 poris
421 1975 674 2076 supplemento
700 1975 817 2052 ionica
845 1977 939 2050 basis
964 1975 1124 2075 indigere
1152 1975 1326 2066 videatur,
1348 1989 1401 2048 et-

275 2093 399 2172 senim
423 2092 508 2165 huic
535 2106 651 2164 metro
680 2090 888 2190 rhythmica
914 2105 1041 2164 nutura
1070 2091 1209 2164 accidit.
1262 2091 1401 2188 Hujus-

301 2208 400 2280 modi
424 2221 545 2280 autem
569 2207 662 2279 inter
687 2234 725 2280 se
743 2207 887 2304 συζηίας
908 2206 1110 2306 passionem
1139 2207 1212 2280 sive
1235 2233 1401 2280 commu-

301 2323 444 2398 nionem
473 2323 599 2396 musici
625 2325 792 2396 ἀνάκλασιν
809 2337 949 2412 vocant,
966 2338 1001 2396 et
1026 2337 1139 2396 metra
1161 2323 1190 2396 si
1215 2350 1288 2421 qua
1310 2324 1401 2396 forte

301 2438 517 2512 adverterint
543 2438 638 2528 talia,
654 2438 851 2533 ἀναλόμενα
873 2440 1067 2539 appellant,
1085 2440 1180 2537 quod
1208 2455 1400 2514 retrorsum

302 2553 554 2640 Pinclinentur,
581 2555 687 2628 utin
715 2552 930 2651 quibusdam
960 2555 1192 2628 saltationum
1219 2555 1401 2652 gesticulis

302 2683 423 2742 nostra
448 2695 596 2768 corpora
621 2695 717 2768 pone
741 2669 957 2768 pandantur.
993 2671 1064 2744 Sed
1086 2685 1124 2744 ut
1142 2671 1312 2770 exemplo
1337 2670 1401 2742 do-

303 2812 417 2874 ceam,
433 2784 501 2856 erit
519 2784 588 2858 boc
606 2785 686 2858 colo
704 2785 977 2871 anaclomenon,

607 2899 740 2998 lerele
755 2900 881 2975 rotabo
899 2901 1028 2975 crines.

275 3013 381 3090 6Hic
403 3042 457 3104 ro,
482 3014 566 3088 licet
589 3015 634 3088 sit
658 3015 786 3103 brevis,
809 3042 875 3114 pro
900 3019 1009 3115 longa
1038 3017 1243 3116 accipietur,
1270 3015 1404 3114 Cybele

181 3177 192 3194 ·
303 3158 355 3206 ro.
408 3129 505 3204 Nam
524 3129 724 3204 detractum
744 3158 859 3206 unum
878 3147 1022 3230 tempus
1045 3133 1227 3230 sequentis
1243 3133 1402 3233 syzygias

304 3272 349 3320 ex
368 3245 493 3318 initiali
512 3247 649 3344 syllaba
668 3247 753 3320 huie
769 3247 1006 3346 impartietur,
1021 3277 1065 3322 ne
1083 3251 1146 3322 fiat
1162 3249 1279 3348 prima
1296 3273 1403 3347 syzy-

305 3362 364 3461 gia
389 3361 849 3460 pentachronos,·sequens
878 3363 1153 3462 heptachronos.
1205 3363 1322 3462 Igitur
1350 3389 1404 3436 se-

305 3475 433 3550 cundae
464 3475 729 3574 conjugationis
764 3478 879 3577 prima
906 3481 1054 3580 syllaba,
1081 3508 1163 3579 quae
1192 3481 1300 3554 debet
1326 3506 1403 3553 esse

306 3591 432 3677 brevis,
452 3605 622 3679 mutatur,
636 3619 677 3666 ea
694 3593 936 3683 sconditione,
953 3610 994 3670 ut
1004 3597 1076 3670 vim
1096 3624 1169 3671 suae
1181 3595 1403 3698 proceritatis

305 3723 440 3804 quartae
466 3709 613 3808 syllabae
639 3709 749 3795 brevi,
766 3736 847 3806 quae
864 3723 919 3783 est
938 3712 1066 3786 ultima
1083 3713 1208 3812 primoe
1233 3711 1404 3810 conjuga·

305 3825 425 3910 tionis,
444 3825 639 3923 impartiat,
657 3839 693 3897 et
716 3825 793 3924 ipsa
810 3825 957 3922 quidem
985 3829 1100 3902 brevis
1126 3841 1288 3902 remanet
1310 3827 1404 3900 facta

307 3940 412 4014 unius
429 3939 615 4040 temporis,
632 3941 850 4039 superiorem
869 3957 989 4015 autem
1013 3969 1033 4016 a
1054 3970 1091 4015 se
1117 3945 1306 4042 syllabam,
1323 3970 1404 4041 quae

305 4057 432 4130 rfuerit
457 4056 587 4144 brevis,
613 4057 852 4129 'commercio
878 4083 951 4130 suae
981 4059 1204 4158 proceritatis
1231 4059 1404 4133 extendit.

279 4173 443 4270 7²Atque
462 4173 511 4246 ita
530 4175 570 4244 fit
587 4171 745 4244 ionicum
765 4174 1046 4249 anaclomenon:
1073 4190 1115 4248 ut
1129 4191 1196 4265 est,

348 4375 362 4408 ⁰
377 4365 515 4441 priorum]
532 4361 651 4442 priorem
667 4365 697 4421 P.
780 4375 795 4420 Ρ
809 4365 996 4442 inclinantur]
1014 4367 1187 4426 inclinentur
1201 4369 1231 4425 P.
1301 4369 1404 4447 alege]

307 4444 471 4600 popdptlone
486 4446 527 4582 Pl.)
604 4456 616 4487 ¹
631 4445 732 4519 luerat]
750 4445 833 4505 luerit
848 4449 878 4506 l'.
966 4447 1174 4524 ⁸conunerito]
1192 4455 1360 4510 commertio
1374 4451 1406 4507 P.

358 4547 373 4583 c
404 4538 488 4604 atque
529 4569 535 4584 .
