2980 5142
30 437 147 488 CAP.
167 428 244 490 34.
414 415 663 490 Devercuum
677 417 883 514 generibus.
1111 431 1184 509 489

473 596 538 668 De
556 597 803 672 choriambico.
1199 629 1230 677 14

107 727 413 800 Choriambicus
431 741 497 816 est,
514 728 577 825 qui
595 742 737 802 constat
754 728 988 804 ¹¹choriamb0
1005 733 1108 831 pede,
1121 735 1184 831 qui

42 856 116 916 est
137 869 197 916 ex
224 842 331 940 longa
349 857 385 916 ct
401 843 541 917 duabus
565 845 730 918 brevibus
754 859 790 918 et
813 850 931 945 longa.
983 846 1106 944 Hujus
1123 875 1185 922 ex-

45 957 248 1056 emplum
267 970 332 1044 est,

213 1073 310 1160 Erga
322 1073 398 1137 adea
412 1073 473 1138 huc
487 1076 645 1140 umbracia
660 1076 697 1139 dr
717 1078 845 1141 Veneria
852 1077 982 1164 palude.

51 1181 139 1254 Est
160 1181 204 1254 in
229 1183 383 1256 Horatio
400 1184 482 1270 tale,
584 1235 586 1240 -

215 1297 302 1364 iHoc
316 1301 388 1365 deor
403 1323 476 1365 vere
490 1301 634 1387 Sybarim
649 1303 727 1388 quid
733 1323 893 1390 properae
907 1305 1053 1368 amando.

59 1401 234 1509 Recipit
252 1407 312 1486 hi‘c
328 1411 364 1484 in
383 1411 458 1484 imo
476 1411 553 1485 kvel
573 1413 878 1510 palimbacchium
897 1415 1039 1515 pedem,
1050 1415 1113 1514 qui
1131 1429 1187 1488 est
1228 1510 1230 1515 Ι

61 1551 116 1598 ex
132 1525 243 1600 brevi
260 1539 297 1599 et
314 1526 454 1601 duabus
468 1526 597 1626 longis,
611 1527 665 1600 vel
681 1531 982 1630 amphibrachyn,
995 1532 1056 1629 qui
1071 1545 1185 1605 estex

64 1641 178 1714 brevi
199 1654 238 1714 et
255 1641 365 1740 longa
380 1659 417 1714 et
435 1642 544 1714 brevi.

471 1839 537 1913 De
554 1839 795 1914 Archilochio.
1199 1877 1228 1926 ¹5

128 1988 408 2062 Archilochium
434 1988 479 2062 de
502 1989 671 2090 proximo
694 1993 874 2092 superiore
901 1993 1089 2092 praecisum
1115 1994 1186 2067 ¹est

77 2104 306 2202 hujusmodi,

258 2219 365 2308 [mdia
379 2219 430 2284 dic
440 2242 501 2308 prr
515 2243 629 2287 murrea.

82 2329 170 2402 Hoc
188 2331 291 2402 mtale
310 2345 375 2419 est,
393 2331 497 2426 quale
515 2332 543 2403 si
563 2331 682 2418 facias,

135 2471 139 2477 ·
259 2447 328 2510 Cur
340 2467 489 2532 properea
504 2448 650 2510 amando.

86 2553 193 2637 Quod
213 2555 328 2652 magis
346 2555 533 2655 apparebit
551 2556 647 2629 unde
665 2557 736 2631 nsit
753 2569 891 2630 sectum
911 2557 940 2629 ai
959 2545 1168 2660 sic'jungas,

118 2716 124 2728 ·
192 2729 194 2732 .
256 2679 330 2743 Hoc
344 2679 415 2743 deoc
429 2701 502 2742 aare
516 2680 659 2766 Sybarim
675 2679 782 2766 Lydia
796 2679 847 2743 dic
855 2701 918 2767 per
931 2702 1044 2745 amaea.

89 2797 148 2870 Sic
165 2798 260 2870 enim
278 2799 418 2898 integer
435 2811 489 2870 cst
506 2799 783 2872 choriambicus.
877 2863 881 2869 .

340 3011 402 3084 De
418 3012 719 3112 hendecasyllabo
736 3011 935 3088 Phalarim
1200 3044 1231 3095 1⁶

141 3159 516 3260 ⁰Hendecasyllabum
537 3161 754 3235 Phalaecium
776 3187 796 3233 a
814 3161 979 3234 Phalaeco
997 3163 1182 3236 inventum

98 3277 164 3350 tale
179 3289 242 3366 est,

261 3392 331 3456 Vidi
345 3392 461 3458 credite
469 3413 531 3479 per
546 3393 633 3456 laam
649 3393 818 3457 Lucriaoa.

138 3650 322 3712 hchoriambo
337 3653 417 3732 pede,
433 3652 481 3730 qui
497 3655 544 3727 ex]
561 3655 742 3714 choriambico
753 3656 831 3730 pede,
846 3656 993 3730 quierem
1006 3656 1043 3713 Β.
1105 3653 1114 3698 ¹
1129 3655 1185 3714 tale

103 3734 141 3792 Te
154 3733 213 3792 deca
232 3753 282 3793 aro
302 3733 415 3813 cybaria
436 3753 489 3792 cur
506 3738 653 3812 properea]
675 3737 740 3793 tale.
762 3737 812 3794 hac
832 3739 896 3792 deos
916 3755 979 3793 vere
996 3737 1104 3810 cybaria
1119 3739 1186 3810 quid

102 3833 217 3890 properae
230 3816 301 3874 Α.Β.
343 3816 418 3874 Tum
433 3818 548 3890 perdere
565 3815 731 3874 addit¹Ven.
813 3813 830 3858 k
845 3815 992 3874 bacchium
1008 3815 1120 3892 pedem,
1135 3815 1183 3892 qui

106 3907 143 3953 ut
161 3913 189 3966 eu
204 3895 276 3953 brevi
301 3907 331 3952 et
349 3893 442 3974 longis
462 3895 583 3971 duabus]
604 3899 648 3954 uel
667 3897 897 3972 palimbacchium
912 3897 1008 3970 pedem
1028 3899 1075 3970 qui
1090 3903 1130 3952 eal
1151 3914 1184 3952 eu

108 3976 168 4033 breui
177 3985 200 4033 et
209 3979 311 4034 duabus
325 3979 411 4051 longa
422 3978 466 4034 uel
477 3975 568 4052 amshi
583 3979 695 4037 brachiu
705 3981 843 4052 mirarer
855 3978 929 4034 breui
941 3984 968 4032 et
980 3978 1098 4049 languet
1110 3976 1184 4032 breui

107 4057 170 4114 hB.
183 4059 220 4114 uel
233 4057 464 4132 palimbacchium
476 4076 505 4132 p.
521 4060 569 4132 qai
582 4077 615 4114 er
630 4060 654 4116 b.
670 4066 697 4116 cl
712 4059 794 4132 larga
809 4065 835 4114 el
849 4058 923 4114 brevi
936 4055 1011 4113 Ven.
1094 4052 1103 4097 ¹
1119 4057 1184 4112 Hu-

105 4140 144 4212 Jua
156 4135 304 4215 exemplum
320 4139 376 4212 eat]
394 4145 435 4194 eu
448 4135 602 4210 hujumodi
614 4139 689 4206 ΑΒ.
802 4145 822 4172 ¹¹¹
837 4149 881 4194 eat
895 4135 965 4210 tale]
984 4137 1039 4192 lale
1052 4143 1093 4192 eat
1107 4135 1182 4194 A.B.

109 4215 154 4275 ”ai
171 4231 269 4276 rectum
289 4217 330 4276 cic
342 4223 447 4297 jungas
460 4218 504 4276 Te
517 4217 586 4276 deos
600 4217 913 4292 oro—choriambicua]
938 4218 1009 4272 uude
1027 4217 1062 4272 ail
1082 4223 1184 4273 seclum

109 4299 129 4353 si
138 4301 170 4355 ric
177 4297 280 4373 jungar.
304 4301 355 4356 hac
368 4301 431 4356 deoc
444 4317 507 4356 uere
521 4297 692 4358 choriambus
705 4299 777 4356 Α.Β.
792 4305 824 4354 ul
837 4300 876 4354 sic
888 4304 989 4354 aecium
1002 4297 1026 4352 ai
1038 4298 1182 4354 ric—mo·

111 4381 208 4438 riumbur
221 4380 293 4440 Ven.
376 4390 391 4422 ⁰
406 4379 670 4458 hendecasyllabum
686 4376 857 4456 phalecium,
869 4397 886 4434 a
898 4376 1021 4434 Phaleco
1036 4379 1183 4436 inventum

112 4471 147 4516 cat
158 4459 215 4536 tale]
231 4462 467 4536 endecaayllabum
473 4461 608 4537 salarium
620 4480 639 4516 a
644 4459 740 4535 saleco
755 4462 894 4516 irruentum
910 4459 964 4514 lale
978 4466 1017 4516 ecl
1031 4460 1098 4518 ΑΒ.
1111 4459 1184 4534 pha·

113 4540 413 4617 buticum-phaleulico
426 4541 502 4600 Ven.

605 4649 672 4708 311
