3076 5140
131 410 214 460 car.
232 387 287 462 16.
408 389 473 461 De
488 399 602 464 metro
623 387 873 462 Choriamlrr'co
891 387 959 484 ⁸5⁶·
1163 397 1230 462 tut

130 570 203 644 His
220 585 305 671 post
321 571 481 670 primum
499 585 558 646 set
574 571 798 673 semipedem
822 573 851 646 si
875 571 1020 668 adjicias
1045 569 1262 668 syllabam,2

130 685 216 760 ¹¹seu
236 687 416 786 positione
434 715 498 762 seu
515 702 643 762 natura
668 690 827 787 longam,
845 701 897 772 ut,
914 685 1019 760 nullu
1044 711 1121 758 meo
1134 683 1234 785 jam,

2 795 3 872 l
127 799 264 875 dehinc
290 802 491 900 penultima
517 828 600 900 quae
627 803 665 876 in
691 829 794 876 versu
818 802 935 876 brevis
961 815 1027 889 est,
1054 799 1098 874 isi
1126 801 1235 900 longa

129 931 297 1015 ponatur,
322 916 359 990 id
383 931 449 1004 est,
473 944 539 1017 pro
558 917 635 992 loco
660 930 701 990 ut
724 918 770 990 sit
788 915 903 1003 ¹‘luca
921 916 1096 991 efficietur
1111 941 1233 990 versus

130 1059 151 1104 e
175 1031 359 1130 dactylico
384 1031 680 1107 mchoriambicus
701 1031 897 1132 quadratus
920 1032 1148 1107 catalecticus
1171 1057 1235 1130 per

132 1147 371 1243 adjectionem
390 1159 428 1220 et
444 1147 739 1238 inmutationem,
756 1149 817 1238 ita,

230 1261 354 1335 Nulla
369 1263 540 1362 meojom
555 1264 681 1338 sedeat
699 1265 809 1338 turba
820 1263 986 1366 profana
1003 1264 1115 1338 ”luca

132 1376 284 1475 Semper
308 1378 406 1450 enirn
437 1379 615 1478 dactylus,
645 1380 673 1452 si
703 1393 785 1479 post
812 1379 904 1454 duas
932 1381 1056 1454 breves
1086 1381 1262 1476 longatus

132 1492 324 1592 acceperit,
350 1493 386 1564 in
414 1493 666 1568 choriambum
693 1495 947 1594 conmigrabit‚
975 1507 1024 1580 ut,
1039 1493 1160 1568 Arma
1182 1494 1235 1567 vi-

135 1633 225 1692 rum,
251 1623 300 1698 et,
321 1608 450 1708 Tityre
475 1619 539 1682 tu:
567 1611 660 1684 sicut
682 1627 719 1684 et
742 1611 813 1698 hic,
831 1608 950 1684 Nulla
973 1635 1061 1682 meo.
1114 1607 1233 1682 Docui

135 1723 315 1822 superiore
332 1725 516 1798 volumine
532 1725 697 1800 chorium
715 1727 871 1802 eundem
890 1743 927 1800 et
949 1726 1146 1799 trochaeum
1174 1749 1236 1822 ap-

134 1839 270 1937 pellari,
293 1840 379 1913 huic
404 1842 607 1938 subjectum
635 1843 797 1916 iambum
824 1841 1076 1915 choriambum
1104 1839 1233 1938 pedem

134 1955 291 2028 reddere.
343 1955 443 2051 Ergo
459 1971 564 2032 erunt
582 1957 618 2030 in
637 1985 739 2032 versu
758 1973 829 2032 tres
852 1957 1066 2047 choriambi,
1083 1957 1263 2030 ultimusa

136 2070 307 2143 bacchius
333 2097 354 2142 a
384 2072 479 2144 brevi
512 2072 700 2172 incipiens,
728 2099 812 2146 nam
843 2074 928 2146 satis
956 2076 1089 2146 absone
1118 2072 1235 2145 chori-

135 2188 243 2260 ambo
278 2185 468 2274 clauditur,
502 2188 703 2288 meritoque
741 2202 968 2262 tetrametrus
1006 2187 1233 2262 catalecticus

136 2305 330 2401 figuratur:
355 2317 406 2392 ut,

233 2419 339 2492 Dum
355 2445 455 2493 metat
471 2419 531 2494 tic
548 2421 694 2495 assiduo
711 2421 842 2496 ardeat
858 2423 946 2521 igne
961 2419 1104 2494 sucus.

135 2533 232 2607 Nam
251 2535 301 2608 ita
318 2535 432 2608 ethic
450 2549 491 2610 ut
509 2537 746 2635 anapaesticus
764 2537 960 2636 quadratus
982 2534 1260 2612 terminabiturs

135 2650 382 2741 rantibaccho,
398 2651 535 2750 eritque
561 2653 802 2739 catalecticus,
819 2653 904 2750 quia
921 2678 993 2726 non
1012 2651 1065 2724 sui
1093 2648 1233 2749 generis

134 2765 225 2865 pede
243 2765 432 2840 clauditur.
488 2768 694 2842 Instruendi
721 2795 806 2842 sane
824 2795 950 2842 sumus
968 2790 1231 2863 nonnunquam

134 2882 375 2972 'choriambo
392 2882 422 2954 si
439 2885 542 2956 tusus
567 2883 739 2982 exegerit,
758 2885 951 2958 iambicam
970 2882 1072 2956 basin
1094 2879 1233 2954 immis-

134 2997 217 3086 ceri,
235 2997 332 3095 quod
350 3023 464 3095 genus
483 2998 717 3072 bacchiacum
744 2999 871 3074 musici
890 2997 1232 3110 dicuut3‘exemplo

133 3112 200 3186 crit
216 3139 339 3186 versus
356 3113 428 3202 ille,

238 3228 310 3300 Cui
325 3239 492 3302 reserata
509 3231 679 3329 mugiunt
696 3255 812 3304 aurea
829 3227 965 3328 templa
982 3227 1119 3302 mundi.

132 3341 230 3416 Nam
256 3343 434 3418 secundus
460 3371 523 3444 pes
541 3355 580 3418 ta
597 3345 768 3446 mugiunt
792 3345 933 3419 duobus
960 3343 1088 3418 iambis
1111 3369 1262 3419 censs-6

932 3533 950 3570 u

172 3591 238 3648 sad
254 3591 440 3669 semipedem]
457 3605 487 3651 et
500 3591 675 3670 semipedum
691 3593 723 3652 P.
786 3590 879 3667 ¹¹seu]
895 3593 944 3652 sed
959 3595 991 3652 P.
1063 3590 1123 3668 isi]
1139 3612 1187 3650 seu
1200 3593 1231 3650 Ρ.

131 3667 241 3744 kluco]
258 3670 321 3730 loco
337 3673 367 3730 P.
457 3684 481 3716 ¹¹¹
495 3673 704 3732 choriambicus
717 3673 870 3750 quadratus
883 3673 1075 3748 catalecticus]
1091 3673 1231 3732 choriam-

132 3749 211 3809 bicos
225 3753 378 3828 quadratos
392 3753 572 3812 catalecticos
586 3755 617 3812 P.
714 3754 821 3828 ¹¹luco]
838 3753 901 3812 loca
914 3755 946 3813 Ρ.
1048 3753 1171 3827 tfoeus]
1189 3753 1231 3812 lu-

132 3849 182 3889 cns
195 3832 227 3888 P.
340 3833 540 3910 rantibachio]
556 3834 723 3892 antibaccho
738 3835 770 3893 P.
785 3847 815 3892 et
828 3833 868 3894 sic
884 3837 1000 3894 Santen.
1113 3832 1232 3892 'chorb
1305 3874 1309 3882 ,

131 3913 231 3986 ambo]
247 3911 438 3974 choriambico
451 3915 482 3972 P.
564 3915 647 3992 treu]
662 3933 729 3974 usus
743 3917 774 3974 Ρ.

175 4127 201 4168 a.
222 4123 398 4188 postremum
416 4114 452 4170 ad
472 4113 660 4191 semipedem]
744 4133 771 4188 4.
788 4115 899 4187 ardeat]
917 4115 1005 4171 luceat
1020 4117 1138 4172 Santen.

133 4191 167 4248 L.
178 4198 242 4265 post
252 4193 374 4265 primm
389 4201 415 4250 et
428 4197 595 4269 semipedem.
617 4193 660 4251 Cl.
745 4212 773 4269 5.
787 4193 981 4268 bacchiacum]
996 4194 1150 4253 bacchicon
1161 4195 1232 4252 San-

132 4269 295 4328 Terentian.
317 4293 343 4330 v.
359 4274 443 4332 1866.
470 4277 585 4332 Santen.
604 4275 661 4332 Te·
703 4287 762 4332 ten.
776 4275 843 4331 Ter.
858 4275 951 4331 Maur.
968 4295 996 4352 p.
1013 4291 1082 4350 325.

133 4363 205 4409 rent.
221 4351 315 4408 Maur.
331 4373 358 4430 p.
373 4371 441 4428 323.
746 4354 783 4411 ib.
808 4356 859 4411 Cui
880 4363 1001 4412 reserata
1024 4356 1163 4428 mugiunt]
1190 4355 1232 4412 Ex

173 4451 203 4507 3.
222 4431 322 4511 longas
344 4434 470 4509 brevem]
497 4436 587 4494 breves
604 4438 662 4492 loa·
706 4435 811 4511 hymno
833 4434 929 4492 Sereni
949 4435 977 4492 in
997 4437 1113 4501 Janunr,
1129 4449 1162 4492 ut
1175 4436 1231 4492 'sc-

132 4529 197 4583 gom
213 4513 330 4574 Sanun.
707 4515 850 4572 rentianus
861 4515 939 4572 citat.
962 4515 1114 4572 ctMuu.

777 4609 842 4680 nb
