3012 5084
311 361 359 436 26
695 361 817 438 Marii
836 363 1020 439 Wetorini
1291 385 1388 435 arra.
1409 387 1450 435 1.

311 545 379 619 alia
394 547 507 646 plura,
522 547 615 620 inter
626 573 707 646 quoe
725 561 864 622 nostros
882 563 998 638 antea,
1010 561 1029 598 ¹¹
1039 546 1145 622 sicuti
1157 548 1306 621 Gmoos
1321 573 1448 646 quo-

310 688 392 760 que,
403 685 472 736 xv1
486 662 613 737 litteris
627 689 731 737 usos:
749 689 794 738 ex
808 665 940 762 quibus
952 665 1062 738 fuisse
1077 665 1133 760 (v)
1152 663 1293 737 vocales
1315 661 1446 762 apud

310 793 493 874 utrosque,
519 778 575 850 his
600 791 725 878 postca
748 779 922 878 quasdam
951 806 972 852 a
998 777 1201 868 Palamede,
1214 791 1253 851 et
1278 777 1381 850 alias
1411 805 1442 850 a

265 893 498 970 9⁸Simonide
515 894 671 992 adjectas
688 896 858 994 implesse
874 919 1064 967 numerum
1085 915 1216 966 xxtrn.
1267 891 1332 965 Ex
1356 892 1442 965 ad-

303 1007 412 1104 jectis
440 1023 559 1082 autem
589 1023 728 1083 nostros
758 1010 870 1082 solam
897 1035 923 1082 o
948 1008 1143 1108 recepisse:
1170 1008 1210 1081 F
1226 1033 1312 1081 vero
1331 1035 1368 1108 g
1387 1023 1438 1084 et

310 1149 334 1222 q
355 1123 392 1195 in
409 1123 576 1197 ²Groecis
594 1125 702 1198 etiarn
723 1123 849 1197 litteris
872 1123 982 1196 luisse
999 1137 1036 1196 et
1058 1149 1156 1196 nunc
1176 1149 1266 1213 esse,
1288 1125 1358 1197 sed
1389 1123 1436 1196 G

310 1264 463 1312 numero
480 1251 501 1286 '¹
512 1263 565 1328 vr,
592 1265 614 1338 q
640 1239 837 1338 nonaginta
868 1239 1081 1338 significare,
1111 1239 1149 1313 F
1171 1254 1294 1312 autem
1322 1239 1432 1312 AEo-

311 1353 354 1426 lis
370 1353 561 1428 dumtaxat
578 1353 673 1428 idern
691 1355 808 1428 valere
824 1355 922 1454 quod
951 1353 1046 1453 apud
1072 1381 1138 1428 nos
1155 1369 1214 1444 ¹v,
1231 1380 1317 1428 cum
1348 1381 1427 1453 pro

264 1499 297 1552 99
311 1471 520 1543 consonanti
542 1470 718 1560 scribitur,
734 1469 923 1568 vocarique
940 1469 1032 1556 ι’βοῶ
1053 1485 1091 1543 et
1111 1469 1309 1570 digamma.
1366 1469 1426 1543 Et

311 1583 592 1683 significaveram
610 1584 836 1684 priusquam
855 1584 991 1658 Graecis
1014 1585 1106 1658 inter
1129 1585 1270 1658 vocales
1287 1611 1422 1683 reper-

311 1717 357 1772 toe
379 1711 464 1772 sunt
488 1731 508 1788 η
534 1711 596 1771 cet
623 1731 656 1788 a,
672 1699 788 1772 vicem
815 1725 938 1772 earum
963 1712 1036 1771 tam
1064 1697 1160 1798 apud
1186 1699 1276 1784 illos,
1298 1723 1419 1796 quam

311 1811 406 1914 apud
425 1841 490 1887 nos
510 1814 673 1914 explesse
690 1827 763 1888 eet
779 1813 847 1888 a„
874 1814 1022 1887 oetiam
1047 1815 1153 1887 scribi
1176 1815 1318 1888 solitam
1345 1841 1419 1914 pro

311 1928 448 2028 syllaba
474 1941 538 2018 ⁰0v‚
555 1929 594 2002 E
609 1944 728 2004 sutem
752 1957 818 2030 pro
835 1927 876 2020 fn
893 1945 931 2004 et
954 1931 1066 2016 riou,
1083 1930 1300 2028 easdemque
1326 1943 1365 2004 et
1391 1957 1417 2004 o

310 2057 347 2116 ct
364 2069 394 2129 e,
411 2043 578 2141 quotiens
605 2045 825 2145 accepissent
853 2050 891 2119 in
916 2047 1028 2120 linem
1057 2047 1138 2133 iota,
1163 2046 1327 2120 dativum
1352 2073 1416 2120 ca-

310 2186 389 2233 sum
416 2160 513 2260 apud
535 2176 705 2260 utrosque
729 2163 945 2262 significare,
961 2175 999 2235 et
1016 2164 1143 2237 barum
1171 2163 1413 2263 scriptionum

310 2277 478 2375 exempla
507 2303 580 2350 non
616 2277 733 2351 solum
763 2303 809 2349 ex
847 2277 946 2350 libris
982 2281 1173 2368 veteribus,
1203 2278 1264 2352 sed
1296 2279 1410 2352 etiam

253 2425 298 2462 too
310 2417 355 2464 ex
379 2390 603 2491 hperitorum
631 2393 857 2492 quorundam
885 2393 1150 2492 scriptionibus,
1176 2407 1217 2466 ut
1247 2392 1413 2482 comeloi,

311 2507 460 2604 capros'3
487 2535 572 2582 nam
599 2508 709 2580 nostri
735 2506 864 2580 eruditi
883 2534 956 2581 uno
973 2535 1034 2582 ore
1051 2507 1239 2608 liquidem
1256 2526 1294 2582 et
1309 2509 1332 2582 lr
1348 2535 1410 2582 su·-

309 2647 503 2721 pervacuas
529 2649 606 2696 esse
622 2623 802 2712 dixerunt,
819 2647 886 2696 nec
903 2621 1126 2696 ¹indicarunt
1144 2630 1175 2696 H
1192 2621 1288 2721 apud
1306 2623 1410 2696 Grae-

309 2764 370 2810 cos
387 2739 486 2838 prius
503 2763 612 2835 quam
639 2737 855 2837 reciperetur
879 2737 916 2810 in
943 2736 1106 2810 ordinem
1125 2737 1302 2811 vocalium
1320 2751 1407 2812 tunc

311 2879 393 2926 cum
422 2865 501 2928 eet
524 2879 589 2956 pro
616 2853 713 2928 brevi
739 2867 776 2928 et
803 2878 870 2952 pro
892 2853 1000 2950 longa
1025 2851 1248 2940 scriberetur,
1265 2851 1333 2926 kac
1354 2852 1404 2926 ita

350 3105 368 3138 ⁸
388 3095 474 3170 sicut]
497 3095 579 3154 sicuti
592 3097 626 3155 P.
668 3097 741 3154 Mox
755 3093 915 3154 Terborius
928 3091 1056 3169 corrigit,
1071 3111 1105 3150 tr
1118 3093 1214 3168 quibas
1221 3092 1311 3168 salsae
1325 3109 1401 3150 roo·

309 3178 390 3244 colea,
406 3177 423 3236 i.
438 3195 463 3234 e.
478 3177 604 3254 quinque
618 3177 737 3236 vocales.
758 3177 798 3234 Et
808 3175 849 3234 sio
860 3175 988 3234 Vossius.
1089 3183 1106 3218 ¹
1120 3171 1240 3247 Graecis]
1257 3170 1351 3232 Grecis
1368 3171 1400 3232 Ρ.

311 3292 454 3352 ¹servire
477 3297 575 3370 atque]
601 3313 642 3352 vr.
665 3314 693 3371 q.
709 3294 741 3350 P.
884 3293 953 3368 ιιι]
972 3290 993 3350 'o
1015 3293 1047 3350 P.
1189 3289 1400 3368 bent1ssJP.

310 3374 590 3448 ⁰ets]etseasl’.
686 3370 877 3448 ‘lo:o]oP.
968 3372 1183 3446 twffiseP.
1270 3368 1396 3446 funt.

310 3453 413 3528 elota]
431 3478 494 3511 aare
508 3454 540 3511 P.
621 3449 820 3530 ¹¹peritorum]
836 3455 1042 3531 praeteritorum
1058 3451 1092 3513 Ρ.
1171 3448 1395 3533 lindagaruots]

310 3531 418 3592 indicat
441 3537 461 3606 ts
487 3533 518 3592 P.
600 3529 874 3610 tacianensis

354 3774 419 3816 100.
441 3753 507 3816 Vid.
522 3757 638 3816 Dawes.
659 3755 745 3817 Misc.
766 3757 836 3816 Cn't.
878 3755 973 3822 tionis,
989 3753 1063 3812 unde
1078 3753 1177 3846 Latini
1188 3753 1265 3813 illam
1280 3751 1394 3830 scriptio·

309 3857 339 3914 Ρ·
353 3855 419 3977 ‘sil'
432 3835 690 3992 islandiam..
717 3943 733 3987 .
762 3917 837 3994 ...a
878 3833 1393 3992 lttfftttt‘tttttttl:

310 3999 439 4073 Graecos]
463 3997 530 4056 Non
553 3997 663 4057 videtur
682 3999 768 4056 etiarn
794 3995 838 4056 bie
879 3996 993 4063 tur,sed
1007 3995 1094 4052 altars
1106 3995 1192 4054 lectio
1203 3993 1291 4074 magis
1302 3993 1390 4072 placet,

310 4077 388 4136 locus
412 4097 506 4136 carere
528 4078 642 4136 mendo.
693 4079 749 4136 Sed
775 4095 838 4135 sen·
879 4075 1005 4152 nihilque
1028 4076 1063 4134 ad
1084 4076 1222 4154 integram
1237 4072 1390 4132 sententian

309 4177 357 4216 sua
381 4171 424 4216 est
448 4177 484 4216 ex
508 4177 543 4217 eo
569 4157 733 4216 manifestus
760 4157 838 4234 quod
878 4155 1028 4215 desiderari
1058 4155 1177 4222 ridetur,
1200 4167 1307 4212 tantum
1330 4153 1390 4221 ele

309 4235 407 4296 scribit
431 4239 582 4296 Atbenaeus
607 4237 656 4296 lib.
671 4237 726 4295 1x.
771 4239 838 4312 [Se-
880 4237 956 4315 quod
984 4237 1153 4310 indagarunt
1176 4233 1307 4312 sequitur,
1326 4230 1389 4290 iuti

308 4316 405 4374 leucus
418 4337 465 4396 ap.
476 4319 580 4377 Athen.
593 4337 620 4395 p.
630 4317 701 4393 ³9⁸·
715 4317 765 4391 A.]
788 4337 839 4376 ex-
881 4316 972 4396 (quod
995 4329 1024 4374 et
1045 4325 1067 4374 rt
1090 4319 1222 4376 Graecum
1246 4327 1275 4373 et
1291 4314 1307 4372 lt
1323 4311 1388 4371 Isti·

307 4395 432 4456 istimare
443 4415 473 4455 se
481 4397 621 4456 veteribus
629 4397 737 4456 Graecis
746 4395 775 4454 in
786 4415 839 4455 suu
881 4417 948 4455 num
960 4397 1090 4472 denotat)
1108 4409 1227 4461 mumto,
1238 4407 1296 4454 tum
1309 4391 1389 4452 omnis

307 4476 394 4536 fuisse
407 4503 422 4550 η
436 4476 558 4537 litteram
580 4497 632 4557 pro
652 4488 721 4536 nota
733 4475 839 4556 aspira.
880 4476 1008 4557 pleniora
1020 4489 1114 4540 crunt.
1143 4475 1278 4536 COMM.
