3124 5120
276 410 325 486 98
665 395 786 472 Marii
805 397 991 473 Victorini
1243 423 1317 475 uia.
1335 423 1377 474 ιι.

276 579 414 663 'Quod
434 580 615 652 concurrit
632 582 741 656 etiam
756 583 794 655 in
808 584 1092 658 choriambicum
1108 599 1376 658 monometrum

235 730 264 780 μ
278 697 621 796 hypercatalectum,
633 698 730 796 quod
748 698 972 773 Adonidium
991 701 1201 801 appellatur.
1238 699 1380 775 Trime-

278 827 353 887 trus
371 825 493 888 autem
511 814 738 905 acatalectus,
756 817 816 913 qui
836 843 856 888 c
874 816 1000 904 tribus,
1018 831 1069 907 ut,

481 927 553 1004 Coi
568 953 640 1004 non
657 929 775 1006 dictus
792 931 917 1031 Hylas
927 957 1032 1029 poor.

280 1043 366 1118 Hoc
390 1047 544 1138 '‘iprair
566 1044 717 1120 dicitur:
755 1073 829 1144 quo
851 1046 1056 1120 Simonides
1072 1049 1277 1146 frequenter
1294 1073 1380 1121 usus

279 1175 345 1236 est.
396 1161 651 1252 Tetrametros,
667 1163 729 1261 qui
747 1189 768 1236 e
784 1178 965 1260 quattuor,
980 1177 1032 1253 ut,
1065 1203 1068 1208 ·

480 1277 561 1352 Nos
571 1277 824 1379 potriofines‚
843 1289 880 1354 et
896 1279 1030 1354 dulcio.

235 1419 266 1468 sa
281 1391 354 1475 Qui
372 1391 409 1466 in
425 1405 444 1454 5
452 1391 637 1491 dactylum
657 1392 823 1468 desinens
841 1394 1109 1479 Alcmanicum‚
1120 1394 1158 1466 in
1178 1391 1378 1494 spondeum

280 1535 365 1582 vero
381 1509 671 1584 ¹Archilochium
689 1525 847 1583 metrum
861 1511 982 1584 efficit.
1013 1511 1264 1584 Pentamctrus
1277 1524 1381 1584 *aca-

281 1626 443 1714 talectus‚
459 1625 521 1722 qui
540 1653 561 1698 e
578 1625 750 1722 quinque,
767 1639 819 1716 ut,

379 1740 542 1814 Phoebos
558 1767 616 1814 me
632 1741 862 1841 domitjogo
878 1739 1072 1816 Pieridum
1088 1744 1201 1842 scqroi.

236 1882 268 1929 ³⁴
280 1855 331 1930 Et
348 1856 418 1928 hoc
435 1854 677 1928 Simonidium
695 1855 837 1932 dicitur.
884 1857 1149 1932 Hexametrum
1168 1858 1225 1931 cui
1244 1883 1306 1930 sex
1324 1859 1380 1931 in-

281 1972 432 2046 cisiones
450 1984 546 2061 sunt,
564 1985 616 2060 ut,

384 2089 569 2162 Oceanum
585 2091 728 2162 haereo
743 2113 901 2189 surgens
918 2088 1072 2162 Anroro
1086 2088 1248 2188 reliquit.

281 2203 341 2276 Fit
361 2203 611 2278 catalecticum
638 2205 675 2277 in
692 2203 869 2304 bsyllaba,
886 2205 989 2302 cujus
1006 2231 1049 2277 ea
1069 2205 1286 2303 compositio
1313 2217 1380 2295 est,

279 2333 322 2392 ut
339 2319 470 2394 habeut
485 2321 601 2394 cduos
618 2321 782 2420 dactylos
797 2334 836 2394 et
852 2319 1065 2420 spondeum,
1078 2319 1210 2393 dehinc
1227 2319 1380 2394 totidem

280 2435 454 2536 dactylos,
471 2450 508 2510 et
525 2437 561 2510 in
580 2440 653 2511 tine
670 2437 859 2537 syllabam,
876 2451 928 2526 ut,

356 2553 469 2633 Almo
480 2579 617 2652 parens
633 2553 649 2602 ‘¹
657 2556 830 2655 genetric
844 2555 968 2628 divom
986 2553 1092 2626 deciis
1108 2551 1263 2626 Oceano.

235 2687 265 2737 ss
281 2668 382 2742 Nam
408 2671 437 2743 si
464 2697 535 2744 una
552 2671 690 2770 syllaba
707 2671 849 2744 brevius
867 2670 974 2744 fuerit
991 2695 1012 2742 a
1029 2669 1193 2768 legitimo
1211 2668 1380 2742 hexame-

280 2798 338 2858 tro
361 2785 482 2876 heroo,
502 2787 641 2861 dicetur
665 2787 873 2888 Diphilium
902 2803 1057 2860 metrum
1071 2815 1095 2870 ς·
1115 2785 1165 2858 ita
1190 2798 1314 2858 tamen
1340 2799 1382 2857 ut

281 2900 349 2973 ista
383 2902 598 2977 versificatio
631 2903 777 2977 tertium
813 2915 828 2950 ⁶
838 2902 968 3002 pedem
1000 2899 1200 3000 spondeum
1240 2925 1383 3000 semper

236 3017 424 3096 schabest.
486 3019 571 3092 Hoc
600 3045 745 3117 quoque
774 3017 926 3117 dignum
957 3015 1106 3089 eruditis
1135 3016 1279 3090 auribus
1308 3041 1381 3092 nou

280 3133 581 3231 praetermiserim,
607 3147 788 3232 repertum
820 3134 857 3206 in
889 3133 1098 3205 hexametro
1124 3153 1226 3204 versu
1257 3131 1383 3230 dacty-

283 3251 362 3340 lico,
379 3251 438 3322 cui
461 3264 584 3322 tamen
608 3249 682 3322 duo
706 3251 784 3323 cola
800 3277 822 3322 e
838 3249 981 3322 duobus
998 3245 1151 3346 dactylis
1168 3260 1204 3319 et
1222 3246 1384 3347 spondeo

282 3367 511 3453 constabunt,
524 3379 694 3464 quattuor
714 3367 823 3466 pedes
849 3366 1056 3464 disyllabos,
1082 3363 1117 3436 id
1142 3377 1207 3454 est,
1229 3363 1383 3436 trochae·

284 3507 357 3566 um,
389 3481 564 3570 iambum,
593 3481 854 3578 pyrrhichium,
884 3481 1098 3580 spondeum,
1126 3505 1191 3579 per
1217 3477 1380 3552 ordinem

283 3621 426 3696 semper
450 3595 606 3696 spositos
629 3597 792 3688 inveniri,
810 3600 838 3670 si
857 3598 944 3670 velis
966 3596 1063 3681 alias,
1081 3621 1190 3692 quam
1212 3595 1384 3668 hexame-

242 3735 270 3788 3⁷
283 3713 327 3786 tri
357 3713 455 3786 heroi
485 3714 544 3786 lex
577 3715 745 3810 postulat,
772 3713 952 3788 scandcre.
1016 3711 1069 3786 Ut
1095 3727 1149 3784 est
1177 3711 1271 3812 apud
1302 3711 1384 3784 Ho-

282 3855 437 3914 merom,

325 4203 347 4236 'l
361 4191 461 4266 Quod]
477 4192 543 4268 qui:
566 4203 597 4249 et
611 4211 675 4248 mox
691 4193 722 4250 Ρ.
773 4201 789 4234 ¹
804 4192 917 4266 ἦμιεπὲς]
934 4173 1056 4272 emiepis
1072 4193 1103 4250 P.
1193 4191 1380 4271 roaotylum]

284 4272 445 4332 dactilicum
462 4273 492 4330 P.
574 4282 588 4313 ²
604 4271 827 4346 Archilochium]
846 4272 1073 4332 Archilochicnm
1089 4273 1120 4330 Ρ.
1209 4283 1225 4315 ⁸
1238 4272 1384 4331 catalecti-

284 4355 348 4427 cos]
364 4352 516 4411 catalectos
531 4353 562 4409 P.
599 4353 779 4410 Pentameter
792 4353 971 4412 catalecticus
985 4375 1040 4413 em.
1056 4357 1199 4412 Cantetur.
1296 4349 1312 4396 ἱ)
1326 4353 1383 4432 syl·

285 4434 361 4508 laba]
378 4432 498 4511 syllabus
512 4434 544 4492 Ρ.
634 4443 648 4476 ⁰
662 4432 733 4491 duos
747 4433 888 4511 dactylos]
905 4435 965 4492 duo
977 4433 1080 4513 dactyli
1095 4435 1126 4492 P.
1219 4429 1234 4476 ‘l
1248 4433 1383 4513 genitrix]

284 4533 411 4610 genetrix
425 4531 456 4588 Ρ.
539 4531 682 4610 epedem]
699 4520 803 4609 pedtim
819 4533 850 4590 Ρ.
931 4529 944 4574 ¹
957 4534 1078 4610 positos]
1097 4531 1191 4610 potius
1207 4533 1236 4589 P.
