3124 5120
673 393 796 470 Marii
815 395 997 471 Victorini
1251 411 1326 464 ma.
1345 412 1387 462 rr.

581 965 766 1050 LIBER
794 965 1108 1052 SECUNDUS.

693 1229 988 1274 ...Φ-...-

372 1425 475 1508 Cnr.
498 1425 532 1506 1.
581 1426 647 1506 De
665 1422 920 1532 'Prototypr's
937 1424 1140 1533 speciem
1159 1449 1311 1504 nouem.

297 1583 501 1701 CREDO
519 1651 583 1697 nos
603 1624 738 1714 omnia,
755 1649 836 1720 quae
860 1621 905 1695 ad
931 1622 1206 1698 instructionem
1235 1622 1395 1696 metricae

294 1737 506 1837 disciplinae,
524 1739 622 1814 velut
638 1739 803 1838 quaedam
823 1737 949 1836 primae
967 1738 1224 1813 linstitutionis
1247 1737 1396 1812 incuna-

295 1853 393 1938 bula,
427 1855 647 1929 ⁰necessario
682 1855 748 1940 his,
777 1854 909 1953 quibus
937 1854 1087 1951 hujusce
1113 1855 1197 1929 artis
1231 1855 1397 1952 voluptas

297 1993 338 2040 ac
365 1967 525 2042 studium
544 1985 612 2056 est,
641 1969 841 2044 intimanda
862 1984 959 2060 sunt,
983 1969 1155 2043 dadfatim
1178 1983 1396 2070 persecutos.

269 2082 406 2156 ²Unde
432 2111 530 2157 nunc
553 2083 598 2158 ad
626 2111 755 2158 novem
780 2099 986 2185 prototypa,
1011 2084 1135 2174 idest,
1158 2082 1397 2183 primiformia

297 2199 461 2272 omnium
493 2215 689 2274 metrorum
727 2227 870 2298 genera,
902 2227 923 2274 e
953 2226 1107 2298 quorum
1137 2201 1238 2274 fonte
1270 2211 1399 2296 ⁰atque

297 2315 435 2413 origine
458 2315 616 2390 derivata
641 2316 929 2390 ‘innumerabilis
956 2330 1151 2392 metrorum
1177 2315 1323 2417 profluit
1339 2341 1400 2387 co-

298 2429 370 2528 pia,
388 2445 405 2492 8
410 2432 547 2529 stylum
573 2433 684 2505 nostri
711 2433 828 2531 operis
854 2445 1075 2523 convertam,
1092 2433 1138 2506 de
1156 2458 1309 2530 quorum
1327 2429 1400 2504 dis-

298 2545 431 2644 ciplina
449 2559 486 2619 et
499 2547 698 2646 praeceptis,
715 2561 751 2620 et
768 2549 905 2621 ratione
930 2547 1042 2638 omni,
1059 2573 1130 2646 qua
1147 2549 1242 2621 inter
1258 2573 1295 2620 se
1313 2571 1401 2618 con-

300 2673 433 2757 gruunt
451 2660 524 2734 sive
540 2661 768 2750 dissentiunt,
781 2675 901 2736 textus
920 2661 1028 2758 hujus
1041 2661 1188 2736 secundi
1206 2660 1402 2736 voluminis

272 2775 443 2875 ssingula
460 2803 612 2877 quaeque
629 2803 788 2852 reserans
805 2777 1013 2878 explicabit.
1041 2776 1316 2877 Auspicandum
1334 2775 1402 2873 igi-

301 2907 360 2965 tur
377 2893 422 2965 ab
439 2919 483 2966 eo
501 2893 606 2966 nobis
624 2893 716 2993 pede
732 2893 961 2994 potissimum
980 2893 1125 2982 credidi,
1142 2893 1228 2992 hqui
1251 2893 1400 2966 heroum

303 3021 458 3082 metrum
481 3007 696 3109 ¹principem
716 3010 881 3084 omnium
903 3009 1091 3082 continens
1108 3009 1218 3081 etium
1244 3005 1404 3080 nominis

304 3122 358 3194 sui
391 3124 631 3222 appellatione
661 3125 835 3224 signavit:
870 3122 1050 3220 siquidem
1090 3121 1254 3195 nonnulli
1287 3119 1404 3194 ambi-

305 3250 403 3334 gant,
414 3263 435 3308 a
447 3264 519 3334 quo
530 3265 550 3310 e
561 3237 702 3313 duobus
719 3252 917 3312 metrorum
931 3237 1094 3312 ordinem
1114 3237 1325 3310 inchoantes
1342 3259 1405 3306 ex-

275 3348 444 3428 4ordium
465 3351 620 3450 capiant.
649 3352 830 3451 Numqui
853 3351 922 3426 ¹‘ab
940 3353 1062 3426 iambo
1079 3353 1222 3426 initium
1242 3351 1404 3436 trahunt,

304 3489 347 3536 ao
364 3463 484 3537 studio
502 3465 537 3538 id
556 3466 631 3538 fieri
649 3467 786 3556 volunt,
803 3467 901 3566 quod
929 3467 1023 3542 idem
1048 3495 1068 3540 a
1092 3468 1202 3554 brevi,
1217 3493 1238 3540 a
1255 3492 1329 3564 quo
1347 3465 1406 3537 his

304 3578 405 3676 origo
422 3593 487 3669 est,
504 3579 680 3681 incipiens
706 3595 882 3682 ternpore,
898 3596 937 3655 et
958 3583 1068 3680 longo
1087 3580 1266 3670 desinens,
1291 3579 1406 3654 ¹velut

305 3721 325 3766 a
345 3693 473 3768 minori
501 3695 545 3769 ad
567 3697 682 3794 majus
700 3723 861 3796 egressus
879 3725 943 3798 per
959 3711 1163 3796 temporum
1182 3696 1407 3769 incrementa

305 3824 508 3908 consurgat.
560 3812 793 3910 Pyrrhichius
819 3814 917 3886 enim
942 3812 1081 3886 nullutn
1110 3837 1218 3884 exse
1248 3823 1406 3883 metrum

347 3969 363 4002 ⁸
384 3958 560 4037 Prototypis]
583 3961 737 4039 Prototipis
750 3963 781 4020 P.
905 3959 921 4005 b
942 3959 1142 4035 institutionis]
1167 3959 1363 4018 instructionis
1376 3960 1408 4018 P.

307 4053 398 4115 ⁰quae
414 4039 582 4114 necessaria]
600 4041 757 4102 necessario
770 4043 803 4102 P.
885 4039 1036 4118 “affatim
1054 4041 1171 4100 adfatim
1186 4040 1217 4098 P.
1310 4049 1408 4097 eet-

307 4118 445 4193 derivata]
462 4118 703 4196 atquo-dirivata
717 4122 747 4179 P.
870 4119 1119 4196 finnumerabilis]
1136 4117 1358 4179 innumerabiles
1374 4119 1409 4178 P.

307 4212 325 4258 8
338 4199 456 4276 stylum]
473 4199 569 4257 stilum
585 4203 616 4258 P.
698 4200 792 4280 hqui]
809 4201 884 4279 quod
899 4203 932 4260 P.
1023 4199 1216 4280 ¹principem]
1234 4199 1362 4279 principe
1376 4200 1410 4260 Ρ.

307 4279 324 4324 ¹
339 4281 368 4354 a]
385 4280 421 4337 ab
436 4281 466 4337 Ρ.
548 4277 557 4322 ¹
572 4279 670 4356 veluti]
687 4282 763 4341 velut
777 4283 808 4340 P.

350 4447 377 4504 3.
392 4427 565 4504 principem]
579 4429 744 4502 principium
757 4425 803 4484 hic
817 4439 848 4485 et
862 4446 930 4485 mox
950 4425 1102 4506 legendum
1118 4423 1246 4505 praecipit
1259 4421 1413 4483 Santeuius

309 4507 343 4566 ad
357 4507 423 4567 Ter.
437 4507 533 4566 Maur.
545 4527 573 4586 p.
588 4525 653 4583 1³7·
