3012 5084
130 393 211 446 cur.
232 388 272 448 5.
581 370 644 444 De
662 365 835 466 Syllabis.

130 553 236 630 Idem
258 555 333 630 hoc
352 569 388 628 et
406 555 443 628 in
461 579 496 642 t,
515 565 566 644 ut,

392 668 558 742 Mezenti
576 667 680 740 ducis
698 667 856 750 exuuias,

127 811 210 882 qnae
229 782 333 883 apud
352 783 498 858 Graecos
516 781 652 880 duplex
670 795 734 854 eet.
784 781 876 854 Item
896 781 924 852 ai
943 780 1083 856 desinat
1102 781 1138 858 iu
1157 809 1244 856 con-
1257 805 1288 856 rt

128 913 341 988 sonantem,
357 914 395 972 et
420 899 622 1000 excipiatur
647 926 668 970 a
693 898 804 972 vocali
832 897 911 970 vice
936 899 1091 1000 ¹¹'potita
1116 925 1241 974 conso

129 1029 270 1102 nanus,
288 1027 341 1104 ut,

392 1111 521 1188 Inveni
533 1137 712 1212 gamana
728 1113 837 1186 vium.

131 1247 167 1319 Si
183 1245 334 1320 desinat
351 1245 388 1318 in
403 1259 676 1330 consonantem,
688 1270 760 1342 qua
772 1271 853 1344 pars
870 1245 1041 1322 emtionis
1060 1245 1243 1334 ''finiatur,
1258 1253 1290 1315 ³⁶

133 1389 157 1433 u

157 1376 186 1450 t,
253 1458 393 1530 Omnia
408 1458 520 1530 vincit
536 1483 652 1546 umor,
669 1467 703 1530 et
721 1483 785 1530 nos
803 1453 973 1530 cedamus
989 1457 1117 1532 ammi.

131 1591 171 1662 Si
191 1603 360 1688 eorrepta
378 1589 510 1662 vocalis
528 1616 591 1688 per
608 1615 646 1661 se
668 1603 804 1688 partem
830 1587 1001 1662 orationis
1029 1589 1243 1690 impleverit,
1258 1625 1287 1676 tr

132 1721 174 1778 ut

176 1762 188 1794 '
392 1801 579 1876 Horresco
594 1799 771 1903 referens.

397 1918 616 2018 Liminuque
633 1917 833 2018 laeuoque
850 1919 919 1990 dei.

137 2053 235 2126 Haec
263 2049 407 2150 eyllaba
435 2065 473 2122 et
502 2050 596 2122 inter
625 2075 837 2122 communes
869 2049 990 2122 haberi
1022 2065 1151 2148 potest.
1203 2051 1242 2124 Si
1256 2073 1288 2132 ,ze

135 2169 301 2240 vocalem
330 2168 476 2238 brevem
494 2177 664 2262 sequatur
685 2166 725 2236 ⁰²⁸
747 2165 866 2238 littera
884 2165 960 2236 vice
983 2165 1099 2263 posita
1116 2191 1242 2238 conto-

137 2299 271 2366 uanus,
289 2299 343 2368 ut,

393 2377 672 2478 anpyteqne
688 2378 823 2452 colum.

139 2513 178 2584 Si
195 2525 280 2610 pou
305 2512 452 2584 brevem
478 2509 638 2584 vocalem
665 2508 856 2606 subjuncta
880 2509 927 2582 sit
952 2512 1162 2583 consonanti
1181 2537 1244 2582 vo-
1258 2549 1290 2598 39

141 2628 239 2712 erlis,
253 2641 290 2700 et
308 2625 470 2698 vocalem
487 2639 688 2724 correptam
708 2625 865 2697 habeant
882 2641 1179 2722 consequentem,
1193 2641 1244 2709 ut,

395 2739 608 2814 Parietibus
625 2749 763 2813 textum
782 2738 887 2812 caecir
904 2739 986 2812 iter.

192 2868 287 2940 Item
314 2889 528 2938 eommunes
550 2865 701 2961 syllabae
725 2877 866 2934 suntet
882 2889 927 2934 ex
947 2863 1002 2936 bie
1018 2889 1099 2960 quoe
1117 2877 1243 2935 natura
1257 2891 1289 2937 ιο

145 2983 260 3081 longae
276 2983 413 3068 *fiunt
430 2995 466 3052 et
483 3005 529 3051 ex
547 2979 603 3051 uis
618 3005 702 3076 quae
720 2977 908 3076 positione.

192 3097 349 3184 Natura,
366 3095 397 3166 ei
423 3094 596 3194 producta
618 3093 751 3166 vocalis
778 3089 979 3190 excipiatur
1005 3119 1024 3164 a
1049 3093 1174 3182 vocali,
1190 3107 1286 3168 estu

147 3213 243 3285 enim
259 3212 371 3308 longa
387 3211 422 3282 in
442 3210 524 3298 hoc,

252 3324 393 3398 Glauco
412 3334 446 3396 et
463 3321 652 3419 Panopen,
670 3332 707 3396 et
724 3323 812 3396 Inoo
830 3321 1062 3400 'Melicerte

150 3457 206 3528 Fit
224 3472 346 3530 autem
366 3456 404 3526 in
423 3455 491 3528 hoc
509 3453 635 3542 brevis,
1258 3501 1290 3546 4,

200 3574 252 3646 Te
272 3571 441 3670 Corydon
457 3597 477 3643 ο
493 3569 620 3658 Alexi,
633 3569 750 3642 trahit
767 3579 858 3640 'sua
873 3593 1050 3668 quemque
1066 3569 1245 3666 voluptas.

149 3707 240 3779 Item
274 3721 412 3794 natura,
439 3729 521 3777 cum
553 3703 706 3802 geminae
734 3702 885 3791 vocales,
914 3727 1003 3798 quas
1031 3701 1151 3774 Graeci
1171 3701 1291 3776 ‘di-⁴3

148 3823 355 3922 phthongos
386 3835 527 3908 vocant,
556 3847 576 3892 a
606 3819 719 3892 vocali
750 3817 990 3916 excipiuntur.
1050 3817 1116 3888 Est
1145 3815 1243 3886 enim

148 3939 254 4040 longa
272 3937 410 4037 syllaba
427 3937 464 4008 in
484 3937 564 4022 hoc,

185 4169 208 4200 ὓ
223 4153 411 4214 consonantis
424 4151 531 4230 posita]
549 4152 641 4228 potita
653 4147 837 4208 consonantia
852 4149 882 4205 P.
897 4159 927 4206 et
940 4145 980 4206 eie
993 4143 1076 4204 infra.
1152 4155 1168 4186 ¹¹
1183 4145 1247 4203 fini-

146 4238 202 4310 tur]
218 4234 336 4292 finiatur
350 4233 387 4292 P.
498 4243 513 4274 ⁰
527 4231 535 4290 ἰ
550 4229 656 4306 littera]
671 4232 691 4307 >¹¹
706 4230 799 4293 liuere
813 4231 843 4286 P.
945 4225 1178 4302 rHurpyiaeque]
1194 4227 1246 4283 Ar·

145 4317 274 4394 pyiaeque
290 4315 322 4372 P.
447 4313 554 4385 esunt]
572 4313 644 4370 fiunt
658 4313 689 4368 P.
812 4305 1006 4382 rMelicertae]
1023 4303 1199 4363 Melielrertae
1214 4305 1245 4362 P.

146 4407 378 4535 ‘suap'queuque
399 4391 541 4472 uoluptas]
566 4412 588 4450 s.
603 4412 631 4470 q.
645 4412 671 4449 v.
687 4392 718 4448 P.
886 4385 1098 4467 tdiphtongoa]
1122 4385 1246 4462 dyptun·

146 4499 195 4556 goe
239 4522 246 4536 .

663 4579 723 4636 Η
