3124 5120
163 395 251 444 cae.
265 387 304 442 4.
550 372 614 444 De
630 373 788 446 lembicn
804 383 930 446 metro.
1206 389 1273 468 107

163 555 290 652 Igitur
317 579 403 626 cum
434 569 576 628 constet
608 583 684 630 esse
718 557 810 630 inter
841 558 906 630 bos
935 583 1058 630 versus
1091 559 1305 655 quandamo

163 667 440 766 cognationem,
471 670 703 767 probabimus
732 672 856 746 omnia
886 685 998 744 metra
1026 698 1071 746 ex
1110 673 1165 745 his
1195 699 1276 771 pro-

164 785 281 856 fluere
299 783 472 873 fontibus,
489 800 527 856 et
543 785 587 858 ad
607 787 684 858 hrec
702 787 853 858 mreferri
872 786 983 860 veluti
1010 787 1140 887 capita,
1158 813 1276 886 neque

165 901 283 974 ullam
310 899 466 988 aliunde,
492 927 600 998 quam
626 927 670 974 ex
695 902 751 974 his
774 927 851 974 esse
873 902 1050 1000 originem
1076 917 1271 978 metrorum

164 1015 207 1088 in
232 1031 310 1088 tam
340 1015 500 1088 inmensa
528 1017 706 1090 varietate.
757 1017 973 1116 Appellatur
998 1033 1119 1091 autem
1147 1019 1302 1106 iambi-7

165 1155 254 1202 cum
283 1127 365 1200 ”del
388 1138 439 1202 nil
462 1130 630 1223 ἰαμβίζειν,
647 1129 744 1226 qnod
770 1131 896 1204 Graece
922 1131 1103 1228 significat
1126 1133 1275 1208 maledi-

166 1269 252 1316 cere
269 1259 306 1318 et
325 1270 484 1342 corpere.
536 1245 606 1320 Est
623 1247 720 1320 enim
743 1247 813 1320 hoc
831 1273 976 1320 carmen
998 1260 1124 1346 aptum
1143 1249 1273 1324 lacera·

166 1359 261 1432 tioni
277 1374 317 1432 et
333 1362 516 1450 conviciis,
541 1362 754 1461 plerumque
776 1365 940 1436 trimetro
957 1389 1059 1437 versu
1084 1365 1201 1464 epodo
1219 1394 1272 1440 se-

166 1491 305 1568 quente
323 1477 586 1576 compositum:
613 1491 666 1563 ut,

372 1607 388 1640 ⁰
398 1593 505 1668 Mula
522 1595 642 1668 rubeta
656 1597 763 1670 navis
779 1596 855 1668 enit
873 1595 974 1683 alite,

423 1711 560 1784 Ferens
575 1709 731 1784 nlenten
750 1709 934 1784 Meuium.

166 1823 220 1896 Et
230 1825 475 1898 Archilochus
488 1827 525 1898 in
537 1826 785 1925 rLycambam
801 1825 871 1899 hoc
885 1840 1001 1898 metro
1014 1825 1127 1900 saevit.
1156 1827 1271 1924 Igitur
1285 1857 1299 1904 s

169 1943 368 2014 iambicum
399 1955 554 2014 metrum
590 1967 639 2012 ne
662 1955 809 2040 propter
838 1955 1027 2038 angustam
1059 1941 1269 2015 brevitatem

169 2057 224 2130 sui
259 2056 375 2156 pedis,
402 2056 570 2128 videlicet
603 2055 639 2127 in
675 2055 743 2128 tria
775 2070 939 2153 tempora
970 2057 1130 2146 coartati,
1163 2059 1271 2130 verba

168 2173 296 2273 *plura
312 2172 538 2246 excludendo
560 2172 679 2245 minus
706 2183 807 2264 'apte
833 2185 896 2242 aut
919 2185 1072 2245 metrum
1100 2189 1272 2272 pangeret

169 2304 234 2363 aut
257 2315 404 2364 sensum
431 2290 660 2387 exprimeret,
688 2287 826 2387 placuit
848 2284 1092 2362 conditoribus
1116 2289 1270 2362 ⁸adscito

168 2405 342 2505 spondeo,
358 2419 396 2478 et
421 2405 501 2502 ‘qui
520 2429 565 2476 ex
583 2431 626 2476 eo
644 2429 708 2502 per
724 2403 936 2474 divisionem
961 2415 1166 2501 temporum
1194 2405 1271 2502 gig-

168 2535 317 2608 rantur,
334 2545 398 2619 per
414 2518 577 2617 dipodius
596 2519 632 2591 id
650 2518 830 2592 scandere.
861 2517 970 2591 Unde
988 2518 1146 2614 intellegi
1166 2517 1300 2604 daturo

168 2635 325 2708 iambica
342 2647 457 2708 metra
474 2659 518 2705 ex
537 2633 659 2706 iambo
673 2648 708 2706 et
726 2631 887 2732 spondeo
899 2647 935 2705 et
953 2659 1076 2706 eorum
1093 2634 1271 2706 solutione

168 2751 373 2823 subsistere.
415 2747 516 2820 Nam
533 2773 578 2820 ex
598 2749 719 2822 iambo
736 2749 950 2834 tribrachus,
968 2773 1012 2821 ex
1031 2747 1191 2849 spondeo
1208 2775 1271 2821 au-

166 2881 243 2938 tem
272 2865 389 2937 soluto
415 2862 578 2960 dactylus
604 2878 641 2936 et
666 2876 867 2961 anapestus
896 2876 1070 2934 creantur.
1125 2861 1270 2961 Recipit
1286 2895 1315 2930 ιο

167 2981 290 3078 itaque
310 2979 486 3054 iambicus
498 3003 620 3052 versus
638 2979 674 3050 in
692 2977 895 3077 disparibus
914 2977 1013 3062 locis,
1027 2989 1137 3073 vqim
1152 2977 1268 3050 Greci

166 3096 322 3194 περισσᾶς
341 3094 444 3192 gepae
466 3107 606 3183 vocant,
632 3093 668 3166 id
693 3107 747 3166 est
773 3095 902 3192 primo,
927 3093 1045 3180 tertio,
1068 3106 1104 3164 et
1131 3093 1270 3190 quinto,

166 3237 253 3285 cum
266 3223 321 3284 est
332 3209 501 3308 tragicus,
513 3207 933 3309 spondeumdactylum,
947 3221 1189 3307 anapestum:
1207 3235 1269 3308 pe-

166 3327 266 3400 ribus
293 3339 427 3412 autem,
450 3349 539 3422 quas
568 3323 686 3422 ἀρτίους
712 3323 814 3422 χώρας
837 3323 975 3411 dicunt,
997 3351 1058 3396 eos
1084 3324 1146 3421 qui
1171 3326 1269 3397 brevi

168 3443 308 3540 syllaba
331 3441 522 3539 incipiunt,
538 3440 575 3512 id
599 3455 665 3528 est,
687 3442 860 3526 iambum,
878 3440 1111 3529 tribrachum,
1129 3467 1269 3540 anapae-

167 3573 277 3630 stum.
328 3559 441 3630 Sexto
467 3570 588 3630 autern
615 3557 695 3629 loco
720 3555 867 3652 quidam
893 3556 1020 3628 volunt
1041 3553 1150 3654 recipi
1175 3556 1268 3654 pari-
1284 3595 1310 3632 n

168 3673 332 3758 ambum,
348 3699 393 3744 ex
419 3673 723 3770 contemplatione
740 3699 812 3770 qua
830 3673 960 3745 herous
986 3673 1022 3745 in
1048 3673 1179 3746 ultimo
1195 3685 1268 3744 tro-

168 3789 323 3860 chaeum.
373 3788 477 3886 Lego
494 3803 663 3886 praeterea
681 3787 715 3859 in
735 3790 806 3860 fine
823 3813 944 3861 versus
963 3787 1153 3861 dumtaxat
1171 3801 1268 3859 csta-

169 3903 287 3976 lectici
317 3906 512 3977 tetrametri
545 3905 736 3977 bacchium
768 3931 788 3976 a
817 3904 914 3976 brevi
941 3903 1184 4002 incipientem,
1210 3901 1265 3972 vel

168 4017 469 4117 amphibrachum
495 4033 639 4119 propter
665 4017 868 4090 novissimus
891 4017 1037 4118 syllabae
1064 4015 1267 4088 indifferen-

208 4253 232 4284 Ν
248 4241 490 4320 referri-capita]
507 4239 746 4320 referre-hspite
760 4242 790 4299 P.
947 4251 963 4282 ὓ
977 4241 1025 4296 ἀπὸ
1039 4239 1095 4312 τοῦ]
1111 4263 1179 4316 παρα
1193 4263 1221 4295 το
1235 4240 1266 4296 Ρ.

167 4332 183 4365 ⁰
197 4322 286 4399 nralo]
303 4323 378 4382 mala
393 4323 425 4380 P.
497 4333 513 4378 Ρ
528 4321 704 4400 Lycamben]
723 4321 894 4400 Lycambam
912 4321 943 4378 P.
1014 4319 1126 4396 ¹tpma]
1144 4319 1223 4396 plura
1234 4319 1265 4376 P.

167 4405 356 4559 :nmium
368 4405 398 4460 P.
482 4413 494 4444 ⁸
507 4405 627 4477 asserto]
644 4402 753 4460 adscito
767 4403 799 4460 P.
873 4400 961 4478 tqui]
977 4419 1039 4477 qute
1053 4400 1084 4457 P.
1147 4409 1162 4440 V
1177 4401 1262 4474 quos]
1356 4413 1367 4428 ²

688 4591 748 4647 1³2
