3012 5084
289 377 339 452 36
677 371 796 445 Mon'i
817 369 999 444 morosane·
1273 391 1357 440 mn.
1379 391 1425 438 1.

396 557 485 634 Ulla
502 571 520 606 ¹¹
530 553 808 656 moromfecerc
823 581 939 654 neque
955 553 1085 626 Aonio
1101 551 1326 651 Aganippea.

292 673 352 748 Fit
369 688 490 747 autem
508 671 544 744 in
565 673 634 746 hoc
652 672 780 760 brevis,

394 787 527 860 lrasulc
544 787 646 861 Ionio
664 787 702 858 in
718 811 852 884 mogrw
869 809 961 883 quos
977 785 1062 857 dira
1082 781 1225 858 Celeno.

248 953 280 998 44
344 917 416 990 His
432 943 518 990 vero
533 945 613 1016 quoe
638 917 816 1017 positione
842 915 959 1014 longae
985 917 1079 987 fiunt
1097 912 1300 988 communis
1328 925 1413 1000 cst,

294 1060 375 1130 quae
403 1033 583 1132 excipitur
612 1060 632 1104 a
662 1030 801 1104 duabus
828 1031 1120 1120 consonantibus,
1149 1043 1191 1102 ut
1223 1029 1320 1128 prior
1350 1027 1411 1100 sit

295 1163 397 1222 muta
414 1175 523 1246 quam
541 1147 689 1245 liquida.
740 1147 810 1220 Est
826 1147 923 1220 enirn
942 1149 1051 1246 longa
1068 1147 1104 1219 in
1125 1147 1207 1234 boc,

396 1265 627 1339 Immemores
641 1265 730 1340 socii
745 1275 849 1338 vasto
870 1263 1037 1364 Cyclopis
1053 1263 1092 1336 in
1109 1271 1227 1336 antro.

295 1399 347 1471 At
365 1397 400 1470 in
421 1398 490 1471 boc
508 1398 624 1472 brevis
642 1411 708 1487 est,

346 1512 487 1588 Lustra
504 1515 693 1614 domosque
710 1513 817 1586 trullo
833 1523 1024 1610 vastosque
1041 1512 1086 1584 ab
1099 1535 1192 1606 rupe
1207 1507 1405 1607 Cyclopas.

252 1653 283 1704 ⁴⁵
298 1645 420 1719 Potest
437 1661 606 1745 praeterea
622 1647 826 1720 communis
844 1646 954 1720 videri
973 1672 1016 1718 ea
1033 1645 1183 1744 syllaba,
1201 1669 1280 1740 quae
1298 1641 1402 1743 apud

296 1762 489 1861 Virgilium
507 1779 544 1834 et
560 1789 625 1862 pro
643 1763 750 1861 longa
767 1775 804 1834 et
827 1788 893 1862 pro
919 1761 1016 1834 brevi
1042 1758 1160 1860 posita
1182 1771 1247 1846 est,
1265 1757 1323 1830 laic
1339 1759 1403 1829 vel

299 1877 374 1969 loc,
392 1877 420 1950 si
439 1905 459 1950 a
477 1878 590 1952 vocali
608 1879 829 1976 excipiatur:
856 1891 910 1950 est
928 1876 1025 1950 enim
1044 1875 1247 1976 prolonga,

354 2007 530 2084 Omnibus
546 2009 605 2084 liic
621 2011 692 2084 erit
708 2036 803 2084 unus
820 2010 940 2100 donus,
959 2019 1035 2082 tros
1046 2007 1198 2106 prumia
1215 2018 1238 2051 w
1245 2005 1369 2102 primi.

301 2143 371 2216 Pro
388 2141 483 2214 brevi
503 2155 639 2228 autem,

652 2260 730 2333 Hic
743 2261 803 2334 vir
819 2259 878 2333 laic
895 2269 959 2334 est.

259 2380 291 2443 4⁶
305 2373 376 2448 Sed
401 2400 467 2473 pro
492 2374 589 2446 brevi
609 2375 663 2447 bis
681 2374 754 2448 fere
776 2388 931 2448 tantum.
982 2371 1080 2445 Nam
1101 2383 1141 2444 ut
1163 2369 1271 2468 longa
1288 2369 1344 2457 sit,
1360 2381 1402 2440 et

304 2491 371 2590 ipsi
390 2504 426 2562 ct
443 2489 612 2562 omnibus
627 2490 798 2564 usitatum
814 2504 879 2563 est.
929 2484 1227 2560 ¹Consideranda
1244 2510 1329 2583 ergo
1343 2497 1402 2556 est

303 2607 340 2679 in
368 2605 424 2678 his
441 2603 631 2678 dumtaxat
657 2605 932 2704 pronominibus
955 2617 1082 2677 natura
1099 2627 1119 2674 c
1135 2601 1274 2688 litters,
1289 2613 1399 2696 ’'quoe

303 2745 460 2794 crassum
474 2717 742 2816 quodammodo
756 2733 793 2791 et
802 2718 904 2816 quasi
919 2719 1107 2818 geminum
1121 2743 1250 2790 sonum
1265 2715 1400 2806 reddat,

259 2857 292 2907 47
305 2834 382 2908 Hic
399 2849 436 2907 ct
451 2835 527 2908 laoc.
579 2834 617 2906 Si
636 2845 756 2907 autem
781 2859 847 2906 nec
872 2835 1163 2930 conjunctionem
1182 2833 1401 2933 aspiciamus

303 2951 388 3023 licet
414 2947 537 3021 eadem
558 2949 674 3022 littera
695 2948 872 3038 'finitam
889 2949 1070 3024 diversum
1098 2963 1221 3022 tamen
1248 2947 1402 3036 sonabit,

303 3078 410 3161 ‘quae
430 3065 566 3138 facilius
589 3065 857 3161 dijudicabitur,
877 3063 938 3138 scd
956 3064 1152 3163 bquoniam
1168 3065 1318 3138 alterurn
1338 3062 1401 3134 ha-

261 3201 293 3262 48
305 3181 443 3266 bemus,
461 3181 570 3252 etiarn
590 3181 741 3254 alterurn
760 3194 978 3255 ‘tentemus
1030 3183 1076 3255 In
1089 3207 1192 3255 versu
1209 3196 1264 3254 est
1281 3206 1376 3278 ergo,

429 3311 515 3386 Hoc
532 3325 613 3387 erat
630 3315 728 3388 almo
739 3343 888 3413 parens.

304 3429 365 3518 Et,

795 3531 877 3604 Pro
893 3530 1072 3627 Jappiter
1088 3529 1156 3602 ibit

435 3643 524 3733 Hic,
542 3645 606 3730 cit,
624 3655 659 3718 et
674 3647 809 3718 nostris
825 3644 1013 3718 dilluscn't
1031 3644 1192 3740 [advena
1208 3641 1364 3742 regnis]

306 3775 369 3848 Sin
390 3789 509 3849 autem
528 3775 671 3849 feceris:

348 3995 365 4027 ¹²
380 4003 488 4042 moram
503 3983 608 4058 tacere]
627 4003 706 4041 mora
719 3983 811 4041 lacere
825 3984 857 4041 P.
939 3993 962 4024 w
976 3977 1073 4057 primi]
1090 3981 1197 4060 primus
1211 3982 1243 4040 P.
1295 3991 1310 4022 ¹
1326 3982 1403 4038 Con·

308 4063 694 4143 syderanda]Considcranda
708 4064 739 4120 P.
832 4063 952 4142 tquod]
968 4079 1031 4136 quas
1047 4061 1080 4119 P.
1173 4060 1325 4132 ¹linitam]
1342 4061 1404 4117 fini·

308 4158 369 4202 tum
385 4145 416 4202 P.
499 4144 682 4220 *quomquae
697 4143 727 4200 P.
830 4139 987 4223 bquando]
1005 4143 1074 4217 qn’m'
1089 4144 1122 4202 P.
1221 4141 1404 4215 εῑεῐιῑεειιιυε]

309 4238 483 4302 temptemus
496 4225 528 4281 P.
578 4220 594 4266 <¹
610 4222 727 4282 illuserit
741 4223 849 4282 advena
862 4223 970 4301 regnis]
989 4219 1107 4286 illuserit
1121 4223 1152 4280 P.

348 4405 399 4478 46.
421 4423 473 4481 pro
495 4403 638 4477 brevibus]
658 4421 712 4476 pro
738 4405 810 4460 breul
831 4405 869 4460 bis
894 4401 1045 4462 Santenius
1069 4404 1106 4461 ad
1130 4403 1247 4462 Terent.
1272 4401 1402 4460 Maurum

308 4505 338 4563 p.
351 4503 366 4543 a
370 4501 419 4561 52.
