3100 5142
131 401 221 454 car.
234 391 266 452 t.
317 377 382 452 De
396 389 508 453 metro
523 377 703 453 trochaico
720 388 756 452 et
773 377 851 478 ejas
866 379 1058 478 speciebus
1152 393 1224 474 279

130 579 283 665 psopter
326 563 553 638 novissimam
602 563 774 664 syllabam
818 563 1088 656 indifferentem,
1131 566 1225 640 unde

130 681 322 756 schemata
346 679 454 754 habet
478 701 719 754 cmxxxvua
771 681 909 758 Crescit
932 695 1053 758 mmen
1076 683 1227 760 adime-

131 813 190 872 tro
210 797 384 895 usquead
403 809 685 871 ctetrametrum.

220 1013 287 1087 Dc
303 1013 565 1088 Aaocreoatico
581 1013 760 1088 trochaico
778 1015 927 1088 climcbo
944 1015 1152 1090 acatalecto.
1239 1052 1253 1088 a

190 1147 427 1222 lboclcaicam
452 1147 736 1222 Anacreontiam
768 1147 960 1222 dimetrum
989 1149 1223 1224 acatalectum

139 1277 207 1352 est,
223 1263 320 1362 quod
338 1277 479 1346 constat
501 1264 665 1338 trochaeis
682 1276 864 1362 quattuor,
881 1263 943 1362 qui
956 1263 1074 1361 juncti
1091 1265 1227 1340 iaciant

143 1379 334 1456 ‹limetmm
353 1381 597 1466 acatalectum

398 1496 491 1560 Acro
504 1498 588 1562 vasis
601 1505 631 1560 et
646 1496 783 1562 Favoni.

364 1705 427 1781 De
443 1707 645 1806 Emipidco
662 1708 814 1782 dimetro
831 1707 1017 1784 catalecto.
1239 1749 1255 1797 3

194 1837 431 1914 Troclaicam
447 1840 641 1914 dimetrum
662 1838 910 1915 catalecticum
927 1840 1168 1942 Euripideum
1185 1844 1228 1916 fit

142 1985 214 2032 una
231 1957 365 2056 syllaba
383 1983 403 2028 a
421 1955 599 2056 superlore
617 1969 731 2030 metro
748 1957 897 2031 sublata.

303 2173 366 2246 De
381 2172 532 2248 dimetro
550 2171 756 2246 catalectico
771 2172 871 2248 clodo
887 2173 1079 2248 troctaico.
1241 2218 1257 2262 4

199 2313 439 2389 ttoctoicum
468 2312 656 2386 dimmm
684 2311 897 2387 catalectum
926 2313 1065 2388 clodum
1092 2318 1134 2388 fit
1159 2315 1228 2389 hoc

144 2431 264 2523 modo,
278 2457 360 2506 cum
380 2429 576 2530 penultima
594 2429 732 2528 syllaba
747 2427 880 2503 debens
898 2430 1013 2504 brevis
1030 2457 1106 2504 esse
1123 2432 1229 2530 longa

143 2551 203 2638 sit,
221 2561 272 2636 ut,

422 2645 546 2710 Gratia
559 2645 676 2710 decora
688 2653 785 2710 stant.

189 2859 252 2932 De
268 2858 420 2932 dimetro
438 2854 779 2958 brachycatalectico
796 2855 919 2931 coloro
935 2855 1180 2957 ietyptoutco.
1243 2897 1257 2946 5

198 3006 434 3083 Troclaicam
464 3006 654 3080 dimetrum
684 3007 1032 3107 brachycatalectam
1057 3007 1232 3095 colurum,

143 3124 240 3226 quod
258 3120 532 3223 ithyphallicam
558 3121 698 3207 dicitur,
724 3123 767 3195 fit
794 3123 908 3196 tribus
937 3124 1122 3210 trochaeis3
1153 3121 1232 3197 ideo

144 3243 306 3316 colurum
322 3227 683 3338 brachycatalectum,
694 3237 790 3337 quod
803 3235 904 3313 dduae
917 3241 1060 3339 syllaboe
1074 3240 1233 3340 (deleant

144 3362 181 3434 in
199 3363 282 3444 line,
298 3372 339 3431 ut
356 3357 403 3430 sit
417 3356 610 3431 dimetrum
627 3357 806 3455 integrum
825 3356 1104 3432 acatalecticum.

489 3477 546 3564 Mt
562 3492 602 3567 oe
616 3473 683 3570 (tt)
702 3481 820 3562 aece-

488 3589 672 3676 Pauperam
685 3589 840 3654 talamos.

146 3703 430 3806 Ithyphallicum
448 3701 598 3792 dictum,
615 3699 711 3799 quod
729 3701 800 3774 hoc
817 3725 904 3774 sono
922 3711 1104 3774 cantantes
1115 3699 1228 3774 Athe-

28 3811 29 3900 Ῐ
145 3822 286 3896 aienses
312 3819 444 3894 Libero
471 3818 565 3892 Patri
591 3817 722 3911 φαλλὸν,
739 3816 774 3890 ld
800 3831 854 3892 est
865 3813 1059 3919 saccinam
1080 3815 1233 3905 virilem,

145 3937 243 4027 ἴθυνον,
267 3935 303 4010 id
327 3950 381 4010 cst
408 3934 558 4023 ciebant,
583 3934 753 4026 dicentes,
780 3934 836 4010 elle
862 3934 895 4030 μ’
913 3933 1073 4028 ilicone.
1123 3931 1254 4008 Nuac‘

144 4054 189 4126 dc
205 4053 375 4128 trimetris
392 4051 556 4126 trochaeis
576 4053 727 4128 breviter
743 4052 946 4128 doceamus.

185 4340 423 4414 etetrametrum]
441 4335 487 4396 sic
502 4337 536 4396 L.
551 4331 644 4396 altera*
653 4345 768 4398 metam
783 4335 942 4394 Potachius.
1048 4331 1139 4394 douc
1152 4335 1235 4415 sylla·

29 4467 30 4500 ζ
146 4421 203 4499 ba]
221 4420 269 4480 Sic
283 4421 319 4480 1..
333 4423 463 4478 decom.
477 4417 635 4478 Patacbius.
665 4419 781 4492 Mosae
795 4423 889 4474 mesu
904 4415 979 4496 vulg.
