3124 5120
297 407 364 470 108
678 394 801 468 Marii
819 392 1003 468 Wctorini
1260 413 1335 462 mn.
1348 412 1393 460 u.

254 580 381 652 utiam
410 577 596 652 admisisse
620 577 816 675 quosdam3
857 579 893 650 in
928 579 1028 650 'fine
1055 590 1175 650 autem
1205 573 1393 648 acatalecti

295 695 444 766 omniuo
463 694 623 766 iambum
643 719 704 765 seu
726 693 948 766 tribrachum
966 691 1066 789 ¹ejus
1085 689 1295 790 progeniem
1308 689 1394 784 jure

294 809 501 898 reonstitui,
518 809 653 906 quique
679 809 714 880 in
737 808 953 882 catalecticis
979 807 1172 880 secundam
1200 806 1245 878 ab
1265 805 1394 878 ultima

255 921 381 1000 asede
402 923 635 1022 probabiliter
658 923 886 996 obtinebunt.
939 923 1059 996 Movit
1085 921 1277 995 nonnullos
1302 920 1395 992 iam-

297 1038 378 1113 bico
397 1053 510 1110 metro
527 1038 726 1111 trochaeum
750 1037 899 1110 minime
922 1037 1059 1126 sociari,
1076 1037 1210 1136 quippe
1228 1061 1311 1108 cum
1330 1033 1395 1108 tri-

297 1155 362 1224 bus
381 1152 602 1252 temporibus
621 1167 661 1225 ut
678 1150 772 1224 idem
793 1151 933 1224 iambus
947 1165 1108 1224 constare
1120 1150 1292 1240 videatur,
1308 1176 1394 1249 pos-

295 1281 349 1341 set
374 1267 519 1364 quidem
548 1268 615 1340 sub
642 1267 848 1362 hujusmodi
876 1267 1053 1365 parilitate
1080 1266 1233 1355 misceri,
1260 1265 1322 1338 sed
1345 1290 1394 1336 ne

295 1383 520 1484 praecedcnte
550 1383 670 1456 iambo
700 1381 912 1478 subjunctus
945 1383 1123 1456 trocbaeus
1153 1380 1392 1479 antispastum

295 1499 424 1598 pedem
441 1515 502 1572 aut
515 1499 672 1572 ionicum
689 1511 844 1570 metrum
864 1497 1030 1586 efficeret,
1043 1497 1190 1595 dempta
1207 1521 1252 1568 ex
1270 1495 1394 1566 iambo

296 1615 413 1715 prima
440 1614 548 1703 brevi,
575 1613 806 1711 sequentibus
828 1611 961 1687 dehinc
981 1639 1045 1712 per
1066 1611 1230 1684 ordinem
1253 1609 1394 1683 duabus

296 1729 412 1827 longis
437 1728 661 1825 totidemque
684 1729 849 1801 brevibus
877 1741 1136 1824 consequenter
1161 1741 1390 1826 prospectum

297 1858 362 1930 est,
385 1842 581 1942 prasertim
611 1869 656 1914 nc
684 1843 719 1914 id
748 1869 867 1917 rursus
893 1843 927 1915 in
954 1842 1135 1916 trochaico
1161 1841 1393 1942 interpositus

257 1987 285 2034 ¹⁴
298 1959 439 2032 iambus
457 1959 530 2056 pari
551 1983 650 2030 more
667 1957 809 2031 faceret.
859 1958 957 2030 Nam
985 1971 1046 2030 aut
1063 1957 1312 2030 choriambum
1332 1972 1394 2030 aut

298 2074 457 2147 ionicum
487 2073 545 2146 ἀπὸ
580 2075 741 2154 ἐλάσσονος
773 2086 958 2173 praeeunte
990 2073 1148 2146 trocbaeo
1182 2072 1394 2169 subjunctus

298 2189 451 2278 iambus,
469 2188 626 2290 dempta,
645 2203 684 2262 ut
702 2215 819 2287 supra,
843 2189 960 2287 prima
983 2189 1088 2286 longa
1111 2187 1253 2272 faceret,
1276 2185 1393 2284 ¹quod

299 2303 449 2400 adaeque
473 2307 701 2377 observatum
726 2319 781 2378 est
808 2305 845 2377 in
869 2303 1048 2400 dactylico
1069 2316 1105 2375 et
1131 2316 1323 2402 anapaesto,
1348 2329 1394 2376 ne
1427 2355 1429 2358 -

297 2420 454 2519 copulati
481 2421 838 2517 proceleusmaticum
864 2445 908 2491 ex
938 2445 976 2492 se
1004 2418 1163 2491 medium
1193 2419 1394 2517 gignerent.

256 2533 529 2632 ¹sImprobatur
555 2547 673 2606 autem
703 2532 798 2632 apud
825 2533 978 2630 tragicos
1006 2559 1127 2606 versus
1155 2559 1201 2606 ex
1226 2533 1393 2606 omnibus

297 2649 427 2722 iambis
446 2650 689 2748 compositus:
708 2675 790 2722 nam
807 2675 880 2744 quo
894 2649 939 2720 sit
953 2650 1106 2749 amplior
1117 2665 1154 2722 et
1171 2675 1236 2748 par
1252 2650 1394 2748 tragicae

297 2765 475 2864 dignitati,
505 2767 737 2864 interponunt
771 2764 992 2862 frequentius
1021 2765 1057 2836 in
1088 2764 1174 2838 locis
1204 2763 1395 2838 dumtaxat

298 2880 495 2978 imparibus
521 2883 654 2979 pedum
683 2879 943 2979 dactylicorum
970 2905 1088 2952 moras
1118 2895 1153 2953 et
1182 2880 1393 2980 spondeum.

257 3008 285 3057 ¹6
298 2995 472 3069 Similiter
489 2996 583 3094 apud
603 2996 760 3070 comicos
783 2994 897 3068 laxius
917 2994 1073 3092 spatium
1092 2995 1251 3068 versibus
1268 2996 1394 3069 datum

299 3125 363 3184 est.
415 3111 512 3184 Nam
533 3127 569 3184 et
592 3113 641 3183 illi
669 3113 778 3199 ‘loca
796 3135 877 3207 quae
905 3109 1047 3208 propria
1066 3109 1189 3182 iambo
1206 3109 1393 3195 debentur,

299 3225 467 3322 spondeis
493 3239 684 3323 occupant,
701 3225 917 3324 dactyloque
937 3239 974 3297 et
992 3238 1172 3324 anapaesto
1192 3226 1279 3299 locis
1305 3225 1396 3298 adae-

257 3363 369 3435 ¹rquc
386 3339 599 3438 disparibus.
651 3341 709 3414 Ita
726 3339 814 3412 dum
839 3339 1059 3414 cotidianum
1087 3367 1288 3414 sermonem
1316 3341 1396 3413 imi-

298 3455 364 3528 tari
382 3454 558 3546 nituntur,
574 3469 688 3528 metra
704 3457 832 3528 vitiant
849 3456 979 3546 studio,
997 3483 1072 3528 non
1090 3455 1280 3554 imperitia,
1298 3455 1394 3554 quod

299 3569 520 3666 frequentius
538 3569 633 3669 apud
652 3585 791 3644 nostros
809 3598 917 3668 quam
939 3572 1085 3645 Graecos
1103 3571 1271 3644 iuvenies.

258 3709 287 3757 ιε
350 3685 492 3758 Genera
503 3699 623 3757 autem
636 3685 780 3759 iambici
796 3687 898 3759 metri
912 3699 998 3758 sunt
1008 3685 1092 3771 duo,
1104 3711 1186 3758 nam
1200 3711 1245 3758 ex
1260 3685 1315 3758 his
1329 3685 1395 3758 alia

300 3800 449 3898 integra,
462 3799 530 3872 alia
539 3799 677 3889 clauda,
689 3827 770 3897 quae
783 3814 950 3874 scazonta
964 3828 1025 3874 seu
1038 3801 1244 3874 choliamba
1256 3815 1395 3886 vocant,

339 3993 466 4102 Utine]
462 3993 780 4072 finen1P¹ejus]
797 4007 827 4052 et
840 4015 900 4074 ejus
915 3995 945 4052 P
1013 3994 1175 4054 tconstitul
1191 3997 1310 4072 quique]
1327 4017 1394 4055 cuu-

300 4109 391 4168 stituti
407 4131 510 4189 quique
524 4113 555 4169 P
575 4115 702 4170 constitui
715 4113 852 4172 correctio
865 4125 909 4172 est
924 4111 1085 4172 Camerarii.
1167 4115 1286 4192 ¹quod]
1302 4135 1351 4193 qm
1342 4115 1394 4174 P

301 4191 392 4247 aloen
405 4195 481 4269 quae]
500 4192 563 4250 loco
575 4213 622 4269 qui
615 4191 670 4250 P.

346 4347 390 4404 ¹5·
415 4329 608 4407 lntprobatur]
635 4331 719 4406 Seqq.
744 4331 830 4388 habet
911 4333 947 4388 ib.
968 4331 1062 4390 ianibo
1082 4331 1234 4406 debentur]
1259 4332 1396 4392 debentur

302 4409 423 4466 Rufinus
434 4411 471 4466 de
484 4411 570 4468 Metr.
582 4411 664 4468 Com.
680 4429 707 4486 p.
723 4413 811 4485 2708.
870 4409 970 4470 iambis
985 4412 1051 4470 Rus.

346 4489 391 4548 16.
407 4489 530 4549 versibus
543 4511 601 4549 om.
618 4490 713 4549 Rufin.
