3076 5140
264 381 327 454 Ex
344 381 459 456 AElio
476 381 585 456 Festo
602 382 787 480 Apthonio
804 383 848 455 de
865 383 1038 456 cuminis
1056 383 1120 478 85c.
1174 397 1240 456 2⁴1

139 563 279 638 Oceani
293 565 380 652 filis,
398 591 507 663 quom
525 565 702 664 ssprimam
720 577 890 664 quattuor
901 563 1045 638 chordis
1061 590 1163 638 ussm
1182 563 1245 638 ad-

140 683 264 754 firmat
289 681 478 780 Lysonias,
500 680 585 766 sive,
604 695 646 752 ut
670 681 898 780 Licymnius,
916 679 975 754 ἀπὸ
1000 689 1053 754 τοῦ
1076 683 1245 776 μελεάζειι,

138 797 281 868 τουτέστι
324 803 442 893 θμηιιῖι.
494 793 721 878 Quibusdam
764 796 884 895 placet
919 797 965 868 sb
999 795 1126 895 opibus
1160 821 1272 892 quaes

140 911 269 984 Graece
294 911 446 1004 μέλισσαι
480 907 667 982 dicuntur:
694 934 778 982 nsm
808 909 901 982 sicut
928 909 997 982 illae
1028 909 1127 981 omni
1159 934 1244 982 cura

140 1026 245 1096 flores
263 1024 391 1122 legunt
409 1036 449 1096 ut
466 1023 572 1096 mello
590 1023 798 1111 conficiant,
812 1020 864 1096 καὶ
882 1025 926 1096 ὅτι
943 1026 1033 1118 μέλει
1049 1025 1156 1106 αὐταῖς
1174 1025 1244 1098 hoc

140 1138 316 1229 studium,
339 1140 491 1232 μέλισσαι
517 1136 636 1227 dictae,
653 1138 690 1210 in
717 1139 892 1238 scripturn
909 1165 1054 1237 quoque
1071 1138 1243 1237 quicquid

140 1255 238 1328 floris
264 1267 318 1326 est
344 1253 381 1326 in
410 1281 499 1327 sono
524 1255 624 1327 vocis
649 1267 686 1326 et
715 1255 896 1353 rhythmis
923 1255 967 1328 nd
994 1253 1245 1354 componenda

138 1371 223 1464 μέλη
241 1368 446 1466 colligimus
469 1383 510 1442 ut
532 1369 678 1442 nuribus
704 1369 899 1460 tradamus,
923 1368 1019 1442 unde
1045 1383 1082 1440 et
1104 1368 1247 1442 Home·

139 1511 212 1568 rus,

240 1591 294 1655 τοῦ
309 1583 362 1656 rai
377 1580 436 1654 rivi
452 1581 600 1676 γλῶσσης
615 1583 742 1676 μέλιτος
757 1579 888 1678 γλυκέων
902 1582 965 1680 ῥέεν
981 1581 1067 1670 silivi.

139 1709 240 1784 Nam
265 1713 376 1785 veluti
404 1725 513 1812 gustu
539 1713 637 1785 vocis
660 1737 764 1784 cures
789 1711 1018 1810 pabulantur.
1069 1711 1136 1784 Vel
1164 1707 1272 1790 ideos

138 1829 246 1920 μέλις,
271 1827 357 1924 quia
383 1853 464 1924 pars
490 1839 545 1898 cst
570 1827 646 1914 ιἰδῆς
679 1824 730 1899 καὶ
760 1827 878 1914 λέξεως,
904 1825 997 1900 sicut
1022 1840 1059 1898 ct
1087 1824 1244 1925 corporis

140 1943 252 2014 nostri
281 1955 399 2041 portes
424 1940 550 2014 Graece
578 1943 661 2036 μέλη
688 1939 950 2041 ''appellantun
1001 1941 1155 2014 Constat
1183 1965 1244 2014 su·

140 2072 215 2130 tem
241 2059 338 2151 μέλος
362 2056 456 2128 ΙοοΙο
473 2071 509 2128 et
527 2071 718 2128 commate:
770 2055 886 2128 Colon
905 2067 960 2128 est
976 2056 1143 2152 quondum
1162 2076 1272 2154 psrso

140 2171 313 2245 orationis
331 2171 468 2268 integro
486 2168 621 2270 pedum
640 2170 903 2269 compositione
920 2171 1124 2267 conjuncto,
1141 2169 1245 2266 cujus

140 2315 223 2388 pors
240 2313 388 2360 comma
403 2285 545 2360 dicitur.
594 2285 717 2360 Erunt
737 2285 858 2388 itaque
884 2284 962 2360 cols
981 2285 1163 2383 porticulae
1188 2313 1245 2359 so-

140 2403 300 2478 lutorum
321 2415 515 2476 metrorum
534 2399 738 2491 dumtaxat,
754 2428 838 2476 cum
860 2401 1005 2500 integrae
1025 2401 1159 2474 luerint
1184 2425 1244 2497 sy-

141 2517 271 2618 zygiis,
287 2543 431 2590 comma
448 2543 532 2590 vero
549 2541 634 2590 cum
655 2513 888 2616 ¹¹imperfecto
905 2530 970 2590 est.
1023 2515 1155 2590 Omnis
1181 2541 1243 2590 au·

141 2645 218 2706 tem
243 2630 381 2706 ¹versus
398 2633 479 2706 κιιτᾶ
494 2631 530 2705 vl
546 2642 691 2706 πλεῖστοι
707 2632 744 2706 in
765 2630 838 2706 duo
854 2633 933 2706 colo
952 2630 1136 2720 dividitur,
1153 2633 1243 2706 sbu-

140 2747 217 2820 sive
234 2759 355 2822 sutem
374 2748 515 2822 uetiam
535 2771 679 2820 comma
695 2745 827 2822 dicitur
843 2748 979 2820 colon.n

182 2921 483 3000 sprimam]primum
495 2923 529 2981 P.
612 2919 678 3001 ¹¹up
715 2921 831 2996 llamus]
849 2921 1026 3014 appellantur
1041 2921 1072 2990 P,
1137 2919 1237 3000 teoto]

139 3004 222 3062 colos
237 3005 268 3062 P.
309 3003 382 3060 Mox
395 3023 459 3081 pars
473 3022 531 3062 om.
546 3005 577 3061 P.
709 3002 873 3080 imperfecto
885 3003 943 3076 est]
958 3002 1139 3080 rumperlscts
1151 3015 1195 3062 ost
1209 3005 1240 3063 P.

139 3119 150 3166 ¹
165 3121 274 3194 verriu]
289 3087 386 3182 olivum
399 3121 431 3179 P.
519 3133 543 3166 Ν
557 3123 671 3201 etjam]
688 3121 774 3181 etism
789 3123 820 3180 P.
919 3131 936 3163 ¹¹
949 3119 1076 3200 Explicit
1088 3139 1133 3180 ιη
1146 3141 1240 3201 gum·

141 3201 246 3262 marios
256 3200 396 3262 Victorini
409 3201 484 3261 Mori
498 3203 534 3261 dc
547 3203 728 3282 ortographin
741 3202 820 3262 etde
834 3203 952 3262 metrico
965 3201 1074 3261 ratione
1088 3202 1118 3260 P.
