2970 5134
25 444 119 486 2Ar.
141 443 212 488 xr.
403 419 455 484 De
469 421 575 484 Metro
591 409 702 484 Ionrco
715 425 848 486 minore.
1113 423 1179 488 557

26 614 184 669 namus,
205 591 258 656 ita
273 606 309 656 ut
321 591 515 655 diversorum
530 589 611 656 inter
626 613 658 654 se
673 604 843 654 metrorum
857 591 919 656 usit
933 605 1006 678 apta
1021 604 1052 656 et
1066 591 1178 656 decora

27 691 267 780 :onjunctio
311 694 364 757 De
377 707 444 757 erte
458 715 533 779 ergo
546 691 675 757 metrica
689 691 785 756 rnihil
800 693 967 757 desiderari
982 717 1002 757 a
1016 717 1175 780 quoquam
1193 717 1223 763 ¹4

27 797 145 874 scias,
166 809 305 860 servata
318 817 338 859 a
351 794 440 858 nobis
461 793 611 858 sdocendi
625 793 744 858 ratione
758 794 957 880 prespiciens,
973 804 1028 860 tut
1042 818 1089 872 ea,
1105 819 1177 882 quae

27 897 114 977 aiii,
133 897 208 984 qui
226 896 336 961 eadem
352 895 440 960 dere
454 896 654 983 scripserunt,
669 893 799 958 confusa
812 897 855 959 et'
866 896 1020 982 permixta
1039 885 1202 961 conloca!

30 1000 182 1079 verint,
211 1023 274 1064 nos
301 1011 519 1063 octo·tantum
549 997 727 1084 ¹generibus,
753 997 870 1083 quibus
894 997 1032 1084 exceptis
1057 997 1177 1062 nullum

34 1101 206 1166 inveniri
224 1119 360 1166 metrum
383 1099 491 1187 possit,
506 1098 838 1186 conprehenderemus,
854 1121 990 1186 quaeque
1004 1099 1095 1163 etiam
1119 1101 1177 1162 vin

39 1225 274 1289 unoquoque
293 1225 408 1289 genere
429 1200 579 1287 wspecies
601 1215 781 1266 emanarent
799 1224 836 1266 ac
857 1200 1058 1288 profluerent,
1073 1214 1177 1266 osten-

15 1299 16 1304 ’
42 1305 235 1384 ederemus,
251 1319 388 1391 ¹eusque
401 1327 463 1368 non
475 1303 506 1366 iu
521 1303 696 1368 inmensum
712 1302 960 1379 extenderemus,
978 1323 1079 1388 neque
1093 1303 1179 1367 novi-

46 1407 137 1472 tatis
162 1423 229 1472 aut
251 1406 431 1494 cupiditatis
452 1403 568 1492 potius,
584 1427 680 1492 quam
702 1403 863 1468 suavitatis
880 1403 1002 1490 judicio
1023 1403 1176 1468 tducere-

51 1533 151 1576 mur.
204 1507 351 1587 zQuod
343 1523 388 1573 tte
410 1507 458 1571 usi
479 1529 599 1586 sumus,
616 1520 651 1571 ut
666 1529 714 1585 ea,
730 1528 803 1592 quae
822 1505 969 1571 esseutin
989 1505 1178 1570 carminibus
1193 1531 1221 1580 ¹5
1274 1516 1277 1522 '

49 1613 150 1678 dura
175 1626 282 1727 atque
306 1633 425 1698 aspera,
451 1609 595 1696 quamvis
619 1632 639 1673 s
658 1607 847 1695 quibusdem
870 1607 970 1695 poetis
991 1627 1053 1672 non
1077 1624 1179 1671 essent

57 1693 256 1854 repudiata,
270 1711 588 1800 praetermitteremus.
612 1709 665 1774 =si
680 1709 736 1795 qui
751 1723 854 1774 tamen
869 1708 1083 1788 inveniuntur,
1098 1708 1176 1796 bqui
1193 1724 1222 1774 16

14 1923 15 1927 ’
109 1929 180 1983 usit
194 1933 266 2000 opto
280 1927 431 1998 etdecoro]
457 1926 501 1983 lta
510 1945 612 1984 emen
651 1925 674 1982 1.
689 1944 738 1998 42.
782 1926 881 1982 Partes
902 1933 995 1982 annm
1022 1933 1095 1993 sunt,
1119 1945 1191 2000 quc.

65 2007 190 2074 dabam,
218 2026 309 2083 quum
339 2006 368 2062 in
396 2005 519 2082 Gueipb.
544 2025 608 2063 cor·
648 2007 789 2096 generibus
810 2009 850 2073 iis,
866 2025 899 2063 er
920 2007 1015 2080 quibus
1038 2015 1177 2075 enmnont,

71 2095 511 2242 dbidreo.⁸crii)ctddditeiriiiudidtie
519 2089 611 2224 i'bzdiii
650 2086 1012 2242 rubegenpp.essffatzsst]
1023 2167 1069 2224 Ita
1081 2186 1177 2224 emen-

75 2247 244 2306 auctoritss.
269 2247 386 2305 HEUS.
651 2246 752 2304 dabam
773 2246 888 2304 Codicis
910 2247 1035 2323 Gueiph.
1057 2247 1177 2323 scriptu·
1202 2311 1205 2318 ¹

121 2339 133 2370 ¹
151 2329 224 2384 nibil
244 2329 406 2403 deriderem]
429 2327 517 2388 MSS.
540 2331 608 2386 desi·
651 2345 710 2384 trun
724 2329 810 2401 specie
822 2345 865 2382 nte
876 2334 1025 2384 monerent.
1036 2327 1178 2384 'Proxime

79 2412 190 2466 derare.
214 2407 331 2465 HEUS.
650 2407 803 2466 adrerum
826 2406 965 2464 accedunt
988 2407 1075 2464 MSS.
1090 2406 1177 2464 Paris.

124 2498 137 2529 ³
167 2491 280 2546 docendi
304 2491 410 2545 ratione
433 2489 609 2563 prespiciens]
652 2488 683 2544 in
707 2485 808 2562 quibus
832 2498 875 2544 est
897 2489 983 2561 qrecie
1010 2495 1178 2544 emanarent.

83 2571 180 2630 Quum
196 2569 269 2626 benc
281 2569 448 2646 scripturam
467 2568 495 2625 in
514 2567 612 2626 codice
655 2567 771 2626 HEUS.

85 2649 209 2727 Gueiph.
225 2649 398 2726 reperissem,
414 2647 608 2716 uecriderem,
690 2658 707 2690 ¹
739 2665 838 2722 eosque
863 2665 917 2703 non
947 2649 975 2702 in
1006 2648 1176 2721 immensum]

87 2749 144 2806 qno
164 2729 297 2786 referetur
317 2729 485 2786 vocobulum
503 2731 609 2803 pretpi-
653 2727 925 2804 Paris.‘prioreoqne
937 2731 1177 2784 nunimmensum:

62 2814 167 2878 ·cirns,
179 2810 206 2867 id
220 2829 256 2866 an
271 2823 377 2868 temere
391 2810 446 2866 huc
460 2807 610 2886 irrepserit
652 2807 724 2866 alter
757 2827 803 2866 eus
836 2826 896 2882 que
929 2826 983 2864 non
1017 2811 1176 2866 inmensum.

88 2889 258 2948 dubitabam.
282 2889 416 2947 Klotzius
430 2887 633 2961 conjiciebat,
653 2889 770 2946 HEUS.

91 2973 245 3046 perepiciern
279 2969 439 3048 legendum,
476 2977 507 3025 nt
543 2988 609 3027 rcro
690 2979 707 3024 t
738 2968 909 3041 duceremur]
954 2968 1042 3025 MSS
1078 2985 1178 3026 omnes

95 3052 244 3128 proximum
260 3070 308 3130 per
323 3048 609 3126 quomodoexplican-
650 3051 816 3116 ducmernns,
830 3047 914 3106 solita
928 3048 1085 3106 litterarum
1099 3061 1180 3106 rets

97 3131 160 3188 dum
174 3149 239 3188 esse.
280 3130 354 3188 Mihi
369 3130 448 3190 valde
469 3129 611 3195 bladitur
651 3128 825 3196 confusione,
836 3129 871 3186 de
890 3149 946 3206 qua
964 3128 1070 3187 dietum
1086 3141 1129 3186 est
1143 3129 1177 3186 sd

98 3210 285 3290 elegantissimi
306 3210 427 3268 Gruneri
452 3210 506 3268 mei
528 3212 609 3277 ratio,
651 3229 712 3287 cap
728 3209 796 3266 v11.
810 3227 839 3283 3.
864 3209 981 3267 HEUS.

100 3292 143 3368 qui
163 3291 338 3349 Theodorum
358 3293 531 3365 perspicuo
522 3292 609 3368 scrip·
693 3300 707 3332 ³
724 3291 859 3355 Quodne
878 3292 921 3346 usi
940 3290 1044 3362 mnus]
1066 3287 1178 3347 Priscus

102 3370 317 3429 sissceristitnat.
348 3372 433 3429 Hauc
447 3391 542 3428 vocem
558 3391 611 3450 po.
652 3367 755 3428 imitari
788 3367 895 3427 videtur
928 3369 1054 3426 Mallius.
1109 3368 1178 3426 Ilios

102 3471 170 3509 scere
181 3469 206 3508 er
199 3451 355 3519 ndentur
368 3471 430 3528 quae
445 3463 610 3528 sequuntur
653 3471 717 3508 vero
732 3450 847 3510 verbum
864 3457 928 3506 ntor
942 3463 1100 3508 accusativo
1109 3469 1178 3523 Jun
1196 3471 1209 3506 .·

105 3532 177 3590 rerba
189 3531 295 3628 confina
308 3541 335 3589 et
348 3534 493 3607 permiste.
524 3531 610 3590 Paris.
652 3549 718 3608 gere
732 3529 831 3588 solitos
845 3549 915 3598 esse,
932 3528 1035 3588 scimus
1048 3549 1066 3589 e
1080 3529 1178 3588 Nonio

106 3611 167 3669 alter
185 3616 332 3688 propicior.
357 3611 427 3670 alter
448 3615 611 3687 praespiciat.
653 3611 689 3670 de
716 3623 807 3668 contr.
836 3631 930 3690 gener.
957 3612 1034 3669 verb.
1064 3631 1092 3688 p.
1107 3611 1177 3685 481.

109 3692 210 3750 HEUS.
652 3691 762 3749 Charis.
789 3690 809 3747 l.
832 3691 870 3748 V.
892 3713 920 3768 p.
935 3707 1004 3767 257.
1045 3691 1177 3749 Diomed.

142 3773 191 3830 tut
203 3791 240 3840 ee,
261 3792 321 3848 que
337 3775 395 3842 etti,
410 3776 457 3847 qni
471 3775 564 3830 eedem
578 3775 612 3828 de
653 3791 681 3848 p.
697 3789 766 3846 300.
810 3769 943 3830 Plautum
959 3771 999 3830 ita
1012 3771 1177 3848 saepelocu-

110 3856 314 3929 rescripserunt]
343 3853 451 3912 Locum
476 3853 551 3910 hunc
571 3853 612 3909 its
652 3865 712 3910 tum
734 3871 804 3918 esse,
826 3851 953 3910 ostendit
973 3853 1077 3909 Pareus
1099 3851 1178 3908 lexic.

110 3933 314 3992 constituendum
329 3935 433 4010 putavi,
448 3953 535 4011 quum
550 3931 611 3989 sine
651 3930 713 3990 crit.
742 3949 868 4009 p..1333
910 3933 990 3990 ndde
1017 3932 1177 3989 Bunemtm.

112 4031 182 4072 sensu
193 4032 217 4070 tn
229 4013 314 4071 MSS
330 4013 468 4092 legeretur
481 4022 513 4070 nt
526 4031 611 4088 eoque
652 4012 685 4070 ed
701 4013 832 4070 Luctaut.
847 4011 883 4069 de
897 4011 1011 4070 mortib.
1027 4029 1133 4088 perses·
1151 4031 1177 4069 c.

113 4095 160 4160 ubi
173 4096 420 4168 qeieodemdoeere
436 4096 609 4169 scripserunt.
652 4095 686 4149 V.
705 4111 731 4148 2.
755 4091 873 4150 HEUS.

115 4174 210 4232 HEUS.
692 4183 708 4216 ⁸
722 4173 754 4228 st
768 4192 816 4247 qur
809 4173 933 4245 tamen]
952 4172 1112 4230 Pronomen
1131 4176 1178 4247 qui

147 4257 355 4328 vnrnoqnoqne
366 4257 478 4330 genere]
508 4253 611 4311 Ruhn-
652 4249 738 4312 Puris.
764 4251 901 4328 posterior
923 4251 997 4310 baud
1020 4253 1124 4312 inscite
1145 4273 1177 4312 ο·

94 4333 241 4408 ἸΙιειιὶυεν.
263 4337 297 4392 C.
320 4333 471 4427 legendum
493 4353 554 4392 esse
578 4353 612 4391 ex
653 4333 888 4391 minitatus

117 4433 245 4490 rnoqrmne
262 4434 362 4490 genere
385 4414 547 4473 acutissime
568 4413 610 4471 vi·
691 4413 796 4488 bqut·
787 4433 814 4470 nr
836 4415 877 4470 bis
897 4415 1057 4508 metrortrrn]
1091 4413 1177 4472 Uter·

118 4495 159 4561 dit,
178 4499 411 4573 conjecturamque
433 4514 513 4552 suem
541 4514 611 4553 con·
653 4512 708 4570 que
729 4493 826 4552 Codex
851 4492 937 4550 Paris.
959 4497 1005 4568 (μὶ
1024 4497 1052 4550 r'n
1074 4494 1177 4552 hisdem

121 4576 192 4632 firmat
209 4594 235 4633 ex
256 4575 305 4634 illo
319 4575 464 4634 Ciceronis
483 4575 519 4632 de
538 4587 609 4634 orat.
651 4583 810 4634 metrorum.
833 4573 953 4632 HEUS.
