3012 5084
127 324 202 372 cte.
221 317 257 374 t.
492 299 557 372 De
578 297 866 399 orthographia.
1192 313 1234 388 ¹7

124 497 193 571 tor,
207 482 329 580 ¹quod
350 482 537 556 volvendo
554 485 596 556 fit
619 483 742 556 fascia.
788 481 910 558 Hrmd
929 495 948 546 t
953 481 1165 556 adverbium
1184 493 1284 560 atio

122 599 287 698 negandi,
297 613 339 670 et
357 597 546 697 significat
563 598 658 672 idem
673 597 770 696 quod
785 598 879 698 apud
894 599 1041 672 Gnaeos
1057 598 1151 672 Hoo’:
1174 597 1236 670 sed

121 717 167 786 ab
190 715 354 812 antiquis
384 739 472 786 cum
503 712 759 812 adspiratione,
785 727 825 786 ut
851 713 921 786 alia
946 739 1093 811 quoque
1118 715 1238 802 verbo,

118 832 271 916 dictum,
287 843 329 902 et
348 829 495 925 adjecta
508 831 536 900 d
550 831 679 918 littera,
692 855 802 926 quam
816 829 996 927 plerisque
1014 829 1131 902 verbis
1148 829 1238 926 adji-

118 945 273 1017 ciebant.
299 944 350 1016 D
363 959 491 1018 mmen
504 944 660 1018 litteram
672 959 870 1032 conservat,
881 943 908 1016 si
921 969 1074 1041 sequens
1085 945 1235 1018 verbum

119 1061 270 1160 incipiat
297 1086 321 1132 a
349 1059 482 1146 vocali,
501 1073 541 1132 ut
558 1057 661 1132 baad
675 1058 786 1132 aliter
801 1086 935 1148 maror,
950 1073 1000 1143 et,
1017 1059 1120 1134 laud
1138 1061 1238 1159 equi·

121 1175 207 1248 den
259 1177 316 1248 At
334 1201 424 1248 cum
444 1175 594 1246 verbum
618 1201 639 1246 a
659 1175 888 1246 ¹consonanti
908 1175 1048 1272 incipit,
1066 1175 1094 1248 d
1108 1175 1239 1274 perdit,

122 1307 171 1380 ut,
185 1291 279 1364 last
298 1289 455 1378 dudam,
472 1305 511 1361 et
527 1289 617 1362 taut
633 1289 801 1376 mutum,
816 1303 854 1362 et
871 1289 962 1362 taut
975 1289 1161 1386 placitura
1178 1315 1238 1364 re·
1335 1366 1338 1372 ,

108 1406 208 1506 sert,
223 1422 262 1479 et
290 1405 440 1478 inducit
466 1415 491 1477 t.
539 1404 589 1478 Et
606 1403 755 1504 lmjruce
775 1419 813 1478 et
828 1403 1008 1504 hujusque
1031 1419 1127 1480 recte
1152 1405 1237 1478 scri-
1250 1425 1279 1476 5¹

123 1523 268 1606 buntur,
297 1520 366 1593 sed
397 1545 464 1592 suo
489 1519 569 1592 loco
596 1533 767 1616 utraque:
806 1546 889 1594 nam
917 1521 964 1592 ab
992 1519 1102 1594 ltocce
1128 1533 1166 1592 et
1191 1520 1238 1594 ab

121 1637 229 1710 hacce
256 1639 301 1710 fit
331 1635 510 1735 hujusce.-
537 1633 739 1734 ¹}mjusque
764 1649 884 1708 autem
919 1635 1016 1710 aliud
1043 1637 1239 1734 significat,

121 1750 177 1824 bid
191 1767 250 1824 est
268 1748 574 1850 uniuscujusque.
618 1750 698 1824 Has
723 1777 828 1823 voces
853 1777 1123 1850 nonnunquam,
1146 1777 1281 1838 nunti

120 1894 239 1965 pom,
256 1867 442 1966 nunquid,
459 1891 679 1964 quanquam,
696 1891 858 1963 unquam
884 1893 978 1965 saepe
1003 1883 1100 1940 recte
1125 1868 1239 1966 scrip-

121 1997 174 2056 tas
204 1981 439 2078 relinquitis:
475 1981 668 2078 aliquando
695 1993 739 2054 en
769 1982 807 2054 in
833 2007 869 2055 m
894 1981 1141 2070 commutatis,
1165 2008 1238 2056 non

122 2101 346 2200 ειητιηιᾳιιαηι
364 2127 432 2200 pro
453 2128 478 2173 n
498 2099 615 2173 facitis
637 2125 683 2172 m.
735 2099 833 2182 Quid
861 2099 971 2194 igitur
990 2099 1027 2170 in
1051 2113 1234 2198 posterum
1249 2125 1281 2176 sa

123 2215 286 2288 debeatis
305 2217 507 2304 observare,
525 2213 711 2288 attendite.
751 2213 846 2286 Clari
872 2214 908 2286 in
932 2213 1060 2286 studiis
1078 2215 1157 2302 viri,
1172 2215 1235 2314 qui

125 2331 260 2430 aliquid
279 2331 328 2403 de
345 2330 606 2428 orthographia
623 2329 873 2428 ‘sciipserunt
888 2355 1015 2402 omnes
1033 2329 1106 2402 fere
1122 2331 1235 2420 aiunt,

125 2449 272 2522 interm
291 2461 328 2518 et
345 2473 372 2518 rr
390 2446 527 2518 litteras
545 2444 701 2518 mediam
720 2470 860 2530 vocem,
876 2469 959 2540 quae
977 2471 1049 2516 non
1068 2445 1236 2518 abhorret

127 2565 170 2636 ab
188 2578 348 2658 utraque
365 2560 498 2648 littera,
516 2559 576 2632 sed
598 2573 762 2632 neutram
782 2559 926 2658 proprie
952 2559 1144 2657 exprimat,
1161 2573 1234 2632 tam

127 2679 232 2750 nobis
254 2676 384 2750 deesse
409 2701 519 2771 quam
539 2674 784 2780 (Jraeciscurn
811 2674 862 2746 illi
883 2675 1047 2772 Sombya
1067 2673 1237 2763 scribant,

130 2819 195 2865 nec
211 2819 249 2864 m
265 2789 485 2889 exprimere,
503 2817 568 2862 nec
585 2816 621 2862 n.
673 2789 744 2862 Sed
772 2790 849 2864 baec
872 2789 1091 2886 ambiguitas
1118 2789 1154 2862 in
1183 2791 1237 2864 bis
1250 2821 1282 2868 ³⁴

131 2907 278 2980 formase
294 2904 495 2992 vocabulis,
512 2904 606 2978 sicut
622 2903 659 2975 in
679 2903 844 3000 Ampeln,
861 2903 1071 3002 Qconrbe:
1098 2929 1182 2978 nam
1201 2905 1237 2978 in

132 3024 260 3095 nostris
278 3018 496 3120 supradictis
514 3045 585 3090 non
604 3033 680 3092 est:
709 3019 794 3116 quia
812 3045 882 3092 non
903 3019 1048 3092 interm
1065 3033 1102 3094 ct
1120 3045 1145 3092 n
1163 3046 1238 3094 me-

131 3138 229 3212 dium
257 3152 559 3234 monterionem
585 3151 622 3210 et
647 3133 920 3233 'marronam
944 3149 983 3210 ct
1006 3135 1148 3225 similia,
1172 3135 1235 3212 scd

132 3255 224 3328 inter
241 3280 269 3326 n
285 3267 323 3325 et
336 3279 385 3350 g,·
408 3277 491 3324 nam
508 3265 544 3324 et
557 3251 677 3324 Graeci
691 3277 775 3324 cum
790 3250 952 3324 scribunt
967 3251 1113 3348 ἅγγελος,
1128 3251 1235 3348 sinu,
1248 3279 1279 3328 ss

133 3367 229 3464 ὄγκος,
247 3381 285 3440 et
310 3367 455 3455 similia,
473 3367 501 3439 si
528 3365 702 3464 syllabam
726 3391 775 3438 on
799 3381 968 3464 sequatur
990 3367 1129 3464 syllaba
1154 3391 1235 3461 quae

134 3485 275 3557 initium
297 3483 409 3556 habet
427 3509 447 3554 a
465 3509 495 3581 3
512 3495 599 3554 taut
616 3508 637 3553 a
654 3507 685 3570 c,
701 3495 915 3554 convertunt
931 3508 956 3554 n
973 3481 1130 3553 litteram
1157 3479 1193 3550 in
1207 3505 1237 3578 3

133 3614 167 3672 et
190 3625 259 3700 pro
275 3626 301 3671 n
324 3625 355 3698 3
376 3599 548 3681 scribunt,
567 3611 608 3669 ut
634 3593 969 3693 ἇγγελος,“ἄ)χιστα,
985 3598 1123 3694 ἄγκυραι
1151 3619 1233 3666 curn

178 3799 300 3878 ¹qnod]
317 3798 385 3876 quia
398 3797 430 3856 P.
510 3794 715 3868 tsdrerbium]
733 3791 974 3852 adverbiumeP.
1046 3791 1129 3866 md]
1150 3791 1187 3868 ej
1202 3789 1234 3848 P.

135 3879 352 3950 ¹consonante]
369 3875 538 3936 consonanti
553 3877 584 3934 P.
652 3883 668 3917 ⁸
682 3875 835 3952 hujusque]
845 3875 999 3952 'hujusque
1012 3873 1044 3932 P.
1111 3867 1128 3913 b
1143 3869 1231 3946 idem]

134 3961 217 4020 idest
231 3961 264 4017 P.
307 3959 388 4016 N.B.
400 3959 468 4015 huic
484 3955 572 4014 versui
587 3953 741 4032 apponitur
753 3953 853 4013 obelus
863 3987 913 4009 -.
1036 3951 1154 4026 eenim]
1170 3971 1187 4008 n
1202 3951 1233 4008 P.

133 4039 332 4118 doumquam]
355 4043 502 4116 nunquam
518 4038 548 4094 P.
571 4037 610 4094 Et
623 4037 658 4092 ad
673 4035 700 4092 h.
717 4055 742 4092 r.
756 4034 911 4113 apponitur
922 4033 1073 4090 obelus-
1088 4051 1142 4090 son
1156 4051 1234 4090 narn·

133 4142 212 4195 quoin
227 4119 346 4178 Putscb.
452 4113 629 4196 escripsere]
647 4116 820 4194 scripserunt
833 4115 865 4172 P.
987 4110 1232 4189 'nonnunqust

132 4219 317 4276 nonunquam
333 4199 364 4254 P.
379 4197 463 4256 etsie
476 4195 560 4256 infra.
668 4197 742 4270 tet]
758 4208 808 4253 aut
822 4195 853 4252 P.
950 4191 1233 4268 Βόγχισταῶῃιμ]

132 4305 235 4359 φρει,
249 4303 375 4354 maipa
389 4279 420 4336 P.

135 4445 171 4504 54
183 4428 327 4508 amquam]
342 4438 374 4484 ut
382 4446 519 4503 unquam.
534 4423 791 4484 TERHAERIUS.
814 4423 852 4480 Et
862 4419 903 4480 sic
915 4420 1032 4480 Vossius
1041 4419 1077 4480 Α.
1086 4421 1139 4482 Gr.
1148 4421 1174 4482 1.
1188 4435 1236 4478 ao.

672 4543 698 4590 D
