2980 5142
88 451 188 501 ene.
208 441 263 502 13.
403 427 467 500 De
483 429 626 501 momine
641 453 767 501 vermis
784 427 926 500 heroici.
1133 427 1203 502 463

152 609 279 709 Pythii
304 609 432 682 retiam
460 611 562 708 origo
588 609 671 683 inde
702 623 813 682 tracta
841 623 914 682 est:
942 636 1009 684 nec
1034 611 1130 682 enim
1155 613 1208 685 ri-

88 725 209 798 detur
243 726 480 825 incongruum
510 727 707 799 'fabulosae
741 725 964 822 antiquitatis
1000 740 1207 800 commenta

90 841 326 940 depromere.
390 842 523 942 Apollo
554 867 637 914 cum
668 839 836 940 Pythona
869 841 1025 940 Delphis
1061 855 1207 940 propter

91 957 280 1030 ultionem
301 958 424 1031 matris
449 971 618 1044 necasset,
638 958 770 1030 accolae
795 957 954 1057 primum
978 959 1108 1030 timore
1131 984 1207 1030 car·

95 1100 188 1146 men
210 1073 394 1147 heroicum
418 1075 668 1148 hexametrum
695 1072 800 1145 initio
829 1097 892 1144 sex
917 1071 1084 1172 spondeis
1107 1099 1206 1146 com-

93 1189 262 1288 positum
291 1203 508 1274 texuerunt3
537 1188 667 1262 deinde
685 1188 801 1260 soluta
824 1187 973 1288 spondei
999 1187 1108 1262 altera
1134 1190 1205 1289 syl·

95 1306 200 1394 laba,
234 1305 310 1378 sine
345 1304 683 1402 damno‘temporis
713 1303 921 1402 ‘dactylum
954 1329 1100 1401 quoque
1127 1331 1205 1377 sus-

96 1421 211 1521 cepit.
264 1421 423 1503 Quidam
448 1435 568 1494 autem
595 1419 733 1508 dicunt,
751 1407 947 1491 iambicum
977 1419 1091 1517 magis
1117 1447 1209 1518 gau.

96 1535 164 1607 dio
189 1537 384 1610 'sublevati
409 1549 512 1609 motu
537 1535 641 1608 celeri
666 1534 901 1634 protulerunt.
946 1533 1074 1606 Fertur
1094 1536 1201 1608 etiam

97 1653 203 1727 whoc
213 1652 397 1726 heroicum
414 1665 568 1726 metrum
583 1651 660 1748 ejus
671 1651 822 1725 oraculis
835 1663 958 1750 postea
970 1651 1203 1740 celebratum,

98 1783 163 1842 ¹et
180 1795 224 1842 ex
244 1770 313 1842 hoc
331 1795 472 1842 versum
491 1768 613 1868 Pythii
633 1794 767 1840 nomen
784 1766 997 1865 taccepisse.

152 1885 266 1958 'Item
283 1884 423 1984 Priapei
442 1897 538 1973 sunt,
551 1885 717 1982 quotiens
735 1884 772 1956 in
791 1883 909 1983 primo
926 1882 1006 1954 loco
1022 1882 1202 1980 spondeus

100 2001 261 2100 ponitur,
278 2015 315 2074 et
332 2002 368 2074 in
386 2015 514 2100 quarto
532 2015 568 2074 et
586 2002 621 2074 in
641 2013 755 2085 sexto,
773 2013 814 2070 ut
832 1997 927 2098 apud
945 1997 1152 2097 Virgilium,

231 2118 391 2203 Deficime
406 2117 501 2194 videt,
517 2119 656 2203 majam
666 2115 829 2203 praemissa
843 2115 971 2200 reposci.

103 2226 212 2317 ltem,
307 2225 310 2228 ’
775 2323 780 2328 .

231 2343 456 2430 Immotumque
469 2344 528 2408 coli
542 2342 628 2408 dedit
641 2352 671 2407 et
684 2350 877 2406 contemnere
891 2350 1007 2404 veatae.

103 2451 211 2540 Item,

233 2568 296 2632 Cai
310 2591 373 2632 mon
387 2569 491 2634 dictus
505 2569 615 2656 Hylas
625 2589 709 2654 puer
723 2575 753 2631 et
768 2565 906 2630 latonia
921 2565 1028 2630 Delas.

151 2677 315 2751 Bucolici
342 2691 444 2767 sunt*
455 2679 620 2777 quotiens
650 2679 688 2750 in
715 2689 840 2774 quarta
865 2675 1010 2781 regione
1035 2673 1229 2774 dactylusi

104 2791 231 2865 liniens
248 2806 387 2892 partem
406 2794 575 2868 orationis
592 2792 784 2866 invenitur.

152 2906 375 2981 ⁸Identidem
401 2908 600 3008 dactylicus
627 2907 845 2991 nominatur,
861 2930 943 2978 cum
970 2913 1097 2976 omnes
1125 2906 1225 2982 feres

104 3021 263 3124 dactylos
292 3025 412 3115 habet,
436 3025 618 3098 bmanime
647 3021 885 3098 novissimum
917 3017 1131 3119 spondeum,
1157 3034 1197 3094 ut

105 3153 156 3214 est
173 3141 268 3240 apud
288 3141 515 3216 Homerum:

199 3257 351 3346 13Κύκλωψ
367 3269 417 3348 τῆ,
434 3258 484 3332 aie
502 3255 582 3343 οἶνον,
600 3255 663 3332 tul
680 3260 783 3352 φάγες
799 3249 945 3351 ἅνδρόμεοι
962 3251 1045 3349 κρέοι.

142 3507 243 3580 rvero]
259 3510 341 3564 etiam
356 3507 464 3566 A.B.C.
480 3526 544 3581 ergo
559 3506 633 3564 Ven.
743 3516 755 3548 Ι
770 3503 904 3561 sabulosa
919 3499 1094 3579 antiquitatis
1107 3501 1196 3560 docu-

107 3599 195 3644 menta
213 3587 379 3666 depromere
394 3609 411 3665 q
427 3587 533 3665 Apollo
552 3607 617 3645 cum
640 3587 769 3664 Pythona
790 3583 925 3662 Delphis]
941 3583 1071 3701 sahulqse
1095 3584 1195 3659 (saba-

108 3719 158 3775 lora
173 3719 218 3787 B.)
235 3721 406 3793 antiquitatis
427 3726 578 3775 commenta
600 3719 757 3792 depromere
780 3717 882 3792 Apollo
904 3735 965 3772 cam
984 3722 1079 3789 pytam
1103 3715 1197 3789 adelfii

107 3800 268 3856 noemma
282 3800 315 3856 C.
398 3797 564 3874 tdactylum
585 3809 777 3873 susceperunt.
807 3795 945 3871 Quidam]
968 3795 1106 3869 dactylum
1129 3799 1220 3868 quas

107 3883 287 3955 quesamepit.
313 3882 422 3954 quidam
444 3888 537 3937 autem
555 3881 649 3936 (licant
666 3881 811 3936 iambicam
824 3879 929 3935 A.B.C.
949 3876 1195 3950 suscipit-dicant

108 3963 170 4019 Ven.
282 3971 298 4001 v
310 3959 425 4034 sublati]
440 3961 574 4018 sublevati
589 3962 656 4018 A.C.
778 3969 800 4000 w
814 3959 869 4016 hoc
882 3956 981 4030 eiiam]
998 3958 1081 4013 etiam
1096 3955 1146 4010 hac
1159 3957 1193 4012 A.

108 4045 181 4099 etiam
195 4041 246 4098 hoa
260 4042 360 4098 heroici
374 4041 407 4099 B.
423 4048 450 4099 et
465 4042 515 4098 hac
529 4045 612 4099 etiam
627 4042 661 4098 C.
777 4049 794 4082 ¹
808 4050 838 4096 et
852 4057 886 4096 ex
900 4038 954 4095 hoc
969 4035 1092 4107 versum]
1109 4043 1136 4090 et
1151 4037 1195 4092 lea

108 4123 151 4180 hac
162 4141 238 4180 versa
256 4123 287 4179 lt.
301 4141 406 4180 oeream
422 4123 456 4179 C.
477 4121 505 4179 io
522 4141 612 4199 marg.
626 4129 752 4178 metrum.
912 4114 1095 4193 raccepisse]
1116 4133 1193 4172 erce·

105 4205 167 4278 pisse
182 4204 213 4260 B.
320 4213 335 4244 ²
351 4203 424 4262 liam
442 4202 543 4280 proprii
560 4214 636 4266 sunt,
651 4201 763 4276 quoties
778 4197 807 4254 in
827 4199 919 4273 priore
933 4197 1011 4270 loco]
1030 4197 1100 4252 Item
1112 4198 1192 4270 pria·

104 4287 140 4358 pii
151 4292 210 4341 mat
223 4284 346 4358 quatiens
360 4287 389 4340 in
401 4287 491 4358 prima
507 4287 643 4359 (suprasc.
658 4281 694 4337 Α.
708 4281 838 4352 secando)
855 4279 913 4335 laco
926 4278 997 4336 ΑΒ.
1117 4286 1133 4319 ⁸
1145 4275 1193 4333 iti·

108 4365 175 4438 dem]
191 4365 336 4421 menhdem
350 4365 422 4422 Α.Β.
439 4363 509 4424 Ven.
592 4358 607 4404 b
624 4359 787 4434 novissima]
803 4362 922 4418 maxime
935 4360 1107 4416 novissimam
1121 4357 1191 4416 Ais.

108 4446 171 4504 Tum
185 4448 331 4518 spondeum
345 4463 402 4502 om.
416 4445 487 4502 Ven.
629 4451 642 4484 ⁰
654 4444 688 4510 βῆ
702 4441 726 4498 δὲ
740 4445 782 4499 διὰ
794 4443 923 4515 προμάχων
937 4441 1100 4514 κεκορυθμένος
1112 4436 1192 4496 αἴθοπι

107 4527 197 4600 χαλκῷ]
213 4527 307 4601 cyclep
320 4534 367 4601 yte
376 4528 441 4600 pico
454 4543 538 4582 enarre
549 4523 658 4600 pifager
670 4524 817 4580 amiramm
831 4540 893 4578 crea
908 4521 981 4578 Α.Β.
