3124 5120
248 345 327 444 ‘1⁵0
643 367 764 442 Marii
784 367 966 442 Victorini
1201 389 1277 438 ura.
1294 387 1352 440 ιιι.

254 551 368 626 cussis
395 551 581 650 utriusque
607 553 718 653 partis
743 551 837 626 binis
862 551 1027 651 pedibus,
1053 549 1266 650 semipedes,
1292 551 1355 648 qui

255 682 456 767 supersunt,
482 667 719 764 conjungunt,
742 679 779 741 et
803 693 850 740 ex
879 665 935 740 his
958 663 1159 765 spondeum
1185 665 1353 763 quintum

254 783 370 856 versui
389 781 598 872 adnectunt,
615 797 815 878 tamquam,

255 1015 291 1090 S·
354 915 427 990 Nil
439 915 529 988 milti
546 913 739 1004 rescribas,
754 912 942 990 *cctam
957 913 1036 1012 ipse
1052 913 1143 991 vert

283 1042 316 1090 rc

355 1111 427 1188 Nil
441 1112 532 1187 milri
546 1113 672 1202 rasni,
690 1121 851 1186 attamen
867 1113 1004 1212 ipsene
1020 1111 1071 1201 ni,
1089 1111 1164 1184 bcs.

256 1246 342 1320 Hoc
358 1272 402 1318 eo
419 1244 550 1330 studio,
563 1272 609 1318 ne
626 1257 846 1342 anapaestum
861 1243 1005 1343 pedem,
1017 1268 1125 1340 quem
1145 1241 1355 1316 hexameter

214 1389 244 1440 ¹9
258 1363 388 1436 herous
429 1359 600 1447 excludit,
642 1373 868 1460 pentametro
910 1359 1110 1434 miscerent.
1161 1356 1235 1430 Alii
1269 1381 1354 1428 vero

257 1476 418 1577 spondeo
434 1477 579 1552 tertium
593 1475 717 1550 locum
737 1489 779 1548 ut
795 1474 980 1574 proprium
1001 1471 1211 1560 defendunt,
1227 1471 1290 1568 qui
1307 1497 1354 1544 ex

257 1591 440 1692 semipede
466 1591 656 1692 superioris
675 1593 844 1668 clausulae
865 1606 902 1666 et
923 1593 1040 1692 prima
1057 1593 1166 1690 longa
1181 1590 1356 1690 incipien-

257 1708 303 1781 tis
320 1707 453 1807 dactyli
471 1706 624 1780 ¹adnexa
641 1707 812 1805 gignitur,
829 1722 1039 1808 supererunt
1056 1706 1208 1780 residuae
1231 1707 1355 1780 breves

256 1821 391 1921 dactyli
419 1821 512 1912 duae,
539 1821 597 1894 hia
629 1821 799 1918 adjuncta
827 1823 936 1921 longa
966 1821 1098 1896 efficiet
1130 1833 1353 1920 anapaestum

257 1936 494 2036 quarto-loco,
510 1949 702 2035 supersunt
726 1951 799 2012 tres
824 1937 971 2034 syllabae
992 1963 1145 2036 quarum
1171 1935 1252 2012 duae
1278 1937 1354 2010 bre·

259 2079 330 2140 ves,
347 2065 474 2152 utpote
499 2077 673 2150 supremae
696 2052 844 2152 dactyli,
861 2052 917 2126 his
933 2053 1101 2151 copulata
1117 2051 1236 2126 finalis
1252 2052 1357 2128 tertia

257 2167 386 2267 pedem
415 2179 636 2266 anapaestum
663 2169 873 2266 complebit,
890 2195 957 2242 nec
983 2168 1141 2256 interest,
1167 2167 1283 2241 brevis
1309 2193 1353 2240 an

259 2285 367 2384 longa
392 2283 449 2368 sit,
476 2296 602 2382 utpote
633 2282 669 2356 in
701 2283 830 2360 ultimo
855 2285 1069 2360 constituta:
1097 2283 1205 2382 hujus
1234 2307 1356 2358 exem-

257 2400 374 2500 plum,

359 2513 503 2590 ¹²¹Nunc
519 2524 560 2588 tu
575 2513 769 2590 Pieridum
786 2517 946 2592 ”daca
961 2515 1133 2590 Aonium.

216 2630 477 2732 ²00bservabis
503 2643 637 2718 autem,
663 2656 708 2704 ne
737 2631 933 2706 novissima
958 2632 1096 2732 syllaba
1121 2629 1247 2730 prioris
1274 2627 1356 2712 coli,
1452 2623 1462 2652 ⁸

260 2774 341 2845 quae
358 2759 440 2846 post
456 2747 547 2820 duos
563 2744 674 2845 pedes
690 2746 843 2846 semipes
860 2747 1003 2835 residet,
1019 2747 1136 2820 brevis
1153 2744 1211 2834 sit,
1229 2769 1274 2816 ne
1291 2769 1355 2842 pro

259 2861 420 2962 spondeo
437 2861 562 2936 tertius
580 2860 720 2954 iambus
733 2862 894 2960 obrepat,
911 2863 996 2961 ⁰qui
1013 2863 1121 2958 hujus
1137 2860 1226 2959 legis
1248 2859 1357 2932 ratio-

260 3002 344 3048 nem
358 2977 506 3048 subruat
518 3007 527 3060 ;
550 2976 735 3074 rquamvis
746 2975 905 3072 quidam,
920 2976 1017 3075 quod
1031 3003 1077 3049 cx
1091 2991 1106 3038 (Ι
1112 2973 1356 3074 geminatione

258 3089 422 3163 videatur
434 3116 555 3163 versus
573 3091 640 3164 istc
658 3091 860 3182 subsistere,
877 3119 949 3164 non
968 3104 1070 3166 ‘sunt
1086 3089 1256 3176 deterriti,
1268 3088 1356 3185 quin

259 3207 356 3278 brevi
384 3205 521 3305 syllaba
547 3206 648 3305 prius
675 3207 780 3279 colon
802 3205 1069 3291 concluderent,
1096 3204 1357 3286 'adfirmantes

260 3321 350 3393 nihil
376 3321 546 3395 interesse
569 3321 772 3418 cujusmodi
796 3322 833 3393 in
851 3323 924 3394 fine
942 3321 990 3392 sit
1011 3319 1161 3419 syllaba,
1179 3317 1286 3415 idque
1303 3317 1358 3416 ip-

259 3461 340 3508 sum
360 3436 452 3532 juris
478 3465 521 3512 ac
545 3439 633 3536 legis
657 3449 838 3510 commata
855 3437 1007 3509 retinere
1023 3434 1224 3522 voluerunt,
1242 3431 1356 3530 lquod

259 3551 296 3622 in
318 3552 416 3624 omni
441 3565 556 3625 metro
581 3565 618 3624 et
638 3551 675 3623 in
701 3577 918 3648 quocunque
940 3575 1042 3624 versu
1065 3549 1242 3624 catholice
1268 3573 1359 3647 prte-

215 3698 243 3734 21
259 3678 405 3764 ceptum
432 3680 496 3741 est.
549 3666 621 3740 His
646 3664 871 3753 subditis,nt
892 3665 1115 3752 dictumest,
1140 3662 1357 3736 hexametris

259 3780 458 3878 elegiacum
478 3797 632 3855 metrum
653 3779 819 3867 reddunt,
837 3781 974 3855 dictum
992 3805 1039 3852 ex
1059 3805 1115 3869 eo,
1132 3781 1229 3875 quod
1246 3791 1359 3851 'moe-

260 3895 328 3968 rori
348 3897 526 3995 rebusque
549 3897 711 3970 tristibus
729 3896 858 3970 modus
874 3921 997 3968 eorum
1017 3893 1134 3993 aptior
1150 3919 1227 3966 esse
1239 3892 1359 3967 videa·

301 4164 318 4210 ¹
338 4169 478 4243 attamen]
502 4167 605 4227 attinet
626 4171 657 4228 P.
678 4189 721 4246 pr.
736 4181 766 4228 et
779 4187 854 4225 mox.
974 4164 984 4210 ¹
1004 4168 1128 4242 annexa]
1152 4179 1182 4224 et
1202 4165 1313 4223 adnexa
1326 4163 1358 4222 P.

261 4256 286 4289 ¹¹²
301 4267 377 4306 nunc
391 4249 436 4324 tu]
454 4269 490 4306 ne
503 4261 536 4308 tu
549 4251 581 4309 P.
697 4261 714 4292 ¹¹
728 4247 845 4322 deseris]
862 4245 974 4305 desinas
987 4247 1021 4304 P.
1141 4244 1232 4324 ⁰qui]
1249 4264 1311 4323 qnae
1324 4245 1358 4303 P.

260 4328 431 4418 unquamvis]
448 4347 513 4386 cum
528 4329 559 4386 P.
659 4327 896 4410 ugemiaatione]
912 4326 1057 4407 geminato
1072 4345 1108 4384 ne
1123 4327 1154 4384 P.
1250 4325 1356 4399 rarant]

261 4408 363 4564 srnth.
426 4411 638 4546 baymam
656 4409 866 4470 adrifirmantea
879 4409 911 4467 P.
966 4407 1082 4486 tquod]
1099 4425 1161 4486 quae
1175 4405 1206 4464 P.
1261 4411 1359 4462 'mre-

262 4505 318 4546 ron
346 4507 449 4548 merorr
487 4532 495 4547 .
