3076 5140
285 399 354 476 166
673 398 791 472 Marii
811 397 991 472 Victorini
1232 421 1309 470 ma.
1324 422 1384 472 ιιι.

280 583 390 684 pedes
407 583 469 680 qui
487 607 572 656 eum
591 582 729 656 faciunt
746 582 961 670 molliorem,
977 595 1102 656 contra
1118 607 1230 680 quam
1247 582 1385 656 ionico-

280 725 359 772 rum
387 699 444 771 lex
472 725 509 772 se
534 697 655 786 habet,
671 696 848 770 incidunt.
898 695 998 770 Nam
1024 695 1120 769 idem
1143 711 1180 770 et
1196 697 1383 797 dactylum

280 829 317 887 et
334 826 557 912 anapaestum
577 825 614 886 et
631 812 830 886 trochaeum
847 811 1031 912 duplicem
1059 811 1200 911 recipit,
1218 813 1279 909 qui
1298 839 1383 886 cum

280 929 518 1002 interveniant
543 928 748 1024 faciantque
775 927 873 1000 hunc
890 953 1034 1000 versum
1057 928 1142 1000 satis
1168 928 1312 1002 mollem
1341 955 1384 1002 ac

281 1043 473 1132 lubricum,
490 1057 612 1116 tamen
640 1069 711 1115 non
738 1041 881 1116 excedit
900 1042 1028 1141 viginti
1054 1041 1127 1116 duo
1150 1055 1324 1140 tempora,
1342 1055 1384 1116 ut

281 1173 336 1232 est
355 1158 414 1232 hic
431 1160 493 1256 qui
511 1159 556 1232 ab
573 1171 755 1256 anapaesto
772 1157 912 1256 incipit,

336 1275 462 1347 Genus
477 1274 573 1348 unde
589 1273 779 1361 Latinum,
795 1299 897 1373 rogo,
910 1299 1030 1374 genus
1048 1274 1142 1348 ursde
1158 1271 1349 1348 Latinum.

239 1390 378 1474 17Nam
397 1415 462 1490 pro
480 1387 640 1488 spondeo
657 1387 798 1462 etiamsi
822 1389 961 1487 positus
979 1402 1034 1462 est
1051 1403 1252 1490 anapaestus
1270 1387 1381 1462 trium

281 1506 512 1605 syllabamm,
528 1519 649 1578 ιειιιειι
666 1517 873 1602 ιειιιροιιιιιι
892 1505 1042 1578 totidem
1062 1519 1128 1579 εει.
1180 1504 1241 1578 Sic
1266 1519 1320 1578 est
1345 1519 1383 1578 ει

282 1623 343 1698 hic
360 1646 493 1706 versus,

380 1735 561 1833 Equitum
575 1733 739 1830 peditum
753 1733 882 1830 prelia
899 1733 974 1808 tela
988 1733 1068 1832 pilu
1079 1759 1240 1832 pugnus.

280 1851 378 1924 Nam
405 1849 543 1949 primus
566 1861 620 1920 est
640 1863 850 1942 anapaestus,
867 1849 1046 1924 secundus
1072 1849 1292 1947 pariambus,
1310 1861 1381 1920 ter·

280 1967 352 2039 tius
370 1963 561 2063 spondeus,
580 1976 728 2058 quartus
741 1965 961 2062 pariambus,
976 1963 1121 2038 ¹deindc
1136 1966 1215 2040 loco
1231 1963 1380 2064 spondei

281 2095 318 2154 ει
336 2078 522 2179 pariambi,
539 2091 663 2152 contra
681 2105 789 2177 quam
820 2081 1017 2155 ionicorum
1036 2079 1128 2154 ratio
1144 2085 1291 2178 patitur,
1307 2079 1382 2152 duo

280 2195 438 2284 tmchaei,
455 2193 518 2293 qui
536 2208 657 2270 tamen
676 2221 845 2272 mensura
861 2211 1068 2297 temporum
1090 2195 1238 2295 spondei
1257 2223 1299 2269 ac
1316 2221 1380 2294 pa·

280 2313 408 2386 riambi
435 2311 590 2411 spatium
610 2325 813 2409 exaequant,
829 2339 911 2386 cum
941 2311 1098 2386 habeant
1124 2311 1216 2384 inter
1237 2337 1275 2384 se
1292 2310 1381 2384 duas

280 2429 405 2527 longas
431 2453 473 2500 ac
498 2426 649 2502 totidem
673 2429 807 2500 breves.
860 2425 1037 2500 mDesinit
1062 2439 1183 2499 autem
1211 2423 1382 2525 spondeo,

281 2543 389 2640 ¹'quia
406 2554 546 2616 constat
569 2569 615 2616 ex
641 2542 768 2640 longis,
786 2541 841 2614 vel
860 2541 946 2638 quia
964 2540 1082 2614 omnis
1099 2539 1277 2638 depositio
1294 2539 1382 2612 reci-

238 2691 267 2738 ,3
280 2659 334 2758 pit
352 2683 502 2732 moram.
553 2661 676 2757 ⁰Lego
693 2671 862 2756 praeterea
880 2654 974 2754 apud
993 2653 1167 2752 quosdam
1183 2654 1379 2727 Sotadeum

280 2773 465 2846 admisisse
491 2774 527 2846 in
556 2773 634 2848 loco
651 2772 799 2846 trochaei
822 2771 1042 2870 tribrachyn,
1060 2784 1187 2870 utpote
1214 2797 1382 2844 mensura

279 2901 485 2987 temporum
511 2914 648 2987 parem,
667 2901 706 2960 ut
723 2901 779 2960 est
802 2887 861 2960 hic
879 2911 1013 2972 versus,
1030 2885 1092 2984 qui
1118 2885 1210 2985 pede
1236 2884 1382 2984 dactylo

280 3003 428 3101 incipit:
457 3007 557 3096 (nam
577 3003 736 3078 studium
755 3002 864 3076 estid
883 3027 1028 3099 quoque
1045 3000 1244 3086 ostendere,
1255 3027 1382 3097 quem-

279 3118 475 3194 admodum
502 3118 668 3217 dactylus
695 3119 729 3192 in
754 3117 967 3192 rsotadium
993 3129 1147 3190 uretrum
1176 3115 1308 3200 veniat,
1334 3141 1380 3188 cx

280 3259 352 3329 quo
369 3246 520 3330 uterque
541 3233 691 3324 ionicus,
708 3247 874 3335 utsupra
896 3233 1068 3324 diximus,
1086 3247 1209 3306 manat
1221 3239 1246 3328 ε)
1273 3231 1381 3328 hujus

280 3348 501 3446 exemplum,

382 3462 509 3536 Dies'te
524 3489 614 3562 rogo
629 3490 691 3540 vor
708 3464 817 3538 dicite
833 3462 924 3563 quid
939 3463 993 3536 itu
1010 3463 1158 3560 rapitur
1174 3461 1289 3535 Arrio.
1310 3445 1312 3453 ⁵

279 3575 378 3652 Nam
397 3577 535 3676 primus
552 3591 607 3651 est
624 3577 800 3677 dactylus,
818 3577 994 3652 secundus
1017 3577 1236 3677 pariambus,
1255 3576 1381 3650 tertius

280 3691 471 3791 spondeus,
487 3707 635 3790 quartus
660 3693 879 3793 pariambus,
896 3693 1044 3791 quintus
1071 3692 1284 3791 tribrachys,
1300 3718 1382 3764 sex-

280 3823 338 3882 tus
356 3807 569 3906 tribrachys,
589 3808 738 3884 ultimus
764 3809 955 3910 spondeus.
1008 3809 1118 3884 Unde
1142 3807 1239 3882 haud
1265 3809 1382 3882 inme-

281 3923 349 3996 rito
366 3937 403 3996 et
420 3921 607 3996 Sotadium
628 3937 783 3998 metrum
802 3951 847 4000 ex
865 3923 1045 4024 dactylico
1063 3925 1273 3998 hexametro
1290 3922 1383 3996 deri·

281 4038 352 4112 vari
371 4037 563 4111 manifesta
580 4065 698 4113 rerum
719 4039 976 4139 adprobatione
993 4037 1231 4112 contenderis.

319 4301 458 4381 ldeinde]
471 4290 515 4364 ᾖ
535 4307 567 4363 Ρ.
670 4315 695 4348 ¹¹¹
709 4303 837 4424 Βεείιιὶιι]
854 4304 958 4365 Desint
973 4305 1008 4364 P.
1119 4313 1135 4346 ¹²
1149 4303 1229 4381 quia]
1248 4322 1333 4381 quam
1349 4303 1381 4361 P.

280 4433 387 4512 οΙιεςο
401 4433 733 4512 preterea-admisisse]
751 4434 830 4517 Lego
843 4429 1154 4518 ppterea—admissum
1171 4433 1201 4490 P.
1274 4443 1381 4490 raom·

280 4513 387 4588 dicum]
403 4516 543 4576 sotadium
559 4517 591 4576 P.
606 4529 636 4574 et
646 4515 727 4574 infru
