3124 5120
293 385 364 462 160
677 382 798 458 Morii
817 381 1004 458 Victorini
1239 403 1313 455 ers.
1332 405 1393 455 ιιι.
1553 457 1554 464 ἵ

288 567 409 644 tractis
427 567 637 640 hexametro
655 592 727 639 non
747 580 788 640 ut
805 566 987 664 superiore
1005 563 1156 648 ultimis,
1174 563 1236 636 sed
1263 563 1392 664 primis

287 683 429 757 duobus
447 681 868 780 pedibus,5tetrametros
888 679 1096 776 hujusmodi
1110 677 1268 769 induxit,
1278 680 1392 771 velut,

439 797 635 870 Domoetos
653 806 689 870 et
711 795 865 896 Insctins
881 794 1018 894 AEgon

287 910 449 1010 dempto,

442 1021 655 1097 Contobnnt
672 1022 763 1096 mihi

288 1137 387 1236 quod
404 1151 460 1212 eat
477 1139 604 1236 δίμοιρον
621 1136 737 1211 benit:
763 1137 864 1226 item,

439 1253 494 1326 Et
510 1253 619 1352 longo
630 1261 715 1348 post
732 1261 891 1349 tempore
906 1253 1006 1326 uenit

290 1371 445 1458 sublato,

440 1485 617 1582 Respexit
633 1493 755 1557 tomen

247 1633 273 1668 n
290 1600 396 1674 aliam
425 1598 531 1697 epodi
558 1598 716 1698 speciem
741 1597 959 1686 informavit,
987 1624 1008 1670 e
1035 1624 1108 1695 quo
1135 1623 1265 1698 genere
1293 1596 1392 1696 apud

290 1712 487 1786 Horatium
505 1713 594 1784 tales
611 1712 718 1810 epodi
736 1710 968 1802 inducuntur,
985 1723 1026 1785 ut
1044 1711 1081 1784 in
1099 1712 1173 1801 illo,
1309 1703 1315 1715 ’

342 1825 568 1900 Laudabunt
585 1824 652 1898 olii
669 1825 807 1900 clerum
827 1827 982 1900 Rhodon
998 1837 1064 1900 ont
1081 1827 1303 1927 Mitylenen,

289 1941 348 2015 cui
367 1940 577 2013 hexametro
593 1941 709 2014 'hanc
726 1941 868 2040 epodon
887 1939 1059 2028 subdidit,

344 2051 459 2156 [⁸Ant
475 2053 680 2157 Ephesum]
703 2055 896 2131 bimarisve
912 2056 1109 2131 bCorinthi

290 2183 332 2244 ut
349 2168 509 2242 diximus
526 2195 546 2240 e
564 2182 772 2243 tetrametro
789 2171 1050 2271 compositam:
1078 2171 1223 2259 dehinc,

340 2282 497 2369 Moenio,
514 2283 574 2358 vel
588 2284 734 2359 Boccho
753 2285 905 2373 Plsebos,
921 2285 982 2360 nel
996 2285 1171 2384 Apolline
1187 2284 1355 2382 Delphos

444 2511 605 2612 Insignis
621 2524 687 2588 unt
707 2515 883 2589 Thessalo
904 2517 1047 2616 Tempe.

249 2627 422 2726 ultaque
439 2627 489 2700 ”si
507 2629 642 2728 primos
660 2628 750 2704 duos
768 2629 886 2730 epodo
903 2632 1014 2730 pedes
1032 2629 1191 2726 adjicias,
1202 2631 1266 2704 fiet
1280 2629 1393 2704 hexa-

291 2755 406 2815 meter
423 2743 516 2832 talis,
534 2757 577 2816 ut
592 2743 629 2816 in
643 2745 784 2830 eodem,

342 2855 570 2932 Laudabunt
586 2858 654 2932 olii
670 2859 809 2932 clorom
828 2859 981 2934 Rhodon
998 2869 1066 2933 ont
1084 2857 1303 2957 Mitylenen,

342 2969 385 3044 Si
396 2969 642 3070 prcfinlsceris
658 2983 725 3047 ont
741 2975 911 3072 Epheson
929 2975 1119 3048 bimarisve
1139 2972 1305 3047 Corinthi

341 3084 498 3176 Maenio,
514 3075 575 3162 vel
589 3087 735 3162 Boccho
759 3089 912 3178 Thebas,
929 3089 989 3162 vel
1003 3088 1182 3186 Apolline
1198 3087 1364 3185 Delphos

341 3199 511 3297 Aspicies
527 3203 648 3300 magis
664 3204 903 3302 insignisset
926 3203 1102 3278 Thessalo
1127 3205 1268 3300 Tempe.

250 3345 278 3394 ¹³
292 3314 396 3390 Idem
410 3314 650 3388 Archilochus
667 3318 877 3414 penultimis
892 3320 991 3392 heroi
1007 3319 1206 3392 hexametri
1224 3317 1390 3416 partibus

292 3425 431 3522 adjecta
456 3427 594 3526 syllaba
615 3429 821 3526 hujusmodi
840 3459 981 3506 versum
1009 3433 1168 3522 induxit,
1184 3432 1246 3530 qui
1272 3443 1391 3503 metro

291 3541 494 3642 ⁰⁰phallico,
508 3541 544 3615 id
562 3555 617 3616 est
632 3545 747 3618 tribus
757 3547 923 3620 trocheis
937 3547 1086 3633 ultimis,
1100 3545 1336 3632 clauderetur,
1348 3561 1392 3618 ut

291 3671 358 3747 est,

341 3772 400 3848 At
416 3773 505 3847 tribu
521 3772 724 3846 terribilem
740 3774 897 3849 sonitum
916 3776 1015 3850 dedit
1031 3801 1100 3850 cre
1117 3800 1259 3848 canoro.

289 3886 443 3986 Adjecta
459 3885 577 3961 denim
597 3901 680 3961 ante
699 3888 846 3962 ultimos
863 3890 973 3990 pedes
989 3890 1056 3964 scd
1071 3890 1222 3988 syllaba,
1238 3889 1313 3973 fiet,

330 4154 552 4226 ttetrametros]
569 4163 764 4212 tetrametrum
781 4154 813 4210 P.
909 4151 1125 4231 ¹compositum
1142 4163 1306 4210 tetrametro
1318 4171 1391 4230 epo-

291 4231 349 4290 don
363 4231 455 4306 addit]
471 4233 545 4290 hanc
560 4233 684 4312 epodum
699 4232 826 4292 subdidit
839 4233 871 4291 P.
1024 4243 1040 4276 ⁸
1053 4234 1111 4290 hut
1118 4233 1266 4310 Ephesum
1280 4251 1338 4290 om.
1354 4233 1388 4290 P.

291 4309 308 4356 b
331 4311 475 4388 Corinthi]
503 4312 643 4370 Corinthi.
699 4315 742 4372 Ut
765 4313 887 4371 diximus
910 4331 926 4371 e
950 4323 1116 4371 tetrametro
1142 4311 1330 4388 compositam
1356 4313 1389 4369 P.

292 4402 305 4434 ⁰
319 4392 406 4469 pedes
419 4391 442 4450 si
457 4393 562 4469 primos
575 4393 647 4451 duos
658 4393 774 4472 Epodo]
786 4392 809 4450 si
825 4392 933 4471 primus
946 4391 1079 4470 duepodo
1094 4391 1180 4468 pedes
1194 4393 1225 4450 P.
1266 4401 1294 4434 ω
1307 4391 1390 4469 phal-

291 4471 360 4548 lico]
378 4471 513 4552 phalesio
528 4473 602 4552 vulg.
615 4485 646 4532 et
661 4473 701 4533 sic
715 4491 781 4532 mox
795 4473 905 4552 sepius.
987 4468 1109 4547 desim]
1127 4469 1197 4530 nihil
1212 4471 1246 4530 P.
