<?xml version="1.0" encoding="UTF-8"?>
<!DOCTYPE html PUBLIC "-//W3C//DTD XHTML 1.0 Transitional//EN"
    "http://www.w3.org/TR/xhtml1/DTD/xhtml1-transitional.dtd">
<html xmlns="http://www.w3.org/1999/xhtml" xml:lang="en" lang="en">
 <head>
  <title>
</title>
<meta http-equiv="Content-Type" content="text/html;charset=utf-8" />
  <meta name='ocr-system' content='tesseract 3.04.00' />
  <meta name='ocr-capabilities' content='ocr_page ocr_carea ocr_par ocr_line ocrx_word'/>
</head>
<body>
  <div class='ocr_page' id='page_1' title='image "./scriptoreslatin00gaisgoog_0366.png"; bbox 0 0 3100 5142; ppageno 0'>
   <div class='ocr_carea' id='block_1_1' title="bbox 285 365 1389 444">
    <p class='ocr_par' dir='ltr' id='par_1_1' title="bbox 285 365 1389 444">
     <span class='ocr_line' id='line_1_1' title="bbox 285 365 1389 444; baseline -0.007 0"><span class='ocrx_word' id='word_1_1' title='bbox 285 385 359 444; x_wconf 73' lang='grc'><strong>348</strong></span> <span class='ocrx_word' id='word_1_2' title='bbox 636 367 751 440; x_wconf 78' lang='lat' dir='ltr'><strong>Atilii</strong></span> <span class='ocrx_word' id='word_1_3' title='bbox 767 365 1025 442; x_wconf 62' lang='lat' dir='ltr'><strong>Fortunarum</strong></span> <span class='ocrx_word' id='word_1_4' title='bbox 1248 387 1335 438; x_wconf 76' lang='lat' dir='ltr'><strong>rau.</strong></span> <span class='ocrx_word' id='word_1_5' title='bbox 1347 389 1389 438; x_wconf 81' lang='grc' dir='ltr'><strong>ιι.</strong></span> 
     </span>
    </p>
   </div>
   <div class='ocr_carea' id='block_1_2' title="bbox 263 551 1399 2694">
    <p class='ocr_par' dir='ltr' id='par_1_2' title="bbox 263 551 1399 2694">
     <span class='ocr_line' id='line_1_2' title="bbox 288 551 1392 652; baseline -0.005 -24"><span class='ocrx_word' id='word_1_6' title='bbox 288 581 369 652; x_wconf 80' lang='lat' dir='ltr'><strong>quae</strong></span> <span class='ocrx_word' id='word_1_7' title='bbox 391 551 597 652; x_wconf 82' lang='lat' dir='ltr'><strong>supradixi</strong></span> <span class='ocrx_word' id='word_1_8' title='bbox 621 551 862 650; x_wconf 83' lang='lat' dir='ltr'>permixtione</span> <span class='ocrx_word' id='word_1_9' title='bbox 879 569 993 625; x_wconf 89' lang='lat' dir='ltr'><strong>metra</strong></span> <span class='ocrx_word' id='word_1_10' title='bbox 1019 565 1082 626; x_wconf 89' lang='lat' dir='ltr'><strong>aut</strong></span> <span class='ocrx_word' id='word_1_11' title='bbox 1106 551 1201 625; x_wconf 85' lang='lat' dir='ltr'><strong>l&#39;acta</strong></span> <span class='ocrx_word' id='word_1_12' title='bbox 1225 551 1311 638; x_wconf 91' lang='lat' dir='ltr'><strong>sint,</strong></span> <span class='ocrx_word' id='word_1_13' title='bbox 1328 563 1392 622; x_wconf 86' lang='lat' dir='ltr'><strong>aut</strong></span> 
     </span>
     <span class='ocr_line' id='line_1_3' title="bbox 263 665 1394 767; baseline -0.004 -26"><span class='ocrx_word' id='word_1_14' title='bbox 263 667 366 742; x_wconf 70' lang='lat' dir='ltr'><strong>alleri</strong></span> <span class='ocrx_word' id='word_1_15' title='bbox 395 666 513 740; x_wconf 87' lang='lat' dir='ltr'><strong>adhuc</strong></span> <span class='ocrx_word' id='word_1_16' title='bbox 541 665 690 764; x_wconf 79' lang='lat' dir='ltr'>possint.</span> <span class='ocrx_word' id='word_1_17' title='bbox 742 665 792 740; x_wconf 89' lang='lat' dir='ltr'><strong>Et</strong></span> <span class='ocrx_word' id='word_1_18' title='bbox 815 666 934 767; x_wconf 91' lang='lat' dir='ltr'><strong>primo</strong></span> <span class='ocrx_word' id='word_1_19' title='bbox 959 668 1107 764; x_wconf 89' lang='lat' dir='ltr'><strong>quidem</strong></span> <span class='ocrx_word' id='word_1_20' title='bbox 1133 667 1178 740; x_wconf 86' lang='lat' dir='ltr'><strong>de</strong></span> <span class='ocrx_word' id='word_1_21' title='bbox 1204 679 1394 765; x_wconf 89' lang='lat' dir='ltr'><strong>pentame-</strong></span> 
     </span>
     <span class='ocr_line' id='line_1_4' title="bbox 290 779 1393 882; baseline -0.002 -26"><span class='ocrx_word' id='word_1_22' title='bbox 290 801 345 856; x_wconf 91' lang='lat' dir='ltr'><strong>tro</strong></span> <span class='ocrx_word' id='word_1_23' title='bbox 362 779 513 882; x_wconf 84' lang='lat' dir='ltr'><strong>apodico</strong></span> <span class='ocrx_word' id='word_1_24' title='bbox 525 780 656 866; x_wconf 90' lang='lat' dir='ltr'><strong>dicam,</strong></span> <span class='ocrx_word' id='word_1_25' title='bbox 671 783 727 874; x_wconf 90' lang='lat' dir='ltr'><strong>(ut</strong></span> <span class='ocrx_word' id='word_1_26' title='bbox 744 781 788 854; x_wconf 94' lang='lat' dir='ltr'><strong>ad</strong></span> <span class='ocrx_word' id='word_1_27' title='bbox 807 781 909 854; x_wconf 90' lang='lat' dir='ltr'><strong>initia</strong></span> <span class='ocrx_word' id='word_1_28' title='bbox 925 782 1126 872; x_wconf 79' lang='lat' dir='ltr'>redeamus,</span> <span class='ocrx_word' id='word_1_29' title='bbox 1139 807 1223 856; x_wconf 88' lang='lat' dir='ltr'><strong>uam</strong></span> <span class='ocrx_word' id='word_1_30' title='bbox 1237 795 1276 854; x_wconf 91' lang='lat' dir='ltr'><strong>et</strong></span> <span class='ocrx_word' id='word_1_31' title='bbox 1293 782 1353 854; x_wconf 91' lang='lat' dir='ltr'><strong>hic</strong></span> <span class='ocrx_word' id='word_1_32' title='bbox 1371 808 1393 854; x_wconf 84' lang='lat' dir='ltr'><strong>a</strong></span> 
     </span>
     <span class='ocr_line' id='line_1_5' title="bbox 290 895 1392 996; baseline -0.002 -26"><span class='ocrx_word' id='word_1_33' title='bbox 290 897 434 996; x_wconf 80' lang='lat' dir='ltr'>dactylo</span> <span class='ocrx_word' id='word_1_34' title='bbox 451 896 660 992; x_wconf 70' lang='lat' dir='ltr'><strong>tnascitur,)</strong></span> <span class='ocrx_word' id='word_1_35' title='bbox 674 895 778 994; x_wconf 89' lang='lat' dir='ltr'><strong>cujus</strong></span> <span class='ocrx_word' id='word_1_36' title='bbox 790 895 919 970; x_wconf 87' lang='lat' dir='ltr'><strong>divisio</strong></span> <span class='ocrx_word' id='word_1_37' title='bbox 935 895 1070 996; x_wconf 83' lang='lat' dir='ltr'>duplex</span> <span class='ocrx_word' id='word_1_38' title='bbox 1089 897 1252 972; x_wconf 82' lang='lat' dir='ltr'><strong>traditur.</strong></span> <span class='ocrx_word' id='word_1_39' title='bbox 1290 897 1392 970; x_wconf 88' lang='lat' dir='ltr'><strong>Nam</strong></span> 
     </span>
     <span class='ocr_line' id='line_1_6' title="bbox 291 1011 1395 1114; baseline -0.001 -29"><span class='ocrx_word' id='word_1_40' title='bbox 291 1013 417 1114; x_wconf 81' lang='lat' dir='ltr'><strong>primae</strong></span> <span class='ocrx_word' id='word_1_41' title='bbox 434 1011 511 1110; x_wconf 89' lang='lat' dir='ltr'><strong>ejus</strong></span> <span class='ocrx_word' id='word_1_42' title='bbox 532 1027 650 1112; x_wconf 86' lang='lat' dir='ltr'><strong>partes</strong></span> <span class='ocrx_word' id='word_1_43' title='bbox 667 1011 747 1086; x_wconf 82' lang='lat' dir='ltr'><strong>duae</strong></span> <span class='ocrx_word' id='word_1_44' title='bbox 771 1011 880 1113; x_wconf 88' lang='lat' dir='ltr'><strong>pedes</strong></span> <span class='ocrx_word' id='word_1_45' title='bbox 898 1039 941 1086; x_wconf 85' lang='lat' dir='ltr'><strong>ex</strong></span> <span class='ocrx_word' id='word_1_46' title='bbox 960 1012 1142 1112; x_wconf 90' lang='lat' dir='ltr'><strong>dactylico</strong></span> <span class='ocrx_word' id='word_1_47' title='bbox 1158 1029 1196 1086; x_wconf 91' lang='lat' dir='ltr'><strong>et</strong></span> <span class='ocrx_word' id='word_1_48' title='bbox 1218 1013 1395 1112; x_wconf 78' lang='lat' dir='ltr'><strong>spondeo,</strong></span> 
     </span>
     <span class='ocr_line' id='line_1_7' title="bbox 292 1127 1394 1218; baseline -0.005 -15"><span class='ocrx_word' id='word_1_49' title='bbox 292 1129 353 1204; x_wconf 89' lang='lat' dir='ltr'><strong>sed</strong></span> <span class='ocrx_word' id='word_1_50' title='bbox 388 1129 483 1202; x_wconf 89' lang='lat' dir='ltr'><strong>varie</strong></span> <span class='ocrx_word' id='word_1_51' title='bbox 513 1127 768 1201; x_wconf 68' lang='lat' dir='ltr'><strong>&#39;commutatis</strong></span> <span class='ocrx_word' id='word_1_52' title='bbox 795 1127 944 1218; x_wconf 89' lang='lat' dir='ltr'><strong>vicibus,</strong></span> <span class='ocrx_word' id='word_1_53' title='bbox 974 1127 1240 1213; x_wconf 77' lang='lat' dir='ltr'><strong>inveniuntur3&#39;</strong></span> <span class='ocrx_word' id='word_1_54' title='bbox 1265 1128 1394 1200; x_wconf 86' lang='lat' dir='ltr'><strong>tertius</strong></span> 
     </span>
     <span class='ocr_line' id='line_1_8' title="bbox 293 1243 1396 1346; baseline -0.006 -26"><span class='ocrx_word' id='word_1_55' title='bbox 293 1245 484 1346; x_wconf 84' lang='lat' dir='ltr'><strong>spondeus,</strong></span> <span class='ocrx_word' id='word_1_56' title='bbox 509 1247 559 1318; x_wconf 91' lang='lat' dir='ltr'><strong>ita</strong></span> <span class='ocrx_word' id='word_1_57' title='bbox 586 1257 625 1318; x_wconf 92' lang='lat' dir='ltr'><strong>ut</strong></span> <span class='ocrx_word' id='word_1_58' title='bbox 651 1244 768 1342; x_wconf 90' lang='lat' dir='ltr'><strong>prima</strong></span> <span class='ocrx_word' id='word_1_59' title='bbox 791 1243 867 1340; x_wconf 86' lang='lat' dir='ltr'><strong>ejus</strong></span> <span class='ocrx_word' id='word_1_60' title='bbox 891 1243 1030 1341; x_wconf 82' lang='lat' dir='ltr'>syllaba</span> <span class='ocrx_word' id='word_1_61' title='bbox 1056 1243 1329 1316; x_wconf 77' lang='lat' dir='ltr'><strong>hemistichium</strong></span> <span class='ocrx_word' id='word_1_62' title='bbox 1355 1259 1396 1313; x_wconf 92' lang='lat' dir='ltr'><strong>et</strong></span> 
     </span>
     <span class='ocr_line' id='line_1_9' title="bbox 293 1357 1394 1462; baseline -0.005 -28"><span class='ocrx_word' id='word_1_63' title='bbox 293 1377 431 1462; x_wconf 90' lang='lat' dir='ltr'><strong>partem</strong></span> <span class='ocrx_word' id='word_1_64' title='bbox 450 1359 620 1432; x_wconf 89' lang='lat' dir='ltr'><strong>orationis</strong></span> <span class='ocrx_word' id='word_1_65' title='bbox 633 1359 768 1448; x_wconf 65' lang='lat' dir='ltr'><strong>‘finiat</strong></span> <span class='ocrx_word' id='word_1_66' title='bbox 779 1385 932 1457; x_wconf 88' lang='lat' dir='ltr'><strong>sequens</strong></span> <span class='ocrx_word' id='word_1_67' title='bbox 946 1359 1197 1432; x_wconf 85' lang='lat' dir='ltr'><strong>hemistichius</strong></span> <span class='ocrx_word' id='word_1_68' title='bbox 1210 1357 1394 1458; x_wconf 87' lang='lat' dir='ltr'><strong>sequentis</strong></span> 
     </span>
     <span class='ocr_line' id='line_1_10' title="bbox 292 1473 1393 1578; baseline -0.005 -28"><span class='ocrx_word' id='word_1_69' title='bbox 292 1491 430 1578; x_wconf 86' lang='lat' dir='ltr'><strong>partem</strong></span> <span class='ocrx_word' id='word_1_70' title='bbox 454 1474 623 1548; x_wconf 90' lang='lat' dir='ltr'><strong>orationis</strong></span> <span class='ocrx_word' id='word_1_71' title='bbox 647 1475 807 1574; x_wconf 81' lang='lat' dir='ltr'><strong>incipiat.</strong></span> <span class='ocrx_word' id='word_1_72' title='bbox 858 1473 1003 1548; x_wconf 84' lang='lat' dir='ltr'><strong>Deinde</strong></span> <span class='ocrx_word' id='word_1_73' title='bbox 1030 1488 1146 1548; x_wconf 80' lang='lat' dir='ltr'><strong>niutat</strong></span> <span class='ocrx_word' id='word_1_74' title='bbox 1174 1474 1393 1575; x_wconf 79' lang='lat' dir='ltr'><strong>dactylicam</strong></span> 
     </span>
     <span class='ocr_line' id='line_1_11' title="bbox 293 1587 1393 1689; baseline -0.006 -23"><span class='ocrx_word' id='word_1_75' title='bbox 293 1593 535 1666; x_wconf 91' lang='lat' dir='ltr'><strong>conditionem</strong></span> <span class='ocrx_word' id='word_1_76' title='bbox 551 1605 587 1663; x_wconf 89' lang='lat' dir='ltr'><strong>et</strong></span> <span class='ocrx_word' id='word_1_77' title='bbox 603 1591 731 1666; x_wconf 87' lang='lat' dir='ltr'><strong>transit</strong></span> <span class='ocrx_word' id='word_1_78' title='bbox 748 1591 784 1664; x_wconf 89' lang='lat' dir='ltr'><strong>in</strong></span> <span class='ocrx_word' id='word_1_79' title='bbox 799 1589 1158 1689; x_wconf 41' lang='lat' dir='ltr'><strong>anapoesticam,¹nam</strong></span> <span class='ocrx_word' id='word_1_80' title='bbox 1167 1591 1246 1687; x_wconf 89' lang='lat' dir='ltr'><strong>jam</strong></span> <span class='ocrx_word' id='word_1_81' title='bbox 1261 1587 1393 1662; x_wconf 83' lang='lat' dir='ltr'><strong>residui</strong></span> 
     </span>
     <span class='ocr_line' id='line_1_12' title="bbox 266 1703 1396 1804; baseline -0.006 -22"><span class='ocrx_word' id='word_1_82' title='bbox 266 1723 399 1782; x_wconf 83' lang='lat' dir='ltr'><strong>serunt</strong></span> <span class='ocrx_word' id='word_1_83' title='bbox 428 1705 500 1780; x_wconf 94' lang='lat' dir='ltr'><strong>duo</strong></span> <span class='ocrx_word' id='word_1_84' title='bbox 530 1706 716 1804; x_wconf 87' lang='lat' dir='ltr'><strong>anapaesti.</strong></span> <span class='ocrx_word' id='word_1_85' title='bbox 780 1708 857 1780; x_wconf 90' lang='lat' dir='ltr'><strong>Aut</strong></span> <span class='ocrx_word' id='word_1_86' title='bbox 886 1706 979 1780; x_wconf 91' lang='lat' dir='ltr'><strong>sicut</strong></span> <span class='ocrx_word' id='word_1_87' title='bbox 1008 1705 1127 1778; x_wconf 89' lang='lat' dir='ltr'><strong>media</strong></span> <span class='ocrx_word' id='word_1_88' title='bbox 1156 1731 1291 1778; x_wconf 85' lang='lat' dir='ltr'><strong>coesura</strong></span> <span class='ocrx_word' id='word_1_89' title='bbox 1320 1703 1396 1778; x_wconf 90' lang='lat' dir='ltr'><strong>duo</strong></span> 
     </span>
     <span class='ocr_line' id='line_1_13' title="bbox 294 1819 1397 1924; baseline -0.006 -27"><span class='ocrx_word' id='word_1_90' title='bbox 294 1821 604 1924; x_wconf 83' lang='lat' dir='ltr'><strong>bpenthemimere</strong></span> <span class='ocrx_word' id='word_1_91' title='bbox 621 1821 769 1924; x_wconf 84' lang='lat' dir='ltr'><strong>dividat,</strong></span> <span class='ocrx_word' id='word_1_92' title='bbox 788 1822 824 1894; x_wconf 89' lang='lat' dir='ltr'><strong>in</strong></span> <span class='ocrx_word' id='word_1_93' title='bbox 844 1821 962 1921; x_wconf 88' lang='lat' dir='ltr'><strong>primo</strong></span> <span class='ocrx_word' id='word_1_94' title='bbox 980 1822 1075 1894; x_wconf 89' lang='lat' dir='ltr'><strong>varie</strong></span> <span class='ocrx_word' id='word_1_95' title='bbox 1097 1820 1224 1922; x_wconf 90' lang='lat' dir='ltr'><strong>positis</strong></span> <span class='ocrx_word' id='word_1_96' title='bbox 1242 1819 1397 1920; x_wconf 85' lang='lat' dir='ltr'><strong>pedibus</strong></span> 
     </span>
     <span class='ocr_line' id='line_1_14' title="bbox 296 1935 1395 2038; baseline -0.005 -26"><span class='ocrx_word' id='word_1_97' title='bbox 296 1953 336 2012; x_wconf 93' lang='lat' dir='ltr'><strong>ut</strong></span> <span class='ocrx_word' id='word_1_98' title='bbox 352 1937 441 2026; x_wconf 86' lang='lat' dir='ltr'><strong>dixi,</strong></span> <span class='ocrx_word' id='word_1_99' title='bbox 458 1938 494 2008; x_wconf 90' lang='lat' dir='ltr'><strong>in</strong></span> <span class='ocrx_word' id='word_1_100' title='bbox 513 1937 671 2010; x_wconf 91' lang='lat' dir='ltr'><strong>secundo</strong></span> <span class='ocrx_word' id='word_1_101' title='bbox 688 1965 831 2038; x_wconf 80' lang='lat' dir='ltr'><strong>semper</strong></span> <span class='ocrx_word' id='word_1_102' title='bbox 847 1937 921 2011; x_wconf 91' lang='lat' dir='ltr'><strong>duo</strong></span> <span class='ocrx_word' id='word_1_103' title='bbox 936 1937 1070 2035; x_wconf 83' lang='lat' dir='ltr'><strong>dactyli</strong></span> <span class='ocrx_word' id='word_1_104' title='bbox 1089 1950 1205 2008; x_wconf 88' lang='lat' dir='ltr'><strong>eruut.</strong></span> <span class='ocrx_word' id='word_1_105' title='bbox 1240 1935 1395 2008; x_wconf 88' lang='lat' dir='ltr'><strong>Dictum</strong></span> 
     </span>
     <span class='ocr_line' id='line_1_15' title="bbox 295 2051 1397 2154; baseline -0.003 -30"><span class='ocrx_word' id='word_1_106' title='bbox 295 2052 599 2154; x_wconf 85' lang='lat' dir='ltr'><strong>penthemimeres</strong></span> <span class='ocrx_word' id='word_1_107' title='bbox 617 2053 739 2151; x_wconf 76' lang='lat' dir='ltr'><strong>cquasi</strong></span> <span class='ocrx_word' id='word_1_108' title='bbox 757 2065 812 2126; x_wconf 77' lang='grc' dir='ltr'><strong>τῶν</strong></span> <span class='ocrx_word' id='word_1_109' title='bbox 828 2053 918 2126; x_wconf 73' lang='grc' dir='ltr'><strong><em>πέντε</em></strong></span> <span class='ocrx_word' id='word_1_110' title='bbox 936 2051 970 2126; x_wconf 73' lang='lat' dir='ltr'><strong>ri</strong></span> <span class='ocrx_word' id='word_1_111' title='bbox 986 2051 1096 2147; x_wconf 73' lang='grc' dir='ltr'><strong><em>ἥμισυ.</em></strong></span> <span class='ocrx_word' id='word_1_112' title='bbox 1150 2051 1275 2124; x_wconf 82' lang='lat' dir='ltr'><strong>Habet</strong></span> <span class='ocrx_word' id='word_1_113' title='bbox 1296 2051 1397 2122; x_wconf 89' lang='lat' dir='ltr'><strong>enim</strong></span> 
     </span>
     <span class='ocr_line' id='line_1_16' title="bbox 297 2165 1399 2270; baseline -0.005 -27"><span class='ocrx_word' id='word_1_114' title='bbox 297 2197 377 2270; x_wconf 83' lang='lat' dir='ltr'><strong>pars</strong></span> <span class='ocrx_word' id='word_1_115' title='bbox 404 2169 521 2270; x_wconf 89' lang='lat' dir='ltr'><strong>prima</strong></span> <span class='ocrx_word' id='word_1_116' title='bbox 544 2167 635 2242; x_wconf 91' lang='lat' dir='ltr'><strong>duos</strong></span> <span class='ocrx_word' id='word_1_117' title='bbox 660 2169 769 2270; x_wconf 88' lang='lat' dir='ltr'><strong>pedes</strong></span> <span class='ocrx_word' id='word_1_118' title='bbox 795 2185 832 2242; x_wconf 90' lang='lat' dir='ltr'><strong>et</strong></span> <span class='ocrx_word' id='word_1_119' title='bbox 854 2171 1027 2268; x_wconf 86' lang='lat' dir='ltr'><strong>syllabam</strong></span> <span class='ocrx_word' id='word_1_120' title='bbox 1058 2181 1197 2268; x_wconf 90' lang='lat' dir='ltr'><strong>partem</strong></span> <span class='ocrx_word' id='word_1_121' title='bbox 1226 2165 1399 2242; x_wconf 83' lang='lat' dir='ltr'><strong>orationis</strong></span> 
     </span>
     <span class='ocr_line' id='line_1_17' title="bbox 297 2283 1347 2382; baseline -0.005 -23"><span class='ocrx_word' id='word_1_122' title='bbox 297 2285 496 2373; x_wconf 84' lang='lat' dir='ltr'><strong>finientem,</strong></span> <span class='ocrx_word' id='word_1_123' title='bbox 513 2283 692 2358; x_wconf 75' lang='lat' dir='ltr'><strong>dsecunda</strong></span> <span class='ocrx_word' id='word_1_124' title='bbox 710 2285 795 2358; x_wconf 88' lang='lat' dir='ltr'><strong>item</strong></span> <span class='ocrx_word' id='word_1_125' title='bbox 815 2285 979 2358; x_wconf 89' lang='lat' dir='ltr'><strong>similiter</strong></span> <span class='ocrx_word' id='word_1_126' title='bbox 994 2285 1128 2358; x_wconf 87' lang='lat' dir='ltr'><strong>divisa:</strong></span> <span class='ocrx_word' id='word_1_127' title='bbox 1147 2283 1265 2382; x_wconf 90' lang='lat' dir='ltr'><strong>prima</strong></span> <span class='ocrx_word' id='word_1_128' title='bbox 1282 2283 1347 2369; x_wconf 89' lang='lat' dir='ltr'><strong>sic,</strong></span> 
     </span>
     <span class='ocr_line' id='line_1_18' title="bbox 469 2401 1191 2487; baseline 0.001 -24"><span class='ocrx_word' id='word_1_129' title='bbox 469 2401 551 2464; x_wconf 75' lang='lat' dir='ltr'><strong>eHei</strong></span> <span class='ocrx_word' id='word_1_130' title='bbox 566 2401 644 2462; x_wconf 80' lang='lat' dir='ltr'><strong>mihi</strong></span> <span class='ocrx_word' id='word_1_131' title='bbox 659 2422 719 2487; x_wconf 83' lang='lat' dir='ltr'><strong>pao</strong></span> <span class='ocrx_word' id='word_1_132' title='bbox 733 2401 858 2466; x_wconf 84' lang='lat' dir='ltr'><strong>domino</strong></span> <span class='ocrx_word' id='word_1_133' title='bbox 875 2402 953 2486; x_wconf 78' lang='lat' dir='ltr'><strong>[nors</strong></span> <span class='ocrx_word' id='word_1_134' title='bbox 966 2402 1037 2466; x_wconf 70' lang='lat' dir='ltr'><strong>licet</strong></span> <span class='ocrx_word' id='word_1_135' title='bbox 1051 2402 1099 2465; x_wconf 82' lang='lat' dir='ltr'><strong>ire</strong></span> <span class='ocrx_word' id='word_1_136' title='bbox 1113 2401 1191 2483; x_wconf 75' lang='lat' dir='ltr'><strong>tun]</strong></span> 
     </span>
     <span class='ocr_line' id='line_1_19' title="bbox 297 2511 475 2602; baseline -0.006 -15"><span class='ocrx_word' id='word_1_137' title='bbox 297 2511 475 2602; x_wconf 88' lang='lat' dir='ltr'><strong>Secunda,</strong></span> 
     </span>
     <span class='ocr_line' id='line_1_20' title="bbox 471 2627 772 2694; baseline 0.017 -4"><span class='ocrx_word' id='word_1_138' title='bbox 471 2627 549 2692; x_wconf 85' lang='lat' dir='ltr'><strong>Non</strong></span> <span class='ocrx_word' id='word_1_139' title='bbox 563 2627 634 2692; x_wconf 81' lang='lat' dir='ltr'><strong>licet</strong></span> <span class='ocrx_word' id='word_1_140' title='bbox 647 2629 695 2691; x_wconf 82' lang='lat' dir='ltr'><strong>ire</strong></span> <span class='ocrx_word' id='word_1_141' title='bbox 709 2638 772 2694; x_wconf 83' lang='lat' dir='ltr'><strong>tuo.</strong></span> 
     </span>
    </p>
   </div>
   <div class='ocr_carea' id='block_1_3' title="bbox 272 2734 1402 3273">
    <p class='ocr_par' dir='ltr' id='par_1_3' title="bbox 272 2734 1402 3273">
     <span class='ocr_line' id='line_1_21' title="bbox 272 2734 1402 2839; baseline -0.004 -29"><span class='ocrx_word' id='word_1_142' title='bbox 272 2736 377 2818; x_wconf 77' lang='lat' dir='ltr'><strong>4Hic</strong></span> <span class='ocrx_word' id='word_1_143' title='bbox 393 2751 429 2811; x_wconf 90' lang='lat' dir='ltr'><strong>et</strong></span> <span class='ocrx_word' id='word_1_144' title='bbox 447 2737 570 2836; x_wconf 86' lang='lat' dir='ltr'><strong>elegus</strong></span> <span class='ocrx_word' id='word_1_145' title='bbox 588 2751 746 2828; x_wconf 89' lang='lat' dir='ltr'><strong>vocatur,</strong></span> <span class='ocrx_word' id='word_1_146' title='bbox 762 2739 907 2837; x_wconf 89' lang='lat' dir='ltr'><strong>quando</strong></span> <span class='ocrx_word' id='word_1_147' title='bbox 929 2739 1104 2839; x_wconf 87' lang='lat' dir='ltr'><strong>pervices</strong></span> <span class='ocrx_word' id='word_1_148' title='bbox 1123 2738 1232 2810; x_wconf 90' lang='lat' dir='ltr'><strong>heroo</strong></span> <span class='ocrx_word' id='word_1_149' title='bbox 1250 2734 1402 2831; x_wconf 89' lang='lat' dir='ltr'><strong>subjun-</strong></span> 
     </span>
     <span class='ocr_line' id='line_1_22' title="bbox 301 2853 1400 2953; baseline -0.002 -27"><span class='ocrx_word' id='word_1_150' title='bbox 301 2853 408 2952; x_wconf 88' lang='lat' dir='ltr'><strong>gitur,</strong></span> <span class='ocrx_word' id='word_1_151' title='bbox 427 2881 493 2927; x_wconf 91' lang='lat' dir='ltr'><strong>nec</strong></span> <span class='ocrx_word' id='word_1_152' title='bbox 512 2880 670 2926; x_wconf 89' lang='lat' dir='ltr'><strong>seorsum</strong></span> <span class='ocrx_word' id='word_1_153' title='bbox 690 2879 732 2926; x_wconf 88' lang='lat' dir='ltr'><strong>ac</strong></span> <span class='ocrx_word' id='word_1_154' title='bbox 752 2853 951 2930; x_wconf 89' lang='lat' dir='ltr'><strong>solitarium</strong></span> <span class='ocrx_word' id='word_1_155' title='bbox 969 2881 1114 2928; x_wconf 91' lang='lat' dir='ltr'><strong>carmen</strong></span> <span class='ocrx_word' id='word_1_156' title='bbox 1132 2853 1247 2928; x_wconf 89' lang='lat' dir='ltr'><strong>facere</strong></span> <span class='ocrx_word' id='word_1_157' title='bbox 1270 2865 1400 2953; x_wconf 90' lang='lat' dir='ltr'><strong>potest.</strong></span> 
     </span>
     <span class='ocr_line' id='line_1_23' title="bbox 302 2969 630 3070; baseline -0.003 -27"><span class='ocrx_word' id='word_1_158' title='bbox 302 2969 542 3070; x_wconf 86' lang='lat' dir='ltr'><strong>Subjungitur</strong></span> <span class='ocrx_word' id='word_1_159' title='bbox 559 2969 630 3042; x_wconf 85' lang='lat' dir='ltr'><strong>sic:</strong></span> 
     </span>
     <span class='ocr_line' id='line_1_24' title="bbox 475 3084 1194 3174; baseline 0.001 -25"><span class='ocrx_word' id='word_1_160' title='bbox 475 3084 637 3172; x_wconf 78' lang='lat' dir='ltr'><strong>Pasiphae</strong></span> <span class='ocrx_word' id='word_1_161' title='bbox 650 3087 742 3149; x_wconf 77' lang='lat' dir='ltr'><strong>niveo</strong></span> <span class='ocrx_word' id='word_1_162' title='bbox 750 3086 914 3174; x_wconf 66' lang='lat' dir='ltr'><strong>guadebat</strong></span> <span class='ocrx_word' id='word_1_163' title='bbox 928 3085 1076 3150; x_wconf 79' lang='lat' dir='ltr'><strong>adultera</strong></span> <span class='ocrx_word' id='word_1_164' title='bbox 1090 3095 1194 3164; x_wconf 82' lang='lat' dir='ltr'><strong>tauro,</strong></span> 
     </span>
     <span class='ocr_line' id='line_1_25' title="bbox 560 3187 1155 3273; baseline 0 -22"><span class='ocrx_word' id='word_1_165' title='bbox 560 3189 680 3252; x_wconf 81' lang='lat' dir='ltr'><strong>Invida</strong></span> <span class='ocrx_word' id='word_1_166' title='bbox 679 3189 847 3273; x_wconf 69' lang='lat' dir='ltr'><strong>firmaras</strong></span> <span class='ocrx_word' id='word_1_167' title='bbox 860 3187 969 3252; x_wconf 80' lang='lat' dir='ltr'><strong>oderat</strong></span> <span class='ocrx_word' id='word_1_168' title='bbox 983 3189 1039 3252; x_wconf 76' lang='lat' dir='ltr'><strong>illa</strong></span> <span class='ocrx_word' id='word_1_169' title='bbox 1053 3189 1155 3254; x_wconf 58' lang='lat' dir='ltr'><strong>boves</strong></span> 
     </span>
    </p>
   </div>
   <div class='ocr_carea' id='block_1_4' title="bbox 482 3387 1224 3502">
    <p class='ocr_par' dir='ltr' id='par_1_4' title="bbox 482 3387 1224 3502">
     <span class='ocr_line' id='line_1_26' title="bbox 482 3387 1224 3502; baseline 0.004 -33"><span class='ocrx_word' id='word_1_170' title='bbox 482 3389 584 3470; x_wconf 78' lang='lat' dir='ltr'><strong>Car.</strong></span> <span class='ocrx_word' id='word_1_171' title='bbox 602 3387 704 3471; x_wconf 87' lang='lat' dir='ltr'><strong>XX.</strong></span> <span class='ocrx_word' id='word_1_172' title='bbox 737 3393 802 3472; x_wconf 86' lang='lat' dir='ltr'><strong>De</strong></span> <span class='ocrx_word' id='word_1_173' title='bbox 821 3393 1001 3502; x_wconf 83' lang='lat' dir='ltr'><strong>Priapeo</strong></span> <span class='ocrx_word' id='word_1_174' title='bbox 1020 3393 1224 3500; x_wconf 75' lang='lat' dir='ltr'><strong>dactylico.</strong></span> 
     </span>
    </p>
   </div>
   <div class='ocr_carea' id='block_1_5' title="bbox 306 3543 1404 3758">
    <p class='ocr_par' dir='ltr' id='par_1_5' title="bbox 306 3543 1404 3758">
     <span class='ocr_line' id='line_1_27' title="bbox 357 3543 1404 3648; baseline 0.006 -34"><span class='ocrx_word' id='word_1_175' title='bbox 357 3543 547 3641; x_wconf 89' lang='lat' dir='ltr'><strong>Priapeum</strong></span> <span class='ocrx_word' id='word_1_176' title='bbox 564 3544 783 3644; x_wconf 90' lang='lat' dir='ltr'><strong>dactylicum</strong></span> <span class='ocrx_word' id='word_1_177' title='bbox 806 3562 959 3622; x_wconf 89' lang='lat' dir='ltr'><strong>metrum</strong></span> <span class='ocrx_word' id='word_1_178' title='bbox 980 3549 1123 3622; x_wconf 88' lang='lat' dir='ltr'><strong>tertium</strong></span> <span class='ocrx_word' id='word_1_179' title='bbox 1144 3548 1272 3648; x_wconf 87' lang='lat' dir='ltr'><strong>pedem</strong></span> <span class='ocrx_word' id='word_1_180' title='bbox 1292 3545 1404 3648; x_wconf 74' lang='lat' dir='ltr'><strong>fparte</strong></span> 
     </span>
     <span class='ocr_line' id='line_1_28' title="bbox 306 3653 1403 3758; baseline 0.004 -30"><span class='ocrx_word' id='word_1_181' title='bbox 306 3653 475 3728; x_wconf 88' lang='lat' dir='ltr'><strong>orationis</strong></span> <span class='ocrx_word' id='word_1_182' title='bbox 511 3656 603 3744; x_wconf 85' lang='lat' dir='ltr'><strong>finit,</strong></span> <span class='ocrx_word' id='word_1_183' title='bbox 632 3657 806 3755; x_wconf 90' lang='lat' dir='ltr'><strong>producta</strong></span> <span class='ocrx_word' id='word_1_184' title='bbox 839 3673 960 3732; x_wconf 88' lang='lat' dir='ltr'><strong>tamen</strong></span> <span class='ocrx_word' id='word_1_185' title='bbox 996 3661 1032 3735; x_wconf 93' lang='lat' dir='ltr'><strong>in</strong></span> <span class='ocrx_word' id='word_1_186' title='bbox 1066 3660 1220 3734; x_wconf 61' lang='lat' dir='ltr'><strong>&amp;ultimo</strong></span> <span class='ocrx_word' id='word_1_187' title='bbox 1254 3659 1403 3758; x_wconf 88' lang='lat' dir='ltr'><strong>syllaba.</strong></span> 
     </span>
    </p>
   </div>
   <div class='ocr_carea' id='block_1_6' title="bbox 308 3841 1408 4402">
    <p class='ocr_par' dir='ltr' id='par_1_6' title="bbox 308 3841 1408 4402">
     <span class='ocr_line' id='line_1_29' title="bbox 348 3841 1404 3924; baseline 0.004 -26"><span class='ocrx_word' id='word_1_188' title='bbox 348 3842 505 3898; x_wconf 64' lang='grc' dir='ltr'><strong>Μακέων.</strong></span> <span class='ocrx_word' id='word_1_189' title='bbox 521 3841 599 3914; x_wconf 83' lang='lat' dir='ltr'><strong>nam]</strong></span> <span class='ocrx_word' id='word_1_190' title='bbox 614 3843 744 3910; x_wconf 80' lang='lat' dir='ltr'><strong>nascitur,</strong></span> <span class='ocrx_word' id='word_1_191' title='bbox 752 3841 828 3914; x_wconf 83' lang='lat' dir='ltr'><strong>cujas</strong></span> <span class='ocrx_word' id='word_1_192' title='bbox 837 3845 932 3902; x_wconf 79' lang='lat' dir='ltr'><strong>divisio</strong></span> <span class='ocrx_word' id='word_1_193' title='bbox 943 3847 1044 3924; x_wconf 70' lang='lat' dir='ltr'><strong>duplex</strong></span> <span class='ocrx_word' id='word_1_194' title='bbox 1056 3847 1186 3904; x_wconf 79' lang='lat' dir='ltr'><strong>traditur.</strong></span> <span class='ocrx_word' id='word_1_195' title='bbox 1201 3865 1263 3902; x_wconf 79' lang='lat' dir='ltr'><strong>nam</strong></span> <span class='ocrx_word' id='word_1_196' title='bbox 1272 3849 1361 3920; x_wconf 81' lang='lat' dir='ltr'><strong>prime</strong></span> <span class='ocrx_word' id='word_1_197' title='bbox 1371 3847 1404 3902; x_wconf 94' lang='lat' dir='ltr'><strong>V.</strong></span> 
     </span>
     <span class='ocr_line' id='line_1_30' title="bbox 308 3917 1405 4004; baseline 0.002 -24"><span class='ocrx_word' id='word_1_198' title='bbox 308 3923 393 4000; x_wconf 84' lang='lat' dir='ltr'><strong>Seqq.</strong></span> <span class='ocrx_word' id='word_1_199' title='bbox 410 3921 449 3978; x_wconf 86' lang='lat' dir='ltr'><strong>ita</strong></span> <span class='ocrx_word' id='word_1_200' title='bbox 462 3919 578 3999; x_wconf 81' lang='lat' dir='ltr'><strong>corrigit</strong></span> <span class='ocrx_word' id='word_1_201' title='bbox 591 3921 742 3980; x_wconf 87' lang='lat' dir='ltr'><strong>Santenius</strong></span> <span class='ocrx_word' id='word_1_202' title='bbox 756 3923 792 3980; x_wconf 86' lang='lat' dir='ltr'><strong>sd</strong></span> <span class='ocrx_word' id='word_1_203' title='bbox 805 3924 920 3982; x_wconf 85' lang='lat' dir='ltr'><strong>Terent.</strong></span> <span class='ocrx_word' id='word_1_204' title='bbox 932 3917 1026 3985; x_wconf 86' lang='lat' dir='ltr'><strong>Maur.</strong></span> <span class='ocrx_word' id='word_1_205' title='bbox 1043 3947 1070 4004; x_wconf 91' lang='lat' dir='ltr'><strong>p.</strong></span> <span class='ocrx_word' id='word_1_206' title='bbox 1084 3927 1149 4001; x_wconf 91' lang='lat'><strong>287.</strong></span> <span class='ocrx_word' id='word_1_207' title='bbox 1161 3929 1257 4002; x_wconf 82' lang='lat' dir='ltr'><strong>primoe</strong></span> <span class='ocrx_word' id='word_1_208' title='bbox 1269 3947 1327 4000; x_wconf 68' lang='lat' dir='ltr'><strong>qur</strong></span> <span class='ocrx_word' id='word_1_209' title='bbox 1337 3947 1405 4002; x_wconf 86' lang='lat' dir='ltr'><strong>par-</strong></span> 
     </span>
     <span class='ocr_line' id='line_1_31' title="bbox 310 4003 1407 4080; baseline 0.005 -22"><span class='ocrx_word' id='word_1_210' title='bbox 310 4005 343 4058; x_wconf 81' lang='lat' dir='ltr'><strong>tr&#39;s</strong></span> <span class='ocrx_word' id='word_1_211' title='bbox 357 4007 418 4059; x_wconf 86' lang='lat' dir='ltr'><strong>duae</strong></span> <span class='ocrx_word' id='word_1_212' title='bbox 429 4004 503 4058; x_wconf 78' lang='lat' dir='ltr'><strong>seder</strong></span> <span class='ocrx_word' id='word_1_213' title='bbox 516 4009 543 4058; x_wconf 85' lang='lat' dir='ltr'><strong>et</strong></span> <span class='ocrx_word' id='word_1_214' title='bbox 556 4003 666 4076; x_wconf 76' lang='lat' dir='ltr'><strong>dactylo</strong></span> <span class='ocrx_word' id='word_1_215' title='bbox 680 4010 706 4058; x_wconf 82' lang='lat' dir='ltr'><strong>et</strong></span> <span class='ocrx_word' id='word_1_216' title='bbox 719 4006 845 4076; x_wconf 75' lang='lat' dir='ltr'><strong>sporadeo,</strong></span> <span class='ocrx_word' id='word_1_217' title='bbox 858 4007 905 4062; x_wconf 87' lang='lat' dir='ltr'><strong>sed</strong></span> <span class='ocrx_word' id='word_1_218' title='bbox 918 4009 994 4064; x_wconf 83' lang='lat' dir='ltr'><strong>varie</strong></span> <span class='ocrx_word' id='word_1_219' title='bbox 1003 4011 1207 4066; x_wconf 78' lang='lat' dir='ltr'><strong>conimunicatis</strong></span> <span class='ocrx_word' id='word_1_220' title='bbox 1222 4011 1407 4080; x_wconf 78' lang='lat' dir='ltr'><strong>(commutatis</strong></span> 
     </span>
     <span class='ocr_line' id='line_1_32' title="bbox 309 4081 1406 4162; baseline 0.006 -24"><span class='ocrx_word' id='word_1_221' title='bbox 309 4081 512 4153; x_wconf 84' lang='lat' dir='ltr'><strong>Ruhnkeuius)</strong></span> <span class='ocrx_word' id='word_1_222' title='bbox 529 4083 639 4151; x_wconf 83' lang='lat' dir='ltr'><strong>vicibus,</strong></span> <span class='ocrx_word' id='word_1_223' title='bbox 651 4084 850 4158; x_wconf 81' lang='lat' dir='ltr'><strong>ingrediuntur.</strong></span> <span class='ocrx_word' id='word_1_224' title='bbox 926 4089 1170 4162; x_wconf 80' lang='lat' dir='ltr'><strong>²ccnrmunicatis]</strong></span> <span class='ocrx_word' id='word_1_225' title='bbox 1186 4091 1358 4146; x_wconf 82' lang='lat' dir='ltr'><strong>commutatis</strong></span> <span class='ocrx_word' id='word_1_226' title='bbox 1371 4088 1406 4145; x_wconf 90' lang='lat' dir='ltr'><strong>V.</strong></span> 
     </span>
     <span class='ocr_line' id='line_1_33' title="bbox 309 4161 1408 4244; baseline 0.008 -28"><span class='ocrx_word' id='word_1_227' title='bbox 309 4171 325 4204; x_wconf 80' lang='lat'>⁸</span> <span class='ocrx_word' id='word_1_228' title='bbox 339 4163 432 4234; x_wconf 78' lang='lat' dir='ltr'><strong>incipit</strong></span> <span class='ocrx_word' id='word_1_229' title='bbox 446 4161 520 4235; x_wconf 74' lang='lat' dir='ltr'><strong>iride]</strong></span> <span class='ocrx_word' id='word_1_230' title='bbox 534 4163 621 4239; x_wconf 80' lang='lat' dir='ltr'><strong>finiat</strong></span> <span class='ocrx_word' id='word_1_231' title='bbox 633 4183 746 4238; x_wconf 79' lang='lat' dir='ltr'><strong>sequens</strong></span> <span class='ocrx_word' id='word_1_232' title='bbox 759 4165 943 4224; x_wconf 78' lang='lat' dir='ltr'><strong>hemisticbiur</strong></span> <span class='ocrx_word' id='word_1_233' title='bbox 954 4172 1087 4243; x_wconf 65' lang='lat' dir='ltr'><strong>replicatis</strong></span> <span class='ocrx_word' id='word_1_234' title='bbox 1099 4177 1207 4244; x_wconf 82' lang='lat' dir='ltr'><strong>partem</strong></span> <span class='ocrx_word' id='word_1_235' title='bbox 1221 4171 1352 4225; x_wconf 78' lang='lat' dir='ltr'><strong>orationis</strong></span> <span class='ocrx_word' id='word_1_236' title='bbox 1366 4172 1408 4225; x_wconf 77' lang='lat' dir='ltr'><strong>in·</strong></span> 
     </span>
     <span class='ocr_line' id='line_1_34' title="bbox 310 4241 1406 4326; baseline 0.009 -28"><span class='ocrx_word' id='word_1_237' title='bbox 310 4244 405 4315; x_wconf 77' lang='lat' dir='ltr'><strong>cipiet.</strong></span> <span class='ocrx_word' id='word_1_238' title='bbox 426 4243 522 4299; x_wconf 82' lang='lat' dir='ltr'><strong>deinde</strong></span> <span class='ocrx_word' id='word_1_239' title='bbox 537 4245 572 4302; x_wconf 94' lang='lat' dir='ltr'><strong>V.</strong></span> <span class='ocrx_word' id='word_1_240' title='bbox 655 4241 899 4322; x_wconf 74' lang='lat' dir='ltr'><strong>bpmttanauert]</strong></span> <span class='ocrx_word' id='word_1_241' title='bbox 915 4252 1102 4322; x_wconf 76' lang='lat' dir='ltr'><strong>pentinoemeri</strong></span> <span class='ocrx_word' id='word_1_242' title='bbox 1117 4249 1151 4305; x_wconf 93' lang='lat' dir='ltr'><strong>V.</strong></span> <span class='ocrx_word' id='word_1_243' title='bbox 1221 4249 1327 4326; x_wconf 78' lang='lat' dir='ltr'><strong>cquusi</strong></span> <span class='ocrx_word' id='word_1_244' title='bbox 1343 4249 1406 4322; x_wconf 86' lang='lat'><strong>...]</strong></span> 
     </span>
     <span class='ocr_line' id='line_1_35' title="bbox 310 4322 1406 4402; baseline 0.006 -24"><span class='ocrx_word' id='word_1_245' title='bbox 310 4322 391 4398; x_wconf 87' lang='lat' dir='ltr'><strong>quasi</strong></span> <span class='ocrx_word' id='word_1_246' title='bbox 405 4343 453 4378; x_wconf 75' lang='lat' dir='ltr'><strong>rav</strong></span> <span class='ocrx_word' id='word_1_247' title='bbox 464 4347 537 4382; x_wconf 71' lang='lat' dir='ltr'><strong>em·</strong></span> <span class='ocrx_word' id='word_1_248' title='bbox 550 4349 578 4382; x_wconf 80' lang='grc' dir='ltr'><strong>το</strong></span> <span class='ocrx_word' id='word_1_249' title='bbox 591 4351 672 4399; x_wconf 62' lang='lat' dir='ltr'><strong>parv</strong></span> <span class='ocrx_word' id='word_1_250' title='bbox 683 4327 718 4383; x_wconf 93' lang='lat' dir='ltr'><strong>V.</strong></span> <span class='ocrx_word' id='word_1_251' title='bbox 801 4323 957 4402; x_wconf 60' lang='lat' dir='ltr'><strong>starcando]</strong></span> <span class='ocrx_word' id='word_1_252' title='bbox 973 4333 1091 4388; x_wconf 70' lang='lat' dir='ltr'><strong>emunda</strong></span> <span class='ocrx_word' id='word_1_253' title='bbox 1102 4330 1138 4388; x_wconf 90' lang='lat' dir='ltr'><strong>V.</strong></span> <span class='ocrx_word' id='word_1_254' title='bbox 1220 4340 1234 4372; x_wconf 78' lang='lat' dir='ltr'><strong>e</strong></span> <span class='ocrx_word' id='word_1_255' title='bbox 1248 4331 1305 4388; x_wconf 88' lang='lat' dir='ltr'><strong>Hei</strong></span> <span class='ocrx_word' id='word_1_256' title='bbox 1323 4328 1406 4402; x_wconf 88' lang='lat' dir='ltr'><strong>mihi]</strong></span> 
     </span>
    </p>
   </div>
   <div class='ocr_carea' id='block_1_7' title="bbox 310 4403 1407 4560">
    <p class='ocr_par' dir='ltr' id='par_1_7' title="bbox 310 4403 1407 4560">
     <span class='ocr_line' id='line_1_36' title="bbox 310 4403 1407 4485; baseline 0.007 -27"><span class='ocrx_word' id='word_1_257' title='bbox 310 4403 426 4459; x_wconf 70' lang='lat' dir='ltr'><strong>meando</strong></span> <span class='ocrx_word' id='word_1_258' title='bbox 437 4403 481 4460; x_wconf 82' lang='lat' dir='ltr'><strong>hei</strong></span> <span class='ocrx_word' id='word_1_259' title='bbox 495 4407 628 4482; x_wconf 62' lang='lat' dir='ltr'><strong>mihique</strong></span> <span class='ocrx_word' id='word_1_260' title='bbox 641 4407 750 4465; x_wconf 82' lang='lat' dir='ltr'><strong>domino</strong></span> <span class='ocrx_word' id='word_1_261' title='bbox 764 4425 817 4463; x_wconf 81' lang='lat' dir='ltr'><strong>aon</strong></span> <span class='ocrx_word' id='word_1_262' title='bbox 832 4409 894 4466; x_wconf 80' lang='lat' dir='ltr'><strong>licet</strong></span> <span class='ocrx_word' id='word_1_263' title='bbox 907 4412 948 4466; x_wconf 81' lang='lat' dir='ltr'><strong>ire</strong></span> <span class='ocrx_word' id='word_1_264' title='bbox 962 4417 1019 4468; x_wconf 81' lang='lat' dir='ltr'><strong>tuo.</strong></span> <span class='ocrx_word' id='word_1_265' title='bbox 1041 4413 1084 4469; x_wconf 88' lang='lat' dir='ltr'><strong>lric</strong></span> <span class='ocrx_word' id='word_1_266' title='bbox 1097 4419 1124 4468; x_wconf 84' lang='lat' dir='ltr'><strong>et</strong></span> <span class='ocrx_word' id='word_1_267' title='bbox 1138 4411 1230 4485; x_wconf 77' lang='lat' dir='ltr'><strong>elegus</strong></span> <span class='ocrx_word' id='word_1_268' title='bbox 1245 4411 1280 4470; x_wconf 95' lang='lat' dir='ltr'><strong>V.</strong></span> <span class='ocrx_word' id='word_1_269' title='bbox 1315 4407 1407 4485; x_wconf 68' lang='lat' dir='ltr'><strong>‘pnr-</strong></span> 
     </span>
     <span class='ocr_line' id='line_1_37' title="bbox 312 4483 930 4560; baseline 0.006 -18"><span class='ocrx_word' id='word_1_270' title='bbox 312 4483 379 4558; x_wconf 82' lang='lat' dir='ltr'><strong>tem]</strong></span> <span class='ocrx_word' id='word_1_271' title='bbox 392 4491 475 4559; x_wconf 83' lang='lat' dir='ltr'><strong>purte</strong></span> <span class='ocrx_word' id='word_1_272' title='bbox 490 4485 523 4542; x_wconf 94' lang='lat' dir='ltr'><strong>V.</strong></span> <span class='ocrx_word' id='word_1_273' title='bbox 625 4485 769 4560; x_wconf 76' lang='lat' dir='ltr'><strong>tultirua]</strong></span> <span class='ocrx_word' id='word_1_274' title='bbox 783 4489 881 4546; x_wconf 78' lang='lat' dir='ltr'><strong>ultimo</strong></span> <span class='ocrx_word' id='word_1_275' title='bbox 896 4489 930 4546; x_wconf 94' lang='lat' dir='ltr'><strong>V.</strong></span> 
     </span>
    </p>
   </div>
   <div class='ocr_carea' id='block_1_8' title="bbox 0 0 1574 5142">
    <p class='ocr_par' dir='ltr' id='par_1_8' title="bbox 0 0 1574 5142">
     <span class='ocr_line' id='line_1_38' title="bbox 0 0 1574 5142; baseline 0 0"><span class='ocrx_word' id='word_1_276' title='bbox 0 0 1574 5142; x_wconf 95' lang='lat' dir='ltr'><strong> </strong></span> 
     </span>
    </p>
   </div>
  </div>
 </body>
</html>
