3076 5140
297 421 369 480 20⁴
683 403 804 478 Mur-ii
823 403 1004 477 Victorini
1246 424 1319 474 cru.
1338 424 1395 474 ιν.

296 587 352 660 his
380 587 634 676 commatibus,
657 587 789 685 quibus
811 601 848 660 et
874 587 1083 660 hexameter
1107 611 1170 684 per
1195 597 1324 671 tomas,
1349 598 1395 656 ut

295 703 457 801 superius
486 703 823 776 demonstravimus.
875 701 933 774 Ex
950 701 1049 798 ⁸quia
1076 713 1138 774 aut
1165 699 1238 773 duo
1267 711 1395 789 metra,

294 816 331 889 id
352 829 408 888 est
429 817 577 888 heroum
604 831 642 890 et
665 817 874 905 iambicum,
902 823 962 888 ‘ex
987 843 1025 888 se
1045 814 1231 914 conposita
1246 839 1393 888 versum

294 932 527 1030 copulabunt,
546 947 739 1004 autunum
758 933 1012 1030 supplemento
1035 931 1089 1003 sui
1116 929 1254 1028 generis
1279 929 1394 1003 'inte-

293 1073 400 1144 grum
418 1045 569 1134 dabunt,
587 1061 629 1118 ut
646 1061 746 1146 puts,

446 1159 569 1234 Ccstce
584 1161 757 1234 Pierides
773 1185 856 1234 meo
875 1185 1052 1234 comoenc.

249 1299 279 1349 ⁵7
293 1275 479 1348 Dividitur
512 1277 563 1351 ric
598 1277 797 1350 secundum
833 1277 983 1349 heroum
1019 1287 1187 1362 metrum,
1221 1287 1261 1346 ut
1293 1275 1395 1372 prior

292 1391 473 1492 spondeus
499 1419 651 1490 sequens
669 1391 834 1490 dactylus
852 1391 1021 1488 adjuncto
1038 1389 1220 1489 semipede
1239 1389 1393 1488 penthe-

292 1509 467 1580 mimeren
482 1523 604 1580 tomen
620 1507 867 1604 'compleant,
879 1505 1020 1578 residua
1037 1519 1156 1577 autem
1171 1529 1290 1577 versus
1308 1529 1391 1602 pers

291 1625 414 1696 iambo
431 1622 650 1720 adsignetur,
668 1622 907 1720 superfluente
932 1621 1080 1718 syllaba,
1096 1619 1191 1718 quod
1219 1631 1273 1691 est
1298 1618 1392 1690 edm-

246 1763 278 1824 ⁵⁸
291 1763 361 1834 que
396 1737 710 1836 penthemimeres.
763 1735 857 1808 Hoec
893 1735 1003 1834 igitur
1034 1735 1185 1809 duorum
1220 1759 1389 1806 versuum

290 1851 479 1948 principia,
497 1877 577 1946 quae
603 1849 771 1949 copulate
789 1849 824 1920 in
843 1850 950 1922 unius
967 1877 1088 1922 versus
1113 1851 1264 1923 sormam
1283 1875 1392 1922 vene-

290 1977 385 2049 runt,
405 1989 470 2036 suo
487 1989 635 2059 quoque
653 1979 768 2037 metro
785 1965 956 2062 compleri
974 1979 1178 2064 potueruut,
1195 1964 1256 2054 sic,

393 2079 511 2152 Casto
528 2077 699 2153 Pierides
713 2107 845 2178 precor
861 2081 1048 2178 adspirate
1065 2081 1212 2155 canenti

289 2207 325 2264 et
344 2195 384 2265 fit
401 2193 542 2266 herous.
595 2194 703 2284 Item,

389 2307 485 2380 Mese
503 2335 674 2384 comoenae
691 2311 850 2385 coelitum
867 2320 981 2384 testor
993 2335 1111 2409 genus

288 2423 477 2497 iambicus.
529 2426 637 2511 ltem,

391 2537 550 2613 Carmen
568 2539 737 2614 Pierides
752 2550 901 2614 struunt
916 2563 1060 2613 sorores

289 2654 337 2728 its
355 2655 607 2753 complebitur,

390 2767 548 2842 Carmen
564 2770 737 2844 Pierides
748 2781 921 2870 pangunt
936 2771 1167 2845 mernorcbile
1184 2771 1333 2844 Musa.-

286 2880 430 2968 dehinc,

387 2997 548 3072 Struunt
562 3025 704 3074 sorores
720 3001 860 3074 Atticae
876 3001 1019 3074 ¹dirum
1036 2999 1151 3101 nefas.

241 3127 272 3180 ⁵⁹
287 3109 381 3184 Haec
406 3113 474 3185 erit
496 3112 542 3186 de
569 3115 877 3213 hendecasyllabis
900 3117 1016 3208 prims
1034 3116 1169 3215 species
1192 3128 1230 3186 et
1246 3114 1386 3187 divisio.

287 3226 453 3298 Secunde
470 3253 554 3300 vero
571 3229 708 3328 recipit,
728 3243 767 3302 ut
790 3229 960 3328 superior,
979 3229 1179 3327 spondeum
1203 3243 1240 3302 et
1262 3227 1387 3328 dacty-

285 3341 374 3428 lum,
397 3367 468 3413 non
496 3341 653 3415 admisso
677 3343 869 3441 semipede,
892 3357 933 3415 ut
958 3369 1076 3441 supra,
1093 3369 1167 3440 quo
1183 3343 1387 3442 completur
1443 3338 1447 3356 ¹

283 3454 589 3552 penthemimeres
608 3471 717 3542 tome,
734 3457 867 3529 dehinc
883 3471 953 3529 tres
969 3457 1158 3546 trochaeos,
1174 3470 1375 3555 tamquam,

385 3566 510 3641 Siccos
527 3569 649 3642 ducite
664 3571 842 3642 machine
859 3574 1016 3645 omncs.

236 3681 379 3755 ⁶0Ncm
408 3683 436 3754 si
465 3681 606 3756 duobus
634 3683 750 3756 herois
774 3699 918 3782 quartos
946 3687 1054 3786 pedes
1081 3687 1291 3786 conjungas,
1316 3687 1385 3760 erit

281 3823 402 3870 versus
421 3797 641 3886 hexameter,
659 3798 721 3882 aic,

381 3913 506 3986 Siccos
522 3914 643 3986 ducite
648 3913 735 4011 jam
753 3912 832 3985 icto
849 3939 929 3986 cum
946 3915 1107 3988 carmine
1119 3941 1272 4012 puppes.

281 4026 433 4125 Reliqua
451 4055 532 4127 pers
554 4042 597 4100 te
622 4029 735 4100 tribus
759 4027 924 4099 trocheis
948 4030 1121 4102 machine
1143 4031 1300 4116 carim,
1317 4057 1383 4104 suo

234 4159 263 4209 tr
279 4154 406 4230 metro,
424 4141 461 4213 id
478 4156 534 4216 est
551 4140 802 4240 ithyphallico,
821 4143 942 4215 stabit.
994 4143 1102 4236 Item,

317 4330 538 4409 ¹quibuquuis
553 4333 584 4390 P.
700 4333 759 4392 ten
774 4335 934 4408 sereom.
950 4335 983 4394 P.
1102 4335 1288 4414 'integrum]
1307 4335 1382 4394 inte·

275 4413 427 4565 prgpeti}
531 4423 553 4454 '¹
567 4411 723 4491 eornpleat]
739 4414 903 4494 compleant
916 4415 947 4472 P.
1078 4425 1095 4458 ¹
1108 4415 1214 4490 dirum]
1230 4417 1333 4476 durum
1348 4418 1381 4476 P.
