3100 5142
127 422 227 472 car.
246 411 281 471 8.
557 398 623 472 De
639 399 829 498 dactylico.
1173 412 1249 489 339

128 595 297 684 petunt:
324 591 362 654 ct
376 595 462 654 sunt
479 581 570 672 haec,
586 581 820 683 dactylicum,
834 583 1103 683 anapaestioum,
1119 583 1249 656 iambi·
1320 569 1323 576 ¹

130 723 244 786 cum,
260 697 500 786 trochaicum,
525 698 683 772 ionicum
708 697 751 772 ¹³a
776 699 923 796 majore,
949 697 1106 772 ionicum
1134 725 1155 771 a
1181 699 1248 771 mi-

133 841 243 905 nore,
260 813 559 903 choriambicum,
585 815 881 914 antispasticum:
910 814 965 887 his
987 813 1134 910 quidam
1159 813 1249 910 adji-

132 931 250 1004 ciunt
266 929 627 1029 proceleusmaticum
645 943 683 1002 et
701 930 918 1028 paeonicum,
930 955 1010 1026 quoe
1026 944 1179 1028 possunt
1197 931 1249 1004 vi-

134 1047 221 1120 deri
238 1045 325 1118 ¹non
351 1047 445 1118 inter
470 1059 663 1144 prototypa
691 1046 868 1145 ponenda,
888 1045 950 1118 sed
974 1045 1067 1116 inter
1088 1045 1149 1119 illa
1167 1073 1248 1143 quaa

135 1188 190 1234 ex
219 1161 422 1262 prototypis
443 1175 649 1251 nascuntur,
666 1161 727 1234 sed
754 1188 820 1234 nos
845 1173 927 1261 post
951 1173 1034 1233 octo
1058 1173 1247 1261 prototypa

138 1277 226 1350 haec
243 1276 315 1350 duo
332 1277 608 1376 conjungemus.

407 1553 510 1634 Can.
528 1551 653 1632 VIII.
706 1551 770 1633 De
789 1551 994 1659 dactylico.

197 1719 432 1816 Dactylioom
460 1732 616 1792 metrum
635 1705 773 1794 dictum
792 1716 890 1815 quod
911 1744 956 1792 ex
981 1717 1152 1790 omnibus
1169 1716 1251 1790 dac-

144 1835 233 1933 tylis
250 1848 405 1924 constat‚
418 1834 480 1908 scd
499 1835 629 1909 melius
647 1847 751 1908 sonat
768 1832 912 1906 luemus
925 1832 1123 1930 dactylicus
1142 1833 1251 1905 hexa-

145 1951 308 2024 metensi
326 1951 555 2024 catalecticus
574 1953 648 2036 liat,
667 1951 737 2024 hoc
754 1961 809 2022 est
826 1949 855 2022 si
873 1947 1093 2047 disyllabum
1121 1949 1248 2048 pedem

146 2066 184 2138 in
204 2066 335 2140 ultimo
354 2066 497 2154 habeat,
516 2087 555 2139 ut
573 2081 639 2152 est,

276 2183 320 2245 At
334 2182 411 2246 tudo
425 2182 596 2246 omnum
611 2183 749 2246 sonitum
761 2181 875 2267 procul
888 2201 950 2244 aare
963 2201 1088 2244 canoro.

146 2290 219 2363 Sed
243 2290 421 2364 admissus
448 2291 485 2362 in
509 2291 717 2364 societatem
742 2289 877 2388 dactyli
905 2289 1097 2388 spondeus,
1115 2289 1251 2362 scilicet

147 2420 297 2504 propter
314 2421 518 2506 temporum
546 2407 701 2480 similem
729 2418 958 2504 potestatem,
982 2405 1132 2478 heroum
1155 2404 1250 2477 fecit.

147 2521 291 2594 Volunt
303 2522 399 2594 c'nim
416 2523 566 2596 heroum
585 2523 648 2594 illo
665 2521 799 2594 distare
815 2519 1041 2618 adactylico,
1054 2519 1151 2615 quod
1170 2518 1251 2592 dac·
1267 2553 1279 2585 ι

149 2635 282 2733 tylicus
310 2663 353 2710 ex
389 2638 536 2736 dactylo
564 2637 641 2710 solo
675 2635 733 2726 sit,
768 2636 897 2708 herous
936 2647 972 2706 et
1005 2659 1051 2706 ox
1081 2634 1252 2733 spondeo.

149 2751 432 2826 ¹Henamotrum
462 2767 583 2828 autem
601 2769 638 2826 et
657 2752 806 2824 heroum
830 2750 956 2823 volunt
978 2750 1024 2821 ab
1042 2776 1085 2821 eo
1102 2745 1253 2837 dictum,

152 2869 205 2941 vel
222 2869 320 2965 quod
341 2871 490 2943 heroum
509 2870 604 2943 lacta
623 2867 761 2967 primus
780 2865 965 2939 Homerus
988 2865 1056 2937 hoc
1075 2889 1177 2939 versu
1196 2893 1253 2939 ce-

151 2982 288 3072 cinerit,
305 2985 360 3056 vel
384 2984 482 3080 quod
509 2985 772 3058 vetustissimus
796 2998 833 3056 et
858 2997 941 3056 ante
963 3008 1089 3054 omnes
1115 2983 1251 3080 primus

153 3098 211 3172 hic
253 3098 360 3172 luerit
394 3125 528 3188 versuo,
565 3101 725 3193 (heroica
755 3101 851 3172 enim
883 3113 1002 3174 vetera
1036 3113 1072 3171 et
1105 3100 1251 3196 antiqua

153 3215 345 3308 dixerunt)
364 3215 419 3286 vel
439 3215 535 3312 quod
554 3216 623 3289 hoc
639 3240 770 3316 magna
786 3230 823 3288 ct
840 3215 958 3287 sobria
974 3227 1194 3299 ”canantun
1212 3230 1251 3286 ut

154 3330 276 3403 heroes
304 3331 425 3430 magni
452 3346 490 3404 et
516 3331 636 3406 sobrii.
688 3331 790 3404 ldem
809 3345 846 3404 et
863 3329 987 3429 epicos
1004 3327 1137 3402 dicitur
1153 3329 1249 3425 quod
1265 3357 1279 3401 s

155 3471 356 3519 sermonum
385 3473 520 3547 capax:
548 3461 584 3520 et
601 3447 697 3546 quod
725 3474 788 3546 per
813 3445 889 3542 ejus
916 3443 1024 3542 pedes
1051 3444 1251 3544 simplicius

156 3575 189 3633 et
205 3560 344 3634 facilius
361 3563 470 3635 verba
487 3577 571 3636 eant
594 3575 701 3661 atque
727 3561 940 3634 ¹¹decutiant
959 3559 1018 3633 ἀπὸ
1040 3570 1093 3636 τοῦ
1118 3561 1250 3636 ἕπεσθαι.

158 3674 266 3748 Hunc
288 3675 430 3750 Ennius
458 3677 607 3775 longum
631 3693 746 3764 vocat,
771 3678 888 3752 Graeci
915 3677 1144 3766 ⁰Deliacum‚
1166 3679 1251 3775 quia

159 3791 222 3864 hoc
247 3817 377 3890 genere
403 3791 612 3868 Phemonoe
638 3794 817 3894 Apollinis
844 3811 942 3870 vates
965 3792 1159 3866 vaticinata
1185 3809 1250 3879 cst,

192 4045 243 4103 ho'
253 4047 417 4120 majore-o
431 4051 547 4124 minore]
563 4053 612 4108 ἀπὸ
625 4024 815 4124 peltam—its·
827 4055 959 4118 ἑλᾶᾰσονος
973 4054 1010 4110 V.
1092 4049 1100 4092 ί
1116 4069 1168 4107 non
1181 4051 1251 4105 inter

155 4129 310 4204 prototypo]
329 4128 415 4187 Addit
429 4131 465 4186 V.
478 4134 614 4204 ponendo,
629 4135 677 4188 sed
698 4135 768 4190 inter
790 4135 839 4188 illo
853 4152 904 4207 que
917 4152 950 4188 es
963 4133 1116 4206 prototypo
1135 4148 1250 4186 noscun-

160 4219 207 4276 tur,
220 4212 267 4266 sed
279 4227 329 4266 nos
339 4220 403 4284 post
416 4219 476 4268 octo
487 4219 646 4287 prototypo.
736 4211 752 4254 ¹¹
767 4213 929 4287 dactylicus]
945 4231 1037 4268 verm
1050 4211 1200 4284 dactylicus
1213 4211 1250 4269 V.

159 4286 166 4332 ¹
178 4290 374 4365 laonsetrum]
391 4299 420 4348 et
434 4293 620 4350 hexametrum
633 4294 668 4349 V.
684 4293 760 4350 Meu.
881 4302 905 4334 m
918 4293 1068 4365 conantur]
1086 4301 1203 4350 conatur
1215 4293 1250 4350 V.

160 4373 340 4446 Idumam]
352 4372 437 4430 Addit
447 4373 481 4429 V.
493 4397 669 4431 amoventem
682 4373 717 4446 (s.
726 4374 775 4429 aul
789 4371 945 4428 vulfrandus
957 4390 982 4429 ν.
994 4371 1089 4428 Schol.
1103 4372 1251 4451 Hephaesl.

158 4469 179 4508 o.
195 4453 234 4525 7.)
352 4463 368 4496 ⁰
380 4453 529 4529 deliocum]
545 4456 706 4512 deliciocum
721 4454 757 4512 V.
775 4452 940 4527 Delphicum
953 4449 1097 4510 Fabricius
1110 4451 1185 4512 Bibl.
1201 4454 1251 4510 Gr.

158 4531 226 4590 t·.1.
242 4553 269 4610 p.
285 4551 351 4609 154.
401 4565 405 4574 ·

651 4651 678 4698 x
696 4653 719 4700 x
740 4643 760 4700 2
