3082 5140
762 311 919 414 rum

342 509 365 544 “
382 499 491 600 Apud
508 500 732 586 Terentium,

422 621 443 654 ‘⁸
459 615 648 678 Dirrnscior
660 615 796 678 onimi.”

266 747 279 797 r
342 721 447 798 Idem
464 725 577 798 Varro
595 723 631 796 in
649 723 774 797 eodem
803 724 865 797 lib.
884 723 969 797 Vll.
987 723 1034 798 de
1059 725 1181 823 lingua
1196 723 1339 797 Latina
1358 722 1404 794 ad

294 839 510 912 Marcellum
538 839 590 912 sic
614 838 723 912 dicit:
758 849 780 882 “
806 841 884 912 Aut
910 841 947 912 in
975 853 1177 912 extremum
1209 839 1401 912 senarium

293 963 316 1000 ‘⁸
333 953 483 1028 totidem
498 954 742 1056 semipedibus
762 953 909 1052 adjectis
927 957 990 1028 fiat
1007 956 1167 1027 comicus
1184 954 1402 1051 quadratus,

293 1081 317 1114 ‘⁸
336 1083 377 1144 ut
395 1071 467 1160 hic,

380 1193 403 1226 ‘⁴
417 1187 504 1250 Heri
518 1185 638 1274 aliquot
650 1187 870 1253 mdrmruh
884 1190 1003 1254 wimar
1014 1189 1052 1251 irs
1065 1184 1223 1250 Piraeo?

266 1321 281 1369 s
342 1297 541 1372 Trimetros
564 1322 687 1370 versus
713 1298 888 1372 iambicos
904 1298 1064 1373 Terentii
1081 1315 1118 1372 et
1135 1293 1254 1368 Plauti
1271 1309 1310 1366 et
1337 1321 1399 1368 oe-

295 1427 451 1486 terorum
476 1411 698 1486 comicorum
724 1427 784 1486 set
809 1414 1025 1512 tragicorum
1052 1413 1108 1486 M.
1124 1411 1268 1484 Tullius
1292 1437 1398 1484 sena-

295 1529 365 1602 rios
393 1527 481 1602 dicit
507 1541 542 1600 ct
571 1527 757 1602 nominat:
797 1529 1043 1612 Quintilianus
1071 1528 1179 1601 etiam
1211 1525 1395 1598 trimetros

294 1643 451 1718 senarios
477 1641 697 1716 nominavit:
732 1657 769 1718 et
790 1643 935 1718 Flavius
953 1643 1071 1742 Caper
1091 1643 1129 1716 in
1156 1643 1293 1718 artibus
1320 1642 1393 1714 suis

293 1759 474 1832 trimetros
494 1785 616 1832 versus
640 1759 813 1834 iambicos
830 1759 989 1834 Terentii
1015 1759 1170 1832 senarios
1187 1757 1393 1858 appellavit

266 1913 282 1964 9
330 1873 408 1948 rDe
420 1873 542 1946 metris
553 1874 712 1948 Terentii
725 1889 763 1948 et
775 1875 892 1948 Plauti
906 1889 942 1948 et
954 1888 1152 1948 ceterorum
1168 1873 1391 1947 comicorum

294 2003 331 2062 et
347 1989 563 2087 tragicorum
583 1989 791 2064 Victorinus
809 1990 861 2064 sic
881 1989 987 2064 dicit:
1022 2001 1045 2034 “
1064 1992 1250 2074 Quantum
1271 2002 1390 2063 autem

295 2111 318 2148 “
336 2103 382 2176 ad
399 2129 539 2178 versum
559 2105 741 2180 comicum
760 2119 909 2207 spectat,
923 2119 964 2180 ut
981 2106 1169 2204 paululum
1188 2129 1393 2204 evagemur,

295 2229 317 2262 ‘⁸
335 2218 409 2292 scio
444 2219 618 2318 plurimos
653 2221 841 2312 affirmare,
874 2221 1107 2296 Terentianas
1140 2223 1195 2294 vel
1232 2222 1393 2294 maxime

295 2334 475 2408 “fabulas
504 2351 660 2410 metrum
684 2349 744 2410 'ae
770 2336 998 2435 disciplinam
1018 2337 1229 2408 Graecarum
1255 2361 1393 2408 comoe-

295 2458 317 2497 “
335 2449 475 2522 diarum
505 2475 576 2522 non
604 2451 812 2542 custodisse,
830 2451 865 2525 id
884 2465 938 2525 est
962 2478 1052 2550 quas
1078 2449 1292 2540 Menander,
1310 2451 1393 2522 Phi-

295 2572 316 2606 “
333 2565 467 2654 lemon‚
487 2563 673 2664 Diphilus,
698 2581 736 2638 et
760 2567 867 2639 ceteri
893 2565 1092 2640 ediderunt.
1142 2565 1268 2638 Nostri
1296 2565 1390 2637 enim
1502 2661 1503 2664 Ἴ

296 2689 317 2722 “
336 2679 373 2750 in
400 2679 628 2752 modulandis
654 2679 839 2778 rhythmis
863 2707 924 2754 seu
952 2682 1075 2754 metris
1101 2681 1229 2754 veteris
1255 2706 1390 2754 eomoe-
1502 2677 1503 2740 ἶ

295 2801 318 2836 “
337 2793 408 2867 diae
446 2795 635 2894 scriptores
672 2795 770 2894 ecqui
809 2798 1021 2888 maluerunt,
1050 2797 1085 2871 id
1123 2811 1178 2870 est
1207 2795 1390 2895 Eupolim,
1502 2795 1503 2866 l

296 2919 318 2952 “
336 2909 539 2995 Cratinum,
564 2910 857 3009 Aristophanem.
909 2913 1079 3012 Prologos
1109 2913 1229 3010 itaque
1255 2925 1293 2983 et
1322 2911 1390 3010 pri·
1502 2949 1503 2986 r

296 3032 318 3068 ‘⁶
336 3051 477 3098 marum
503 3053 688 3100 scenarum
709 3039 808 3100 aetus
829 3027 998 3101 trimetris
1023 3025 1389 3128 comprehendenmt:

297 3139 465 3214 “deinde
493 3141 732 3240 longissimos,
758 3141 795 3214 id
822 3155 877 3215 est
904 3155 1141 3231 tetrametros,
1159 3140 1390 3214 subdiderunt

297 3268 319 3300 ‘⁴
337 3255 399 3352 qui
426 3257 652 3355 appellantur
669 3257 853 3356 quadrati:
880 3273 1003 3355 postea
1026 3257 1062 3330 in
1087 3256 1318 3355 sequentibus
1335 3281 1390 3326 va-

298 3381 320 3414 “
337 3370 538 3444 cieverunt:
567 3372 676 3445 modo
699 3373 796 3444 enim
823 3372 1014 3458 trimetros,
1035 3371 1142 3444 modo
1167 3369 1289 3444 addito
1306 3395 1389 3466 qua-

298 3497 321 3529 “
338 3483 465 3556 drante
490 3486 545 3557 vel
573 3488 720 3562 semisse
745 3503 962 3588 posuerunt;
990 3488 1026 3561 id
1053 3502 1108 3560 est
1133 3485 1316 3586 semipede
1334 3483 1389 3558 ad-

300 3612 321 3644 “
332 3600 444 3696 jecto,
469 3600 525 3672 vel
556 3600 695 3699 integro
723 3603 816 3702 pede
843 3604 964 3677 iambo
989 3605 1046 3678 vel
1073 3600 1286 3701 sesquipede
1317 3601 1389 3673 hec

298 3725 319 3760 “
337 3743 403 3817 per
429 3714 567 3788 medios
593 3730 706 3807 actus,
730 3718 825 3790 varie
852 3743 971 3794 rursus
999 3719 1036 3792 in
1063 3719 1162 3790 exitu
1192 3715 1385 3788 fabularum

298 3845 321 3877 ‘⁶
338 3833 542 3932 quadratos,
560 3833 683 3930 quales
701 3833 858 3907 diximus
883 3837 920 3907 in
946 3833 1102 3907 secunda
1127 3857 1235 3904 scena
1258 3831 1389 3902 locave-

299 3959 320 3990 “
338 3963 433 4022 runt.
485 3948 556 4022 Sed
580 3947 675 4020 idem
694 3947 856 4045 quadrati
881 3948 1033 4047 legitimi
1059 3971 1141 4020 cum
1161 3969 1229 4018 xv1
1248 3943 1388 4043 syllabis

300 4061 441 4157 “juxta
459 4064 519 4160 jus
543 4064 728 4164 proprium
752 4077 913 4138 constare
929 4063 1097 4152 debeant,
1114 4064 1327 4163 plerumque
1341 4061 1390 4134 in·
1502 4139 1503 4174 ,

342 4363 401 4409 ‘let
416 4351 583 4428 tragicorum
599 4375 656 4412 our.
672 4355 747 4412 Ven.
763 4355 828 4413 Ald.
844 4367 873 4413 et
888 4375 952 4414 mox
967 4374 1025 4414 orn.
1039 4355 1173 4415 senarios.
1249 4365 1261 4397 ⁸
1276 4355 1322 4412 De
1336 4372 1387 4413 me·

301 4428 435 4490 tris—sie
450 4431 519 4490 dicit
531 4453 589 4491 om.
602 4435 673 4491 Ven.
699 4433 763 4491 Vid.
778 4453 861 4512 snpra
875 4457 902 4513 p.
916 4449 980 4510 105.
1006 4505 1010 4513 Ι
1084 4436 1160 4511 ⁸ad]
1177 4435 1296 4494 ae⁸Ven.
