3076 5140
42 286 43 293 l
153 339 310 417 canly.
470 325 688 399 Deductus
705 323 840 400 Ionicis
856 330 917 424 dgr.
1186 333 1255 410 189

308 510 500 586 Thalassio
520 509 710 584 Thalassio
732 507 935 582 Tlolossio.

152 623 271 722 ¹’quod
290 627 347 698 bis
364 627 592 698 enuntiatum
611 625 695 706 facit
712 623 868 722 epodon,
886 623 947 710 ita,

305 740 445 812 Beatus
462 739 527 813 ille
543 741 607 840 qui
618 737 752 838 procul
766 740 921 839 negotio,

310 853 514 943 llrolossio,
535 854 737 928 Thalassio.

152 970 238 1052 Quo
265 969 421 1043 dimetro
441 971 551 1044 etiam
570 969 812 1044 Archilochus
838 993 983 1042 carmen
1007 965 1198 1067 conposuit
1215 967 1254 1040 in
1269 989 1298 1024 ¹²

153 1083 383 1181 Lycambam
402 1099 439 1157 et
455 1085 567 1157 filias:
594 1085 656 1157 sed
682 1099 719 1158 et
736 1083 832 1184 apud
859 1111 925 1157 nos
947 1095 1064 1156 metro
1081 1081 1255 1156 continuo

153 1199 313 1298 Alphius
340 1197 468 1271 Avitus
503 1199 594 1271 libro
622 1199 781 1272 atterum
812 1197 1066 1272 excellentium
1097 1196 1195 1284 fecit,
1218 1207 1255 1268 et

154 1330 276 1386 noster
294 1313 468 1386 Horatius
491 1313 611 1413 plures
635 1313 722 1388 odas
748 1313 877 1386 eodem
905 1325 1021 1386 metro
1045 1323 1261 1412 persecutus.

155 1443 218 1502 est.
269 1429 365 1502 Item
384 1428 560 1502 dimetrus
577 1455 622 1502 ex
640 1443 793 1527 utraque
815 1441 916 1528 parte
941 1427 1079 1526 syllaba
1095 1425 1255 1500 detracta

156 1559 191 1616 et
216 1545 410 1644 acephalos
441 1557 478 1616 et
513 1571 655 1632 scazon,
683 1543 719 1617 id
752 1557 808 1618 cst
838 1543 956 1644 capite
985 1541 1188 1616 inminutus
1218 1555 1255 1616 et

156 1662 316 1750 claudus,
334 1660 519 1750 efficietur,
537 1661 599 1745 sic,

304 1778 423 1851 Adest
440 1775 537 1849 celer
553 1773 739 1850 Plroselus
755 1785 819 1849 est.

156 1890 262 1982 Item,

305 2005 532 2082 rSimonides
550 2006 763 2082 Simonides.

159 2121 276 2196 Prima
294 2123 390 2196 enim
411 2123 579 2222 adempta
597 2125 735 2222 syllaba
751 2121 858 2196 faciet
874 2123 1041 2216 ἀκέφαλον,
1058 2122 1120 2212 sic,
1270 2155 1297 2202 13

308 2238 379 2310 Est
396 2237 491 2311 celer
509 2237 692 2311 Pharsalos
710 2248 774 2312 est.

160 2353 286 2426 ultima
305 2379 389 2426 vero
407 2353 591 2438 claudum,
610 2353 673 2442 sic,

309 2469 426 2542 Adest
442 2467 537 2542 celer
552 2469 749 2544 Plroselus.

161 2583 252 2656 ltem
270 2584 441 2676 ἀκέφαλος,

309 2697 479 2772 Monides
495 2697 707 2772 Simonides.

159 2814 311 2903 Scazon,

310 2927 513 3004 Simonides
529 2929 676 3004 Simoni.

160 3045 200 3118 ad
219 3046 335 3116 instar
356 3044 493 3118 scilicet
509 3045 655 3118 dimetri
681 3045 883 3143 superioris.
936 3045 1110 3123 Horatius
1133 3057 1253 3118 autem
1269 3077 1300 3126 14

161 3160 194 3231 in
212 3185 280 3232 auo
297 3183 404 3256 opere
421 3159 578 3256 primum
598 3161 751 3252 ἀκέφαλον
768 3159 969 3234 adsimilem
988 3160 1086 3246 huic,

308 3271 380 3346 Eo
397 3273 492 3348 celer
508 3274 692 3350 Plsoselus
709 3285 775 3364 eat,

159 3387 208 3460 ita
225 3385 382 3476 induxit,

312 3501 416 3575 'Nou
434 3503 523 3576 ebur
538 3530 656 3604 neque
672 3529 836 3578 aureum.

160 3617 379 3716 sequentem
404 3645 488 3692 vero
513 3621 670 3720 epodum
701 3621 903 3693 trimetrum
936 3619 1187 3693 catalecticum
1214 3616 1257 3690 ad

160 3733 271 3806 instar
287 3731 407 3828 hujus,

309 3845 494 3922 Phaselus
512 3849 576 3923 ille
593 3877 699 3950 quem
715 3851 813 3925 vides
831 3849 1001 3924 Sabinus.
1034 3875 1041 3890 ¹

310 3960 404 4036 Mea
420 3966 561 4039 renidet
577 3967 617 4040 io
632 3967 733 4040 domo
751 3966 916 4039 lacunar.

161 4078 230 4151 Cui
261 4078 290 4152 si
310 4077 492 4178 duplicem
517 4081 678 4155 iambum
706 4109 726 4154 a
754 4079 933 4180 principio
959 4075 1157 4177 dempseris
1181 4099 1306 4150 mean

200 4283 217 4328 v
231 4268 331 4351 Quod]
349 4272 408 4332 Qui
424 4273 455 4331 P.
477 4273 546 4331 Mox
563 4271 738 4354 Lycambum
754 4272 785 4329 P.
862 4272 1002 4346 trerum]
1019 4285 1129 4348 regrum
1145 4265 1214 4342 (aie)
1229 4265 1262 4324 P.

160 4352 349 4412 rSimonidea
363 4353 451 4410 semel
465 4354 509 4412 ed.
523 4355 648 4432 Tubing.
689 4349 853 4430 Duplicarit
867 4347 1055 4410 Camerarius.
1176 4358 1262 4404 ⁸nou

162 4433 243 4507 ebur]
260 4452 314 4493 nec
328 4432 399 4493 ebur
413 4431 443 4490 Ρ.
