3076 5140
289 405 363 486 ¹9⁰
677 373 800 452 Mart
817 367 1004 446 morini
1234 381 1307 434 ms.
1325 380 1384 432 ιιι.

285 589 398 676 ἰαὶ,
414 586 484 660 en't
500 583 683 679 reliquum
699 578 761 650 det
785 577 823 648 ιἰι
844 572 947 646 dono
972 568 1136 650 locum
1152 587 1232 662 quse
1256 555 1386 632 clauda

286 733 369 808 pars
386 703 455 776 erit
470 697 615 772 dimetri
634 692 810 768 adsimilis
827 689 877 762 illi
896 683 1081 786 superiori,

437 815 560 888 Adest
576 810 672 884 celer
688 805 884 882 Ptmtm

246 961 276 1014 ιε
289 935 415 1031 Hujus
439 929 574 1004 tenoris
602 953 646 1000 ac
670 925 796 998 formae
821 915 997 1017 quosdam
1016 935 1138 984 versus
1160 917 1306 1006 'poetas
1331 903 1386 1000 ly·

289 1052 382 1125 ricos
398 1045 621 1121 carminibus
638 1041 713 1112 suis
731 1035 902 1110 indidisse
917 1027 1164 1128 cognovimns,
1180 1035 1222 1094 ut
1237 1031 1274 1093 et
1291 1013 1387 1116 apud

288 1164 509 1240 'Arbitrum
528 1157 746 1242 invenimus,
763 1153 867 1247 cujus
883 1145 1105 1246 exemplum,

442 1272 707 1372 allenpltitidea
717 1265 862 1366 puelle,

444 1391 573 1466 Sacris
590 1388 697 1462 deun
709 1391 864 1482 perata.

292 1511 402 1597 Item,

448 1605 601 1678 Tmarus
616 1599 737 1674 colore
752 1595 878 1669 metis.

443 1719 661 1818 AEgpptias
678 1714 841 1789 clareas.

456 1939 561 2021 Car.
583 1935 749 2018 XVIII.
797 1935 864 2014 Dc
883 1927 1078 2012 Somrnio
1096 1953 1227 2007 verm
1319 2005 1322 2014 Δ

345 2092 396 2166 Et
425 2090 600 2188 quoniam
630 2089 699 2160 sub
731 2081 921 2158 ocoesione
949 2101 1072 2150 versus
1103 2073 1209 2168 hujus
1237 2085 1275 2144 et
1302 2084 1397 2143 tem-

295 2207 435 2310 pestiva
451 2204 560 2277 etiam
579 2203 684 2275 nobis
696 2201 766 2275 alia
778 2196 938 2296 suggerit
951 2192 1100 2294 species,
1112 2199 1395 2263 consentaneum

296 2349 376 2397 reor
393 2323 464 2396 hoo
482 2320 562 2392 loco
578 2317 697 2390 dicere
713 2315 759 2388 de
775 2327 902 2386 natura
919 2323 956 2384 et
973 2307 1112 2405 origine
1137 2303 1244 2399 hujus
1261 2325 1398 2388 versus,

296 2439 355 2514 cui
375 2437 491 2537 prisca
508 2433 605 2534 apud
622 2431 796 2505 ιιΙιιιιίιιιιι
812 2443 911 2517 aetas,
928 2441 1114 2522 tamquam
1134 2421 1227 2494 ltalo
1249 2433 1285 2492 et
1301 2415 1399 2490 indi-

297 2581 414 2654 genae,
431 2550 600 2624 Saturnio
617 2547 692 2620 sive
706 2544 845 2618 Fannio
859 2569 990 2615 nomen
1004 2539 1114 2630 dedit,
1127 2536 1188 2610 sed
1202 2535 1396 2610 falluntur:

298 2697 319 2744 a
349 2667 486 2744 Graecis
517 2665 615 2738 enim
646 2661 742 2736 varie
772 2675 809 2732 et
839 2657 1109 2731 multiformiter
1136 2650 1305 2725 inductus
1332 2659 1400 2734 est,

271 2797 386 2862 alueo
404 2795 545 2858 tantum
565 2807 585 2852 a
603 2775 764 2864 comicis,
782 2773 844 2847 sed
870 2773 979 2845 etiam
1006 2799 1027 2844 a
1050 2768 1203 2868 tragicis.
1253 2761 1399 2836 'Nostri

299 2915 419 2973 autem
448 2895 586 2994 antiqui
615 2892 669 2966 usi
696 2905 793 2980 sunt,
819 2916 862 2961 ea
888 2915 961 2960 non
983 2889 1171 2959 observata
1198 2883 1290 2980 lege,
1309 2890 1402 2950 ‘nec

299 3039 373 3086 uno
399 3037 529 3114 genere
555 3005 749 3090 custodito,
767 3001 828 3076 scd
846 3001 1105 3101 *preterquam
1131 2993 1228 3094 quod
1254 2990 1402 3066 durissi-

301 3154 380 3201 mos
397 3129 570 3213 lecerunt,
586 3123 695 3196 etiam
723 3121 811 3192 alios
838 3119 976 3215 longos,
993 3113 1081 3186 alios
1107 3109 1284 3184 breviores
1307 3108 1403 3180 inse-

301 3253 460 3324 ruerunt,
478 3263 632 3334 quorum
651 3249 705 3310 est
723 3235 795 3324 hic,

406 3352 542 3425 Turdis
560 3351 729 3424 edacibus
745 3347 845 3422 dolos
862 3369 1053 3443 comparas
1070 3343 1194 3416 amice.

345 3585 357 3628 ²
372 3585 489 3654 renidet,
505 3585 689 3661 relinquetur]
707 3586 765 3643 reni
779 3585 835 3644 erit
848 3585 988 3663 reliquum
1002 3581 1052 3639 det
1065 3583 1097 3640 P.
1258 3589 1274 3620 V
1289 3579 1403 3656 poetas]

306 3666 442 3744 pheoetm
456 3666 487 3722 P.
580 3677 601 3708 W
616 3665 773 3740 Arbitrum]
791 3665 944 3724 Arbitrium
960 3665 991 3721 Ρ.
1022 3663 1093 3720 Mox
1108 3681 1159 3739 pro
1174 3661 1327 3735 AEgpptim
1339 3659 1406 3715 olto-

305 3765 367 3803 rem
379 3745 538 3803 Terltaerius
553 3742 696 3820 rescripsit
709 3745 857 3820 AEgyptim
871 3745 1018 3802 cherentea.
1070 3753 1086 3784 ¹
1095 3741 1228 3815 munos]
1240 3740 1357 3796 Latium
1372 3739 1405 3796 P.

306 3873 321 3919 t
337 3862 404 3934 nec]
421 3843 479 3919 nii
494 3863 525 3920 Ρ.
668 3871 683 3902 ²
697 3861 809 3937 Nostri]
827 3863 924 3920 Nostri
941 3874 1038 3921 autem
1052 3862 1084 3919 P.
1207 3869 1224 3902 ⁸
1237 3859 1304 3932 neo]
1321 3876 1358 3915 ne
1371 3859 1405 3914 P.

306 3939 535 4020 bpraeterquam]
553 3953 752 4016 propterquam
769 3941 800 3998 P.

350 4159 377 4200 ι.
402 4143 517 4220 longos]
548 4143 699 4230 Loogiorea
733 4142 835 4201 Atilius
877 4143 946 4202 mihi
980 4165 998 4203 a
1030 4143 1143 4201 mendis
1170 4152 1302 4220 suspecta
1328 4151 1406 4206 sunt,

307 4223 385 4280 Fort.
407 4241 436 4300 p.
458 4223 545 4298 2679.
576 4223 641 4280 th.
663 4224 779 4282 Senteu.
799 4224 833 4282 sd
877 4224 1018 4301 posterius
1040 4221 1178 4302 inprimis,
1202 4221 1251 4279 sod
1276 4239 1320 4284 ret
1342 4239 1408 4294 <11¹oe

307 4304 424 4397 Terent.
438 4302 571 4394 Maurum
588 4321 614 4378 p.
630 4319 647 4376 3
652 4319 699 4378 52.
876 4304 993 4364 docetur
1006 4325 1040 4363 ex
1054 4304 1117 4362 aliis
1127 4301 1195 4362 satis
1204 4299 1326 4378 intelligi
1340 4311 1408 4376 pot·

348 4383 388 4440 rb.
417 4381 521 4440 Turdis
554 4381 702 4457 edacibus]
740 4383 835 4442 Primo
876 4384 938 4442 erit.
961 4385 1111 4444 CAMER.

308 4463 373 4522 loco
400 4461 493 4542 posita
516 4461 573 4520 dno
600 4461 728 4542 exempla
754 4463 835 4522 valde
