3124 5120
153 435 237 487 cnr.
255 427 316 504 19.
391 411 455 486 De
471 423 566 486 tome
580 413 655 486 rive
668 412 842 486 incisione
856 437 1036 486 umruum.
1206 423 1252 488 86

151 595 313 692 Adjecta
328 595 436 693 longa
452 597 497 668 fit
513 594 793 684 choriambioon,
809 609 862 683 ut,
1270 623 1299 659 n

206 711 291 786 Cur
306 711 480 808 deaficit
497 711 565 784 deo
583 711 667 786 belli
682 711 902 786 dominatriu
918 711 1104 812 Phrygas.

152 827 298 900 Rursus
317 826 455 924 adjecta
481 827 574 899 talia
598 827 716 926 longa,
731 825 863 900 efficiet
883 827 1040 900 ionicum
1069 827 1253 924 majorem,
1269 859 1297 908 ι,

22 1118 23 1124 Ν
153 969 294 1114 ”im
310 1067 377 1114 aa·
392 1037 568 1141 dasem
584 1040 652 1114 aaa
669 1039 755 1114 retu
772 1041 995 1114 nminem
1009 1039 1219 1142 amangus.

154 1172 252 1246 Item
282 1171 436 1270 adjectio
462 1171 576 1244 brevis
602 1185 764 1271 quartam
792 1171 948 1270 speciem
980 1171 1018 1244 in
1045 1169 1137 1270 pede
1164 1171 1256 1246 anti·
1270 1185 1300 1233 ¹⁴

153 1301 279 1385 spasto
298 1286 508 1384 procreabit,
526 1286 587 1375 itu,

154 1399 210 1472 Et
226 1400 296 1474 hoc
312 1425 380 1473 nur
396 1398 571 1501 deofecit
587 1399 655 1474 dea
673 1397 758 1474 belli
774 1399 997 1472 dominatrix
1013 1397 1199 1498 Pluygas.
1256 1457 1259 1464 ,

154 1515 321 1612 Adoeque
339 1529 375 1587 et
392 1515 452 1588 hic
470 1541 590 1588 versus
608 1515 703 1614 apud
721 1513 930 1602 Horatium,
1270 1541 1297 1594 ις

152 1629 388 1706 merorum
405 1639 459 1703 cst
475 1655 591 1729 usque
602 1631 720 1704 amori
736 1629 826 1702 dore
843 1628 969 1702 ludum
987 1655 1102 1729 neque
1119 1629 1228 1716 dulci,

153 1759 300 1820 constat
315 1769 360 1818 ex
378 1744 495 1818 ionico
520 1745 680 1828 minore;
708 1744 793 1818 huic
811 1745 839 1816 si
858 1745 1077 1843 copulaveris
1095 1746 1253 1845 longam,
1269 1775 1298 1826 ιο

20 1897 21 1912 ¹
153 1861 222 1934 erit
238 1859 537 1944 choriambicum,

157 1975 285 2053 Quom
301 1975 516 2048 miserarum
535 1983 589 2048 eu
604 1999 717 2072 neque
733 1975 849 2048 amori
866 1975 955 2050 dore
972 1975 1097 2050 ludum
1114 2001 1230 2076 neque
1247 1977 1353 2053 dulci.

152 2091 252 2164 Item
273 2091 379 2189 longa
397 2091 466 2164 alia
484 2090 647 2189 apposita
663 2089 749 2162 facit
767 2089 923 2162 ionicum
942 2091 1127 2187 majorem,
1144 2105 1196 2178 ut,
1271 2117 1299 2174 ¹7

156 2203 195 2278 0
211 2230 325 2304 quom
341 2205 557 2280 miserarum
574 2213 762 2303 crineque
779 2205 897 2278 umori
914 2206 1002 2278 dore
1020 2205 1144 2280 ludum
1161 2233 1279 2307 neque
1294 2207 1404 2282 dulci.

152 2319 284 2393 Brevia
301 2335 421 2394 autem
440 2319 585 2420 prelata
602 2319 838 2418 antispastum
857 2318 1076 2410 informabit,
1092 2323 1154 2408 sic,
1271 2341 1300 2389 rc

154 2433 212 2507 Et
221 2457 368 2533 uquam
380 2432 596 2506 miserarum
607 2441 661 2504 est
670 2455 787 2530 neque
799 2433 914 2504 anwri
927 2431 1016 2506 dure
1028 2431 1152 2506 ludum
1165 2459 1279 2532 neque
1296 2433 1403 2509 dulci.

154 2547 214 2621 Ad
241 2561 472 2634 'summanu
488 2548 606 2620 omnis
629 2547 775 2635 ἐπιπλοκὴ
801 2547 953 2646 propriis
978 2546 1131 2647 pedibus
1154 2547 1252 2620 nulla
1269 2582 1298 2633 ¹9

155 2663 429 2736 intermixtione
454 2663 605 2736 aliorum
634 2663 830 2736 subsistens
862 2663 935 2735 suis
961 2687 1074 2760 usque
1100 2661 1143 2734 ad
1170 2661 1254 2734 ulti-

157 2801 262 2850 mum
280 2776 433 2878 podibus
450 2777 721 2850 terminabitur:
746 2775 801 2851 sin
816 2789 937 2850 autem
952 2777 1040 2848 alios
1057 2775 1252 2868 admiserit,

154 2893 364 2965 variabitur.
415 2891 512 2964 Nam
533 2891 708 2964 familiare
732 2905 787 2964 est
814 2891 1003 2990 *utrisque
1029 2891 1154 2965 ionicis
1180 2905 1252 2966 tro-

155 3009 301 3082 chaicus
319 3009 385 3081 sibi
403 3010 532 3080 'bases
549 3007 756 3082 admiscere.
798 3007 898 3108 Ergo
921 3010 1123 3083 ⁸sincerum
1140 3041 1254 3104 μονοει-

155 3127 218 3211 δὲς,
236 3124 393 3198 mixtum
413 3137 531 3196 autem
551 3125 681 3218 ὁμοειδὲς
698 3123 894 3198 vocabitur.

201 3323 310 3404 Car.
333 3322 449 3404 XIX.
487 3325 553 3406 De
572 3335 673 3404 tonte
690 3323 775 3405 aive
793 3323 985 3408 iucicionc
1002 3351 1204 3408 uersuum.

205 3472 408 3546 Incisiones
425 3472 534 3546 etiam
552 3498 731 3560 versuum,
751 3497 839 3568 quas
863 3473 978 3548 Graeci
997 3475 1094 3567 τομὰς
1112 3489 1252 3564 vocant,

155 3603 240 3660 ante
270 3587 394 3660 omnia
423 3587 459 3659 in
490 3587 729 3660 ¹'hexametro
760 3589 868 3661 heroo
905 3589 1101 3662 necessario
1129 3591 1252 3662 obser·

194 3760 290 3836 ¹alia]
307 3761 361 3820 alia
376 3761 460 3840 longa
473 3763 506 3820 P.
608 3761 773 3840 uPhrygas]
793 3762 909 3840 Phrigaa
924 3763 959 3822 P.
1054 3765 1248 3838 'summum]

154 3861 298 3900 summam
314 3841 350 3900 P.
369 3842 414 3902 ed.
430 3845 511 3900 Cam.
614 3851 630 3884 ¹
644 3841 803 3918 utriusque]
819 3843 945 3920 utrisque
960 3845 990 3902 P.
1007 3857 1037 3902 et
1051 3843 1093 3904 ric
1106 3863 1179 3904 corr.
1197 3845 1251 3902 Ca-

155 3923 301 3981 merarius.
363 3923 488 3996 tumes]
506 3919 580 3980 basis
595 3923 627 3980 P.
706 3925 897 4000 ²syncerum]
914 3922 1024 3982 sincere
1038 3925 1068 3982 Ρ.
1131 3925 1250 3999 ‘ruald

153 4022 237 4062 sertor
251 4004 284 4060 P.
365 3999 382 4044 b
397 4003 572 4077 hexametro]
588 4015 730 4062 exametro
744 4003 827 4062 etsie
842 4023 907 4060 mox
923 4005 955 4064 P.

154 4129 311 4190 sumserint
325 4143 461 4208 quantum
482 4131 515 4188 ud
538 4131 682 4189 declaran-
724 4129 832 4211 omnir!
856 4133 892 4191 Ut
906 4137 933 4190 in
946 4139 1029 4192 armis
1038 4135 1250 4210 superenatat.

155 4213 222 4270 dum
238 4213 293 4268 boc
308 4210 383 4287 quod
405 4211 527 4276 doceret,
543 4211 610 4269 satis
623 4232 683 4270 esse
725 4211 862 4271 Similiter
882 4213 1054 4272 Horatianus
1077 4214 1204 4274 trimeter
1223 4233 1251 4271 n·

155 4293 291 4350 crederet.
323 4289 378 4347 Sed
390 4291 578 4348 Terentianus
589 4292 683 4350 locum
724 4294 888 4360 catalectus,
913 4295 1076 4352 Miserarum
1104 4303 1144 4352 ert
1167 4313 1254 4370 neque

155 4371 299 4450 integrum
320 4370 448 4435 adduxit,
463 4383 494 4428 et
507 4391 600 4428 verstrs
620 4391 683 4429 aca-
724 4376 813 4430 nmori
830 4375 1014 4442 dorstadum,
1034 4375 1183 4433 adducitur
1203 4377 1251 4432 ad-

155 4453 283 4510 talectos.
322 4453 482 4508 Diomedem
498 4447 600 4529 modo}
621 4453 685 4508 Dea
722 4450 823 4526 juncto
844 4467 980 4532 sequente
1004 4454 1077 4534 pede
1105 4455 1135 4512 in
1162 4455 1253 4512 sonna

146 4533 220 4608 serit
233 4535 286 4590 dea
300 4533 364 4589 belli
377 4533 544 4588 domnonia
561 4531 686 4606 Phrygas
726 4536 892 4593 tetrametri.
925 4533 1075 4592 CAMER.
