3012 5084
139 455 222 506 eur.
240 445 297 506 13.
483 429 545 502 De
563 425 665 503 colu
681 427 901 502 Meti-orum.
1194 439 1239 518 71

138 637 205 710 per
230 610 416 710 dipodiam
444 637 528 684 vero
554 623 698 686 ‘cetera
751 611 870 710 Igitur
900 636 985 684 cum
1020 609 1245 684 ‘hexameter
1257 623 1289 684 ⁴⁶

138 749 262 798 versus
288 741 486 800 metrorum
513 727 679 800 omnium
705 729 788 798 finis
811 753 853 799 ac
877 749 1020 800 summa
1042 725 1100 813 sit,
1119 725 1156 798 hi
1180 725 1243 823 qui

139 839 235 938 epici
261 867 335 914 non
358 853 454 926 aunt,
473 841 501 913 si
528 867 592 940 per
617 841 777 936 singulos
801 840 911 940 pedes
936 841 1121 928 feriuntur,
1137 865 1243 914 exce·

139 953 230 1028 dant
252 981 398 1028 necesse
415 969 471 1028 est
487 954 637 1028 modum
663 955 891 1029 “hexametri
908 981 1042 1044 verene,
1060 955 1156 1028 unde
1182 981 1246 1054 per

139 1069 329 1168 adipodias
346 1071 542 1148 feriuntur:
571 1084 610 1143 ut
627 1069 769 1144 etiamsi
787 1069 913 1144 decem
941 1069 1076 1168 pedum
1100 1069 1245 1159 fuerint,

140 1210 214 1256 non
242 1185 438 1258 decametri
470 1185 707 1283 appellentur,
737 1184 799 1256 sed
829 1184 1057 1284 pentametri,
1083 1185 1244 1283 quinque

140 1299 278 1372 scilicet
296 1299 451 1400 dipodiia
468 1299 698 1398 computatis.

308 1497 411 1580 Cur.
433 1497 559 1580 XIII.
613 1500 679 1582 De
702 1499 809 1580 Colis
828 1499 1074 1580 Metrorum.

191 1619 463 1696 consideranda
488 1636 659 1722 praeterea
681 1623 719 1698 in
744 1622 866 1708 metria
884 1622 987 1711 Cuia,
1008 1647 1091 1718 quoe
1113 1625 1243 1697 Latine

140 1737 316 1822 membra,
333 1737 423 1810 item
440 1736 608 1824 Comma,
632 1735 752 1834 ¹‘quod
778 1763 905 1814 cutum
929 1765 951 1810 a
975 1737 1080 1812 nobie
1101 1738 1243 1836 proprie

140 1851 286 1939 dicitur,
306 1850 343 1922 id
360 1865 426 1940 eat,
439 1866 601 1926 extrema
618 1867 655 1926 et
671 1853 801 1952 exigua
818 1881 898 1952 pars
917 1854 952 1930 in
972 1854 1106 1930 metris.
1135 1855 1244 1930 Men-

141 1993 224 2039 sura
240 1964 339 2038 enim
359 1991 422 2040 eeu
441 1965 569 2040 modus
587 1981 786 2040 metrorum
806 1967 1012 2064 hujusmodi
1038 1969 1245 2067 accipietur,

140 2107 225 2154 narn
244 2093 448 2154 extremum
474 2082 511 2156 in
535 2065 592 2155 his'
609 2096 719 2179 etque
737 2083 920 2172 ultimum,
938 2082 1035 2179 quod
1055 2109 1244 2156 monome-

140 2212 222 2270 tron
246 2195 391 2284 dicitur,
406 2209 549 2272 conetut
572 2223 618 2272 ex
645 2223 718 2272 uno
739 2197 842 2296 pede,
860 2198 1061 2272 maximum
1086 2225 1169 2272 vero
1187 2225 1245 2271 us-

140 2337 214 2408 que
231 2311 276 2384 ad
294 2311 484 2411 periodum
504 2311 749 2387 decametrurn
778 2313 989 2410 porrigetur,
1005 2338 1157 2409 quorum
1177 2312 1245 2386 dif-

140 2425 293 2498 ferentia
319 2426 401 2500 talia
427 2440 493 2500 eet.
543 2425 660 2500 Coion
688 2441 743 2498 eet
772 2427 976 2500 membrum
1005 2427 1102 2524 quod
1132 2427 1272 2502 finitien

140 2551 286 2619 constat
301 2541 476 2641 pedibuu;
501 2541 659 2618 Comma
676 2555 796 2614 autern
816 2541 945 2638 inquo
960 2543 1016 2616 rel
1036 2567 1118 2640 pars
1143 2540 1244 2639 pedis

142 2669 208 2726 est.
260 2657 381 2729 Erunt
410 2655 531 2752 itaque
554 2654 646 2728 Cola
671 2656 856 2754 particulae
886 2657 1083 2730 solutorum
1114 2668 1245 2728 metro-

141 2797 237 2858 rum,
254 2785 308 2860 ut,

394 2869 514 2942 Arma
530 2871 722 2968 virumque
739 2895 837 2942 cano.

142 2981 300 3054 kOmnis
334 2996 455 3056 autem
489 3009 609 3058 versus
643 2985 726 3056 κατὰ
753 2983 789 3058 τὸ
821 2994 965 3058 πλεῖστοι
1000 2983 1034 3054 in
1066 2981 1138 3054 duo
1167 2983 1272 3058 colar

141 3097 326 3171 dividitur.
378 3099 538 3174 Abusive
572 3112 693 3172 autern
722 3098 832 3172 etiam
861 3096 914 3170 ¹et
942 3123 1088 3170 comma
1115 3095 1246 3169 dicitur
1328 3081 1331 3090 ’

142 3213 262 3284 coion.
316 3211 388 3286 Hie
411 3212 560 3308 quidam
589 3213 792 3311 adjungunt
817 3211 996 3297 Stichum,
1021 3210 1144 3300 idest,
1171 3235 1246 3282 ver-

142 3353 238 3410 sum,
265 3326 333 3398 sub
361 3326 566 3422 hujusmodi
588 3327 796 3416 differentia,
821 3343 862 3400 ut
886 3327 933 3400 eit
955 3353 1076 3400 versus
1099 3326 1161 3422 qui
1183 3351 1245 3398 ex-

143 3439 239 3512 cedit
270 3439 479 3532 dimetrum,
506 3443 602 3516 unde
627 3457 664 3516 et
689 3441 992 3514 mhemistichium
1019 3441 1160 3527 dicitur,
1186 3467 1245 3513 co·

141 3553 205 3626 Ion
240 3566 363 3628 autem
392 3569 428 3630 et
454 3583 599 3630 comma
629 3557 722 3630 intra
750 3556 958 3630 dimetrum.
1010 3557 1090 3630 Erit
1124 3556 1273 3654 itaque4

141 3669 249 3742 colon
269 3695 353 3744 cum
371 3671 521 3769 integrae
537 3672 670 3746 fuerint
687 3671 867 3771 syzygiam
885 3697 1035 3746 ¹commu
1052 3697 1146 3759 vero,
1159 3696 1242 3743 curn

142 3782 376 3881 imperfectae.
429 3786 574 3886 Proprie
600 3800 719 3860 autem
747 3784 864 3859 Graeci
890 3786 968 3858 cola
993 3785 1131 3874 dicunt,
1149 3813 1245 3883 quae-

141 3923 288 3994 cunque
310 3897 404 3972 circa
422 3898 612 3996 juncturas
638 3913 701 3972 aut
718 3913 814 3972 artus
835 3913 996 3998 porrecta
1013 3913 1096 3972 sunt
1113 3899 1149 3971 in
1170 3900 1245 3971 ion-

141 4011 347 4110 gitudinem
369 4016 553 4088 membra:
576 4015 670 4088 unde
686 4013 891 4114 Euripides,

292 4123 345 4199 itai
363 4139 447 4201 κῶλα
464 4128 572 4210 κόλοις
586 4133 750 4227 τετράπουν
765 4131 953 4225 μιμήσομαι.

180 4289 327 4361 teretem]
344 4301 439 4345 cetera
453 4289 484 4346 P.
567 4287 578 4332 f
590 4290 765 4363 hexameter]
783 4301 926 4348 exameter
941 4291 971 4347 P.
1039 4285 1244 4363 “hexametriJ

142 4368 277 4425 exnnretri
292 4367 324 4423 P.
407 4367 730 4446 tdipodius]dipodeau
745 4371 776 4426 P.
840 4367 1042 4447 hquod]qure
1056 4369 1087 4426 P.
1151 4367 1243 4428 ¹¹om.

144 4447 200 4521 nia]
218 4447 349 4504 omnium
366 4447 396 4503 P.
509 4445 517 4490 ¹
531 4451 657 4524 commu]
674 4463 702 4506 et
717 4469 830 4506 comma
844 4449 874 4506 P.
981 4460 1004 4491 Ν
1019 4447 1244 4528 hemistichium]

143 4525 335 4586 emistichium
352 4527 382 4584 P.
