3124 5120
8 468 15 515 ,
146 435 230 486 car.
245 429 281 488 5.
417 413 483 486 De
493 415 691 512 genesius
707 424 903 488 menonem
919 417 979 512 ⁸5⁶·
1180 425 1247 488 153

199 595 272 669 His
311 595 569 695 ”Logaoediaci
614 596 718 670 metri
760 594 931 696 speciem,
964 619 1046 692 quae
1079 605 1115 667 et
1148 591 1278 675 Euo-9

147 711 244 810 plius
261 725 299 784 et
315 710 560 785 Archebulius
575 710 717 799 dicitur,
736 736 807 784 non
826 709 979 784 absurde
996 707 1245 804 conjunxerim

149 825 298 923 adaeque
314 824 484 923 dactylici
503 825 607 898 metri
626 825 801 914 sobolem,
813 824 951 898 scilicet
967 849 1049 898 cum
1064 823 1247 896 trochaica

149 940 226 1012 basi
249 965 372 1012 versus
399 941 580 1013 clauditur
607 939 750 1012 duobus
776 939 831 1012 vel
857 939 972 1012 tribus
991 939 1047 1012 vel
1065 951 1248 1036 ·quattuor

150 1053 303 1152 dactylis
313 1055 570 1154 praeeuntibus,
583 1067 691 1153 prout
703 1053 872 1126 carminis
892 1079 1059 1126 mensura
1076 1067 1138 1127 aut
1153 1053 1247 1126 ratio

150 1169 329 1266 exegerit:
355 1167 458 1264 cujus
476 1168 615 1268 generis
632 1181 688 1241 est
704 1167 815 1240 etiam
834 1165 915 1253 hoc,
928 1166 1025 1264 quod
1043 1193 1088 1240 ex
1105 1167 1246 1242 duobus

152 1282 302 1383 dactylis
328 1297 366 1356 et
386 1283 528 1357 duobus
550 1283 777 1358 connectitur
794 1283 973 1372 trochaeis,
990 1296 1028 1356 et
1047 1285 1248 1384 appellatur

150 1398 337 1472 Alcaicum
355 1397 636 1499 decasyllabum,
655 1412 695 1472 ut
711 1409 779 1486 est,

299 1511 451 1586 Laurea
467 1511 632 1612 nycteleo
649 1537 792 1586 corono.

152 1626 244 1700 ltem
264 1627 416 1700 etribus
432 1626 587 1726 dactylis
604 1643 639 1700 et
657 1626 798 1701 duobus
816 1627 995 1716 trochaeis,
1012 1641 1064 1718 ut,

254 1742 569 1842 Quadmpedante
583 1745 701 1818 “venit
712 1743 806 1841 pede
817 1745 962 1842 primus
978 1757 1117 1842 tequea.

152 1855 292 1931 Rursus
309 1884 329 1930 e
346 1871 518 1955 quattuor
534 1873 570 1932 et
587 1857 729 1931 duobus
746 1857 925 1947 trochaeis,
942 1872 993 1944 ut,

251 1973 453 2048 Romulida
463 1973 606 2070 pedites
622 1973 790 2048 Arabum
802 1973 951 2072 populis
967 1975 1084 2048 amici.

153 2087 244 2168 Quae
278 2089 414 2185 species
443 2088 545 2160 etin
581 2087 800 2188 anapaestico
828 2113 932 2161 versu
963 2089 1170 2189 reperietur,
1196 2091 1247 2164 ita

152 2201 352 2294 dumtaxat,
371 2218 413 2293 ut
438 2217 620 2304 postrema
644 2203 722 2299 ejus
748 2203 908 2278 clausula
934 2205 1123 2279 bacchica
1148 2207 1246 2280 brevi

153 2317 347 2417 incipiente
372 2318 595 2408 terminetur,
617 2331 655 2391 et
683 2344 749 2417 pro
774 2333 955 2418 anapoesto
984 2345 1246 2417 nonnunquam

153 2432 332 2531 spondeus
348 2446 513 2532 ponatur.
564 2433 722 2506 Duobus
749 2447 870 2508 autem
898 2434 1066 2534 spondeis
1086 2435 1289 2534 plerum-11

153 2573 235 2644 quc,
261 2560 302 2621 ut
330 2549 368 2622 in
398 2549 508 2621 heroo
538 2549 749 2622 hexametro
774 2549 1005 2650 reperiemus,
1031 2550 1060 2622 si
1089 2562 1244 2622 metrum

152 2661 349 2750 claudatur,
366 2660 588 2762 spondaizon
605 2689 739 2754 versus,
750 2677 792 2737 ut
809 2664 845 2737 in
862 2665 980 2764 primo
997 2664 1090 2737 libro
1106 2663 1246 2738 dictum

151 2791 218 2866 cst,
234 2777 487 2876 appellabitur.
540 2777 764 2876 Spondsicua
790 2779 888 2852 enim
914 2793 955 2852 ut
978 2779 1181 2854 trochaicus
1209 2795 1247 2854 et

151 2892 329 2966 iambicus
356 2917 401 2964 ex
432 2891 601 2965 omnibus
630 2891 800 2992 spondeis
829 2893 1000 2979 subsistit,
1026 2894 1084 2967 cui
1111 2895 1139 2966 si
1169 2921 1248 2967 mo-

150 3007 288 3080 lossum
311 3005 482 3078 ultimum
508 3005 690 3102 adjeceris,
708 3009 772 3080 liet
787 3007 1011 3082 Laconicum
1038 3021 1195 3082 metrum
1226 3037 1247 3083 e

151 3119 361 3219 quindecim
378 3119 508 3217 longis,
525 3120 586 3206 ita,
725 3125 729 3132 “

249 3235 415 3331 Hesperii
431 3233 516 3307 duri
532 3235 734 3310 desciscunt
751 3263 774 3310 a
789 3237 966 3312 Romame
980 3239 1143 3312 victores.

150 3347 231 3422 Nec
258 3349 379 3422 minus
407 3375 427 3421 e
453 3361 682 3449 pentametro
708 3377 812 3424 versu
845 3351 1080 3449 anapaesticus
1115 3356 1291 3451 figura-n

151 3465 260 3552 bitur,
282 3477 345 3536 sut
361 3477 450 3563 puta
466 3491 551 3538 cum
573 3465 618 3536 ex
644 3463 801 3563 dactylo,
822 3466 994 3566 spondeo,
1011 3481 1048 3540 et
1065 3482 1247 3569 anapaesto

152 3579 333 3668 subsistat,
355 3578 495 3675 adjecto
521 3579 557 3652 in
586 3579 747 3676 qualibet
769 3581 995 3656 sederemus
1019 3584 1074 3656 sui
1105 3583 1246 3682 generis

150 3694 254 3793 pede,
271 3693 345 3766 aive
361 3693 519 3792 dipodia,
535 3719 608 3792 quo
625 3695 689 3796 liat
705 3697 862 3795 tragicus
879 3723 941 3771 seu
960 3697 1138 3772 comicus:
1164 3711 1216 3786 ut,

255 3805 393 3906 Tiphys
411 3817 447 3880 et
463 3806 697 3882 Automedon
713 3809 818 3884 dicar
834 3837 959 3886 amore
970 3821 1109 3909 potens

152 3921 263 3996 Vides
287 3935 556 4022 pentametrum
585 3924 806 4024 elegiacum3
834 3925 974 4022 adjecto
991 3951 1072 4000 mea
1097 3925 1163 4000 lun
1179 3925 1247 3999 erit
1262 3943 1289 3990 ¹³

191 4169 207 4202 ¹¹
221 4159 417 4238 Logaoediaci]
433 4160 616 4221 Iocaoediam
630 4163 663 4223 P.
767 4163 885 4240 ⁰venit]
903 4162 930 4223 ei
944 4175 974 4223 et
986 4163 1021 4222 P.
1117 4165 1245 4243 nequas]

152 4258 256 4316 equens
270 4241 301 4300 P.
383 4244 529 4320 autpote]
545 4253 646 4322 utputa
661 4243 693 4303 Ρ.

195 4436 241 4478 ιο.
265 4419 368 4496 eques]
393 4421 448 4477 Pro
472 4439 552 4495 eques
579 4418 679 4478 similis
720 4439 783 4476 cum
826 4422 887 4480 hmo
928 4423 1044 4497 διβραχὺς
1084 4420 1131 4480 sit.
1184 4423 1247 4480 CA-

151 4497 244 4575 aliqua
252 4499 418 4578 reponenda
431 4499 519 4559 dictio
527 4498 678 4570 trochaica,
721 4499 820 4558 Milli.

773 4616 799 4663 X
