3012 5084
286 407 333 484 6s
661 411 782 486 Marii
801 409 981 486 Victorini
1265 433 1338 482 aru.
1358 431 1387 482 1.

287 607 323 663 et
340 592 492 690 cyathus
510 595 640 693 exigua
660 621 836 670 mensurae
856 595 985 694 portio,
1004 593 1152 692 parique
1168 593 1306 666 ratione
1323 593 1389 666 de-

245 707 475 806 arcempeda,
497 721 534 780 et
559 735 633 808 pes,
660 723 697 782 et
719 710 873 808 digitus:
901 711 953 784 sic
981 723 1018 782 et
1043 723 1141 781 totus
1164 735 1286 782 versus
1314 735 1390 782 me-

288 835 397 912 trum,
414 837 451 896 et
469 823 601 922 singuli
619 825 728 922 pedes
745 825 878 922 quibus
895 852 978 898 eum
997 824 1178 911 metimur,
1192 837 1307 897 metra
1324 850 1389 896 uo-

245 964 275 1012 23
288 937 484 1012 minantur.
513 939 646 1036 ltaque
657 939 743 1037 quia
759 955 843 1013 sunt
859 943 967 1013 verba
984 941 1090 1012 rebus
1107 939 1287 1038 pauciora,
1299 964 1387 1011 nam

288 1068 435 1154 propter
451 1053 630 1126 infinitam
649 1079 766 1128 rerum
783 1055 1069 1142 multitudinem,
1082 1055 1140 1126 cui
1159 1079 1388 1152 nequaquam

289 1169 457 1241 omnibus
483 1170 655 1241 vocabula
681 1171 824 1268 propria
849 1171 1104 1258 invenirentur,
1121 1195 1202 1265 quas
1225 1170 1315 1240 ratio
1335 1169 1388 1240 lo-

290 1282 422 1379 quendi
450 1284 643 1380 flagitabat,
661 1287 896 1360 &translatitie
921 1313 941 1360 a
962 1311 1191 1382 quacumque
1216 1311 1254 1357 re
1279 1283 1389 1356 simili

290 1424 332 1470 ac
358 1397 521 1496 proxima
543 1398 712 1498 pleraque
738 1400 908 1500 appellari
933 1399 1156 1500 lcoeperunt
1173 1412 1214 1471 ut
1231 1399 1269 1470 in
1287 1424 1391 1470 mon-

290 1513 387 1584 tibus
405 1513 566 1602 vertices‚
584 1515 620 1587 in
639 1515 771 1588 vitibus
790 1515 940 1613 flagella,
958 1514 994 1586 in
1011 1514 1171 1586 exercitu
1189 1514 1293 1602 acies,
1310 1513 1389 1602 alae,

290 1641 327 1700 et
352 1655 497 1717 cornua,
520 1629 556 1700 in
584 1631 733 1703 surculis
757 1657 924 1728 gemmae,
950 1643 987 1702 et
1011 1629 1144 1702 ¹cetera
1166 1655 1230 1728 per
1253 1627 1391 1700 kmeta-

176 1815 178 1820 ,
247 1744 442 1842 24phoram
471 1745 652 1818 translata.
703 1745 860 1828 Quidam
892 1759 1013 1818 autem
1044 1772 1115 1818 uon
1142 1743 1271 1843 pedem
1299 1742 1392 1815 ¹me-

290 1873 386 1932 trum
406 1885 483 1930 esse
499 1859 637 1944 volunt,
656 1859 717 1932 sed
745 1861 932 1956 syllabam,
949 1861 1047 1958 quod
1071 1861 1139 1933 hac
1164 1861 1284 1958 ipsum
1302 1885 1393 1955 quo-

291 2002 362 2073 que
386 1974 517 2074 pedem
549 1975 751 2062 metiamur,
777 1995 813 2048 et
838 1976 965 2073 ΠΕ’ᾳιιοά
990 1975 1092 2049 finita
1122 2001 1199 2048 csse
1224 2001 1394 2048 mensura

247 2119 276 2169 25
291 2089 432 2174 debeat,
458 2089 566 2188 pedes
593 2103 713 2163 autem
748 2090 784 2162 in
814 2117 917 2162 versu
945 2090 1158 2163 ”variantua
1209 2090 1283 2162 Alii
1315 2115 1394 2163 rur-

291 2230 370 2277 sum
399 2231 467 2277 nec
501 2201 631 2302 pedem
662 2229 729 2276 nec
763 2205 938 2303 syllabam
968 2219 1124 2279 metrum
1158 2218 1290 2304 putant
1313 2231 1394 2278 esse

291 2319 499 2407 dicendum,
517 2317 578 2390 sed
604 2331 761 2418 tempus,
778 2319 862 2417 quia
884 2345 992 2392 omne
1018 2335 1172 2394 metrum
1197 2320 1234 2394 in
1257 2348 1300 2393 eo
1317 2347 1394 2417 quo

291 2433 465 2506 metimur
481 2425 633 2506 numero
646 2435 789 2508 finitum
809 2449 874 2521 est,
888 2447 929 2506 ut
941 2435 1180 2534 decempeda:
1207 2461 1278 2507 non
1292 2436 1393 2507 enirn

292 2547 403 2620 modo
428 2547 552 2620 decern
582 2549 702 2633 habet,
729 2547 839 2620 modo
861 2547 1042 2639 undecim,
1066 2547 1175 2622 modo
1199 2547 1392 2621 duodecim

292 2663 413 2762 pedes,
439 2661 501 2734 sed
520 2689 662 2760 semper
677 2662 823 2736 decemt
849 2663 944 2736 unde
963 2663 1094 2763 pedem
1111 2677 1291 2737 ⁰metrum
1314 2689 1395 2736 esse

293 2804 365 2850 non
395 2805 512 2877 posse,
540 2778 625 2874 quia
659 2778 825 2852 inversu
860 2777 970 2851 modo
996 2803 1091 2850 unus
1118 2796 1172 2850 est
1205 2777 1395 2876 l'dactylus

294 2893 402 2966 modo
436 2894 520 2984 duo,
554 2919 616 2966 seu
647 2893 808 2992 spondei,
842 2892 1021 2967 interdum
1058 2893 1245 2966 incurrunt
1281 2905 1396 2964 retro

293 3009 397 3096 chael,
415 3023 477 3082 aut
503 3008 753 3108 amphimacri,
769 3035 922 3106 quorum
942 3008 1145 3081 diversitate
1160 3006 1268 3102 juxta
1293 3021 1398 3106 ‘lapa-

294 3123 346 3196 tia
371 3137 576 3222 temporum
606 3138 772 3210 metrum,
799 3123 897 3220 quod
927 3139 1060 3198 certam
1095 3147 1299 3194 mensuram
1331 3123 1398 3194 ba-

252 3239 379 3311 zobere
397 3238 537 3328 debeat,
556 3265 784 3335 nequaquam
809 3241 952 3312 finitum
981 3238 1141 3311 inveniri.
1192 3236 1310 3310 Nobis
1337 3263 1398 3310 su·

295 3379 471 3452 pervacua
498 3351 737 3425 videturesse
762 3379 885 3453 pugna
910 3354 1019 3442 vocis,
1034 3378 1119 3426 cum
1137 3350 1182 3424 de
1204 3378 1242 3423 re
1265 3377 1397 3424 conve-

295 3467 383 3552 niat,
401 3465 576 3564 siquidem
595 3479 770 3540 'metrum
790 3469 881 3541 etin
900 3469 1049 3568 syllaba,
1067 3481 1104 3538 et
1117 3467 1154 3538 in
1172 3481 1346 3564 tempore,
1359 3479 1398 3538 et

296 3581 333 3654 in
362 3580 454 3680 pede
489 3580 727 3654 constitutum
763 3581 807 3654 ad
841 3595 970 3656 'unam
1004 3607 1186 3655 summam
1221 3581 1396 3654 decurrat.

254 3725 284 3777 η
297 3697 443 3770 Horum
461 3696 594 3768 etenim
614 3697 777 3770 omnium
804 3699 951 3796 cognita
971 3709 1160 3795 potestate,
1177 3721 1397 3796 supervacua

297 3827 352 3885 est
369 3813 410 3886 lis
427 3811 557 3885 omnis.
608 3811 707 3887 Nam
725 3839 808 3885 cum
833 3811 1058 3914 temporibus
1076 3811 1251 3911 syllabam
1271 3811 1397 3884 metia-

339 4037 543 4098 ttranslaticie
556 4057 573 4096 a
586 4043 767 4116 quacunque]
785 4038 954 4098 translatitie
968 4059 986 4096 a
999 4057 1177 4117 quacumque
1191 4039 1224 4096 P.
1305 4035 1322 4079 ¹¹
1336 4057 1395 4096 coe·

298 4119 415 4196 perunt]
430 4131 575 4196 caeperunt
588 4120 619 4176 P.
700 4117 709 4162 ¹
724 4123 839 4195 caetera]
855 4133 949 4178 cetera
963 4121 994 4176 P.
1077 4117 1093 4160 k
1109 4117 1318 4196 metaphoram]
1336 4137 1397 4174 rue-

298 4200 436 4276 taphoran
452 4199 482 4257 P.
597 4195 873 4277 lmetrurn-qnod]
891 4213 1106 4276 metron—quae
1120 4200 1153 4256 P.
1267 4197 1394 4276 mquod]

299 4299 362 4356 quae
376 4281 407 4338 P.
464 4291 480 4323 ¹¹
497 4277 650 4353 varientur]
667 4279 806 4337 variantur
821 4283 852 4338 P.
864 4281 909 4338 ed.
922 4282 1002 4336 Cam.
1065 4295 1080 4323 ⁰
1095 4279 1230 4352 metrum]
1244 4289 1355 4336 metron
1365 4279 1395 4334 P.

299 4369 316 4415 Ρ
330 4359 473 4436 dactylus]
491 4359 610 4416 dactilus
626 4361 655 4416 P.
741 4371 774 4415 rr
788 4361 917 4434 trochaei]
935 4359 1041 4418 trochei
1056 4359 1087 4418 Ρ.
1177 4359 1315 4436 tapecia]
1333 4377 1397 4434 spa·

298 4439 340 4497 tia
352 4441 384 4498 P.
485 4449 496 4480 ¹
512 4441 647 4516 metrum]
665 4451 774 4497 metron
790 4440 820 4497 P.
914 4449 926 4482 ⁸
942 4459 1026 4497 unarn
1041 4441 1198 4516 aunnnam]
1217 4459 1305 4497 uuum
1320 4457 1398 4496 sum·

301 4539 348 4578 ma
362 4522 393 4578 P.
435 4519 490 4579 Sed
504 4519 544 4578 N.
556 4521 590 4578 B.
605 4531 650 4578 est
664 4539 756 4578 rasura
769 4521 908 4600 postulo
923 4539 1044 4578 summa.
