3012 5084
253 377 300 436 50
640 359 759 432 Mnrii
778 359 966 432 Victorini
1234 379 1307 429 aru.
1325 379 1353 427 1.

252 544 429 643 positione
448 541 575 640 longis,
592 555 629 613 et
647 541 742 614 brevi
764 533 903 630 ultima,
919 542 980 640 qui
1003 543 1045 612 fit
1069 567 1131 638 pes
1158 540 1358 638 palimbac-

226 659 367 738 schius.
420 657 543 752 Hujus
578 658 732 755 primam
760 657 939 756 positione
969 658 1115 754 longam
1144 671 1306 754 correpta
1337 682 1360 729 e

253 774 372 845 littera
390 797 466 844 esse
484 770 717 844 manifestum
736 785 802 862 est,
820 797 928 867 quam
954 771 982 842 sl
1006 770 1228 870 produxeris,
1244 785 1286 844 ut
1304 771 1360 842 in-

254 886 395 959 terdum
424 886 533 959 etiam
562 886 708 959 Metrici
735 886 883 974 faciunt,
910 899 951 957 ut
971 911 1037 984 pro
1060 911 1089 970 e,
1107 919 1127 974 η
1148 886 1275 958 Graeca
1299 886 1361 957 lit-

255 1015 330 1073 tera
343 999 519 1086 audiatur,
533 1027 614 1098 quse
632 1027 775 1098 semper
787 1015 913 1072 natura
927 1001 1034 1099 longa
1047 1015 1112 1085 est,
1126 1003 1179 1086 fit,
1193 1015 1236 1074 ut
1247 1000 1358 1074 etiam

256 1114 511 1190 accedentibus
528 1116 667 1190 duabus
692 1115 985 1204 consonantibus,
1005 1117 1145 1214 longior
1171 1116 1362 1214 prolixior-

228 1253 328 1327 aque
356 1228 537 1314 videatur;
581 1231 714 1330 quippe
745 1255 828 1303 cum
867 1230 975 1302 trium
1005 1243 1210 1328 temporum
1242 1231 1362 1330 spatio

258 1357 363 1418 aucta
380 1345 437 1433 sit,
453 1373 534 1443 quoe
551 1345 664 1419 duum
682 1345 810 1432 fuerat,
827 1369 912 1416 cum
930 1358 1024 1416 esset
1041 1371 1105 1442 per
1122 1371 1141 1416 e
1158 1359 1360 1442 correptam

231 1485 390 1538 tuomen
409 1461 556 1534 elatum.
608 1461 702 1533 Item
722 1461 942 1554 ἀμφιεσμένος,
959 1461 1179 1554 ἠμφιεσμένος.
1227 1458 1363 1542 ¹²Quod

260 1577 295 1647 in
332 1591 447 1648 metro
474 1575 569 1675 apud
597 1577 742 1649 Groecos
772 1574 978 1671 frequenter
1006 1573 1221 1662 invenimus,
1252 1573 1365 1646 habet

259 1691 356 1763 enim
376 1690 475 1764 etde
492 1705 618 1764 natura
635 1689 733 1762 etde
751 1689 928 1788 positione
946 1688 1115 1786 longioris
1138 1689 1285 1786 syllabae
1307 1687 1365 1759 in-

231 1819 496 1879 terementunr.
548 1805 701 1876 Brevem
722 1819 842 1878 autem
860 1804 981 1876 ⁰brevi
1007 1805 1204 1902 longiorem
1231 1804 1281 1876 sic
1306 1803 1365 1876 in·

260 1921 373 2019 telligi
402 1920 539 2008 volunt,
568 1933 610 1992 ut
637 1920 674 1991 in
705 1919 832 1992 eodem
868 1919 1026 2008 nomine,
1055 1918 1363 1992 artmannus.-

261 2036 351 2108 drus
362 2035 460 2107 enim
475 2035 612 2132 syllaba
627 2046 764 2131 ‘lquum
780 2059 888 2107 unam
901 2033 1061 2106 vocalem
1076 2047 1202 2106 natura
1215 2035 1363 2106 brevem

263 2151 404 2234 babeat,
422 2164 492 2220 tres
510 2163 631 2222 tamen
659 2148 737 2220 alias
758 2160 994 2219 consonantes
1011 2147 1242 2220 cum'eadem
1260 2147 1366 2220 elatae

262 2293 334 2338 non
353 2289 480 2363 parum
501 2263 674 2364 temporis
700 2264 737 2336 in
763 2289 864 2335 mora
881 2263 1182 2361 pronuntiationis
1208 2289 1366 2362 occupa-

234 2381 366 2453 sbunt.
417 2378 498 2450 Erit
515 2405 599 2477 ergo
614 2379 691 2452 haec
717 2378 833 2450 brevis
852 2379 897 2450 ab
915 2404 956 2450 ea
974 2377 1124 2475 longior,
1141 2378 1179 2449 in
1198 2403 1269 2474 qua
1287 2378 1367 2449 sola

262 2522 299 2582 u,
320 2519 427 2591 quam
456 2519 538 2566 cum
568 2493 646 2564 aliis
672 2492 860 2566 enuntiata
886 2491 1012 2565 litteris
1030 2491 1141 2564 oso:
1166 2491 1365 2564 auctiorem

262 2609 360 2683 enim
379 2607 652 2704 uberioremque
678 2607 822 2679 auribus
849 2633 994 2678 sensum
1015 2605 1142 2679 reddit.
1194 2605 1263 2680 Sed
1288 2606 1367 2678 baec

222 2749 251 2786 ιο
263 2721 534 2821 'scrupulositas
547 2721 701 2794 Musicis
713 2721 996 2819 etRhytbmicis
1010 2722 1241 2820 relinquatur.
1264 2721 1367 2795 Nam

264 2840 348 2937 quia
366 2836 410 2911 ad
429 2864 494 2910 nos
513 2838 653 2926 attinet,
666 2849 834 2909 notemus
853 2837 1039 2935 plerasque
1058 2839 1213 2935 syllabas
1229 2837 1368 2910 ratione

264 2979 365 3052 pares
390 2979 477 3038 esse,
496 2951 611 3049 spatio
630 2965 750 3024 autem
770 2979 832 3024 seu
859 2979 947 3025 sono
963 2953 1130 3051 impares,
1148 2966 1190 3025 ut
1210 2951 1367 3026 dicimus

264 3093 390 3139 omnes
409 3065 610 3138 Germanos
637 3066 763 3165 longos
781 3094 869 3152 esse,
887 3069 1051 3164 quamvis
1076 3095 1148 3140 non
1175 3069 1248 3140 sint
1270 3084 1369 3138 som-

265 3206 328 3252 nes
347 3178 508 3274 ejusdem
535 3191 699 3252 staturae:
726 3181 777 3254 sic
800 3182 963 3254 dicemus
984 3183 1094 3255 etiam
1122 3181 1185 3254 bas
1212 3180 1368 3280 syllabas

267 3293 302 3364 in
331 3318 459 3391 genere
485 3317 561 3363 esse
587 3317 658 3364 non
687 3293 723 3365 in
750 3296 866 3394 spatio
896 3297 1083 3395 longarum
1116 3323 1178 3369 seu
1202 3295 1367 3368 brevium

224 3407 496 3506 ”syllabarum
548 3407 666 3504 Igitur
688 3435 771 3482 cum
800 3413 923 3486 metris
947 3413 1037 3485 nihil
1062 3412 1177 3508 majus
1203 3411 1369 3484 minusve

268 3521 389 3594 afferat
407 3519 614 3615 hujusmodi
633 3521 733 3607 ratic,
746 3549 814 3596 nec
831 3526 1000 3622 praefiniti
1015 3526 1080 3598 sibi
1100 3525 1272 3625 temporis
1292 3551 1370 3597 mo-

268 3635 354 3707 dum
375 3633 528 3729 adjectio
541 3637 769 3708 consonantis
783 3639 943 3730 excedat,
955 3641 1107 3714 Musicis
1125 3641 1368 3742 potiusquam

270 3748 434 3824 Metricis
452 3747 488 3821 id
506 3749 780 3823 auscultandum
801 3779 877 3825 esse
895 3753 1068 3830 dicemus.

492 3965 593 4045 Car.
618 3965 691 4045 IX.
743 3969 808 4049 Dc
826 3971 929 4050 Arsi
946 3984 986 4050 ct
1013 3972 1144 4053 Theai.

319 4096 492 4172 Decursis
526 4096 743 4196 syllabarum
777 4099 903 4189 modis,
932 4106 1028 4199 (quae
1062 4129 1126 4202 per
1160 4101 1300 4174 vocales
1335 4115 1374 4174 et

313 4322 329 4353 ¹¹
343 4309 435 4387 quod]
451 4329 514 4386 quae
528 4310 558 4367 P.
650 4321 665 4352 ⁰
680 4311 756 4369 brevi
771 4313 940 4391 longiorem]
958 4316 1112 4374 breviorem
1128 4318 1159 4373 P.
1251 4317 1372 4372 PTlser-

272 4389 403 4462 sandrus]
418 4389 612 4448 Thessandrus
626 4392 656 4447 P.
763 4397 894 4469 equum]
908 4415 973 4453 cum
989 4397 1020 4454 P.
1132 4395 1371 4474 rscrupulositas]

272 4469 428 4548 scrupulosi
444 4471 474 4529 P.
563 4480 575 4512 ⁸
590 4473 704 4546 omnes]
720 4473 813 4530 omnis
828 4473 857 4531 P.
