3076 5140
280 455 349 532 174
659 437 778 513 Marii
798 439 979 512 Victorini
1228 463 1303 514 ms.
1317 463 1376 514 m.

427 623 529 698 Sella
545 625 584 698 in
601 621 722 698 curuli
738 619 888 724 &scrofa
905 621 1050 696 Nonius
1066 622 1177 696 sedet.

276 739 370 824 Fiat,
387 753 527 812 mutato
544 738 728 830 11ειοοεῐιῐυ,
746 737 826 838 ¹pro
850 737 963 827 sedet,
988 737 1095 827 sedit,
1115 738 1183 810 erit
1206 737 1376 812 claudus:

276 881 396 928 rursus
416 857 514 929 hunc
535 855 753 956 permutatio
770 855 960 928 verborum
980 854 1087 928 faciet
1106 853 1303 928 iambicum
1321 855 1378 928 in-

275 987 440 1072 tegrum:
469 987 520 1064 ut,
1072 1053 1075 1060 ,

426 1088 529 1163 Sella
546 1090 585 1162 in
602 1087 725 1163 curuli
738 1086 862 1190 scroj'u
878 1089 973 1162 sedit
988 1085 1146 1162 Nonius.

234 1229 264 1280 ¹9
277 1202 451 1278 Similiter
467 1219 504 1279 et
521 1204 647 1277 ¹‘iilum
667 1217 836 1278 scszonta
854 1205 1072 1304 permutatio
1090 1203 1214 1276 eadem
1234 1217 1375 1278 rectum

275 1319 472 1395 iambicum
492 1320 618 1394 faciet:
645 1333 697 1408 ut,

425 1435 522 1510 ¹Nec
538 1436 720 1510 excitatur
735 1431 888 1510 ‘chorico
905 1435 1003 1508 truci
1019 1433 1134 1508 miles.

276 1547 422 1638 Contra,

427 1666 512 1741 Nec
528 1669 711 1743 excitatur
728 1666 877 1742 classico
893 1664 998 1739 miles
1014 1664 1121 1738 truci.

278 1781 362 1855 Hoc
388 1795 509 1856 autem
535 1797 623 1856 tunc
648 1782 796 1856 demum
814 1781 922 1854 lmfieri
949 1779 1092 1880 poterit,
1109 1777 1139 1852 si
1158 1779 1276 1852 ultimi
1300 1779 1374 1854 duo

276 1895 384 1996 pedes
402 1923 447 1969 ex
465 1896 652 1996 disyllabis
669 1897 786 1970 verbis
804 1897 1037 1983 ”subsistant
1054 1907 1096 1968 ut
1112 1895 1206 1968 inter
1231 1922 1269 1968 se
1295 1921 1375 1994 per-

232 2036 265 2072 πο
277 2010 407 2083 mutari
446 2011 595 2110 possint.
661 2011 754 2085 Hoec
789 2011 993 2110 conpositio
1026 2010 1213 2107 ⁰quamvis
1245 2010 1374 2084 vitiosa

275 2139 397 2198 tamen
429 2125 465 2198 in
496 2126 655 2200 iambico
683 2126 841 2226 placuit;
876 2153 960 2198 nam
989 2126 1235 2199 Pchoiiambos
1265 2125 1372 2198 multi

275 2252 436 2313 veterum
467 2241 694 2339 scripserunt.
746 2239 851 2314 Idem
875 2239 1101 2339 sHipponax
1131 2240 1239 2314 etiam
1266 2253 1374 2313 tetra-

275 2367 432 2427 metrum
462 2355 538 2454 pari
569 2356 649 2454 iege
673 2382 744 2453 qua
769 2355 972 2428 trimetrum
999 2355 1154 2442 induxit,
1178 2355 1280 2452 cujus
1305 2356 1374 2430 erit

275 2470 497 2568 exemplum,
1208 2529 1212 2538 .

325 2587 404 2660 Pro
419 2586 547 2683 pudor,
563 2584 657 2660 sella
674 2586 714 2658 io
732 2584 851 2659 curuli
867 2583 990 2685 scrofa
1008 2584 1154 2658 Nonius
1170 2585 1275 2660 sedit.

275 2705 374 2776 Nam
404 2703 518 2776 tribus
544 2701 721 2800 'syllabis
751 2699 787 2773 id
817 2713 872 2774 est
902 2701 1151 2800 amphimacro
1181 2701 1272 2800 pede
1304 2725 1372 2797 pru

231 2849 260 2882 αι
271 2819 403 2916 pudor,
420 2818 637 2918 superiorem
656 2829 829 2905 ⁸versum,
845 2830 885 2890 ut
902 2816 1012 2905 vides,
1030 2815 1221 2918 praecedet.
1248 2817 1355 2904 Item,

374 2932 536 3008 Hatitat
551 2959 616 3007 nec
634 2934 815 3007 excitatur
832 2931 977 3006 classico
995 2934 1093 3007 truci
1109 2931 1221 3006 notes.

274 3047 428 3144 Adjecto
461 3047 505 3121 ad
540 3049 759 3148 principium
790 3073 912 3120 versus
956 3048 1109 3137 kcritnt,
1143 3060 1371 3122 tetrametrus

274 3162 390 3234 factus
423 3177 497 3236 est:
537 3164 583 3236 de
618 3190 689 3260 quo
724 3165 828 3262 plura
861 3163 979 3236 dicere
1008 3190 1268 3263 supervacuum
1305 3177 1370 3236 est.

275 3278 455 3350 tOmnino
472 3280 567 3352 enim
587 3307 817 3379 quaecunque
834 3281 1011 3380 supremis
1027 3279 1167 3354 duabus
1185 3279 1371 3378 adjungas,

274 3417 319 3465 ex
338 3391 548 3468 choriambo
565 3411 602 3470 et
619 3397 805 3495 dibrachy‚
822 3397 858 3470 id
882 3409 937 3469 est
955 3395 1177 3496 pyrrhichio,
1195 3395 1268 3467 duo
1288 3394 1372 3468 doc-

231 3535 261 3571 22
275 3505 341 3604 tyti
367 3505 577 3582 efficientur.
629 3509 736 3591 Quod
752 3536 835 3584 cum
856 3511 905 3584 ita
923 3511 979 3595 sit,
998 3511 1117 3584 nuilus
1134 3511 1294 3584 'inficias
1322 3511 1371 3582 ire

273 3623 416 3722 poterit,
427 3623 544 3720 wquin
563 3648 608 3696 ex
625 3623 785 3722 spondeo
798 3625 986 3700 etduobus
999 3625 1152 3725 dactylis
1165 3627 1369 3698 trimetrum

272 3736 417 3835 epicum
434 3736 630 3812 formatum
649 3737 715 3811 sit:
742 3738 800 3812 cui
818 3739 848 3812 si
867 3739 1135 3815 Pherecratium
1153 3738 1372 3837 adjunxeris,

314 4012 449 4089 tscrofa]
467 4013 556 4072 strofa
572 4013 604 4071 P.
619 4025 649 4072 et
662 4033 738 4072 mox.
832 4010 848 4056 ¹²
864 4013 996 4087 accentu]
1014 4014 1083 4072 Post
1092 4013 1122 4071 h.
1135 4031 1159 4072 r.
1174 4015 1204 4070 in
1219 4014 1252 4072 P.
1266 4011 1371 4090 aliquid

272 4110 393 4151 erasum.
475 4091 548 4172 ¹pro
562 4093 651 4163 sedet,
666 4093 749 4160 sedit,
763 4090 828 4167 erit]
845 4093 916 4172 ppt‘
929 4093 980 4152 sed
994 4093 1046 4153 etsi
1061 4093 1165 4154 deterit
1178 4094 1208 4152 P.
1304 4091 1371 4152 ku-

272 4171 346 4247 lum]
364 4172 393 4230 io
408 4171 487 4231 illum
505 4176 537 4232 P.
619 4171 709 4248 lnec]
727 4193 784 4231 non
800 4174 832 4231 P.
914 4185 939 4218 ω
952 4175 1029 4233 feriri
1043 4175 1075 4232 P.
1168 4185 1185 4217 ¹¹
1198 4173 1367 4250 subsistant]

272 4253 430 4310 subsistunt
442 4255 477 4312 P.
587 4264 603 4297 ⁰
616 4253 754 4331 quamvis]
770 4272 835 4312 cum
850 4255 882 4313 P.
998 4254 1217 4330 'choliambofl
1235 4253 1370 4313 choliam-

273 4333 341 4406 boip
355 4334 385 4390 P.
467 4333 665 4412 ttHvipponsx]
683 4333 795 4412 Hippo.
832 4335 909 4394 Nam
925 4335 956 4394 Ρ.
1038 4335 1190 4411 rsyllabis]
1203 4335 1324 4414 syllabas
1339 4337 1369 4392 P.

272 4413 423 4488 ¹versuto]
440 4432 519 4473 versu
533 4415 564 4474 P.
665 4413 822 4488 tomnino]
838 4417 936 4474 omnia
949 4416 980 4474 P.
1090 4429 1105 4459 v
1118 4415 1227 4475 inficias
1241 4415 1293 4490 ire]
1309 4414 1371 4472 infi-

271 4491 339 4552 tiare
355 4495 386 4553 P.
402 4507 468 4571 post
481 4514 533 4553 ras.
616 4501 636 4530 ⁸*
650 4493 733 4572 quin]
751 4515 779 4572 q.
790 4495 822 4552 P.
865 4495 940 4554 Dedi
955 4515 1021 4554 mox
1036 4496 1147 4556 duobus
1161 4516 1211 4574 pro
1226 4495 1346 4556 duabus.
