3124 5120
284 383 353 444 124
668 365 788 440 Marii
807 363 992 438 Vrctorini
1246 385 1320 435 eru.
1338 385 1380 434 n.

381 552 459 624 Dic
474 577 583 640 nunc,
599 575 672 649 age
692 549 785 635 Clio,
802 549 892 623 milri
909 549 968 622 dic
983 546 1102 622 nobile
1118 571 1276 620 carmen.

254 709 262 720 ·
282 666 325 740 ld
352 680 472 740 autem
491 665 588 764 quod
615 665 812 738 trochaeum
832 664 960 763 recipit
987 661 1196 736 Praxillium
1214 661 1381 734 dixerunt

282 795 438 855 metrum
469 794 511 854 ‘a
541 779 698 854 Praxilla
726 781 863 879 poetria
895 777 1077 879 Sicyonia,
1110 775 1208 876 quod
1233 790 1288 850 est
1320 776 1382 848 tri-

282 910 436 970 metrum
465 895 815 995 bracbycatalectum
836 895 973 968 habens
999 919 1142 993 semper
1162 893 1198 964 in
1226 889 1382 965 secunda

280 1013 426 1109 regione
453 1010 669 1084 trochaicam
691 1011 792 1084 basin
818 1023 899 1108 post
924 1009 1079 1082 ionicam
1106 1009 1274 1108 primam,
1290 1021 1383 1080 tarn·

281 1155 403 1226 quam,

386 1243 550 1315 renunc
566 1267 655 1340 rogo
673 1239 810 1316 Plroelre
827 1241 933 1316 dulce
949 1241 1071 1314 melos.

283 1363 390 1448 Item,

386 1474 462 1552 Qui
477 1498 573 1548 nunc
590 1473 727 1546 hilares
743 1471 852 1547 litare
870 1473 985 1546 deam

240 1607 269 1658 16
284 1589 455 1665 Incidunt
473 1605 606 1674 autem,
624 1602 664 1661 nt
681 1587 973 1688 supradiximus,
990 1587 1028 1660 in
1044 1587 1113 1661 boc
1131 1601 1245 1660 metro
1263 1586 1382 1685 plures

282 1705 404 1806 pedes,
433 1705 563 1802 quibus
594 1703 738 1775 mollius
768 1703 927 1776 redditur
953 1702 1131 1800 frequenti
1162 1701 1380 1802 syllabarum

282 1820 493 1918 adjectione,
510 1833 710 1916 tamquam,

338 1936 464 2010 Genus
480 1936 576 2009 unde
592 1933 780 2009 Latinum.
807 1935 914 2036 Rogo
925 1963 1044 2037 genua
1060 1936 1156 2010 unde
1172 1935 1360 2009 Latinum.

281 2051 379 2126 Nam
409 2077 474 2152 pro
491 2049 651 2150 spondeo
668 2051 808 2150 positus
824 2067 879 2124 est
896 2066 1096 2152 anapaestus
1123 2052 1159 2125 in
1186 2050 1383 2152 primordio

282 2167 391 2240 trium
418 2166 586 2265 l‘quidem
606 2166 837 2264 syllabarum,
855 2166 916 2240 sed
935 2181 1056 2241 tamen
1074 2182 1280 2268 temporum
1298 2167 1383 2239 toti-

282 2283 378 2372 dem,
394 2309 466 2380 qua
484 2281 689 2354 conditione
706 2295 742 2354 et
759 2281 961 2382 tribrachys
978 2309 1043 2382 pro
1055 2284 1212 2357 trocbaeo
1224 2284 1383 2382 plerum-

282 2426 353 2498 que
378 2398 591 2487 admittitur,
617 2423 684 2470 nec
706 2397 805 2470 enim
833 2423 985 2470 numero
1011 2399 1231 2497 syllabarum
1258 2413 1384 2487 metra,

240 2543 268 2595 rr
282 2514 344 2588 sed
362 2527 565 2612 temporum
595 2511 723 2612 spatio,
741 2513 980 2586 examinanda
1003 2529 1098 2588 sunt.
1150 2513 1222 2588 Sed
1244 2527 1281 2587 et
1298 2513 1382 2587 dac-

282 2630 379 2728 tylus
406 2654 665 2725 nonnunquam
693 2653 734 2700 ea
761 2627 841 2725 lege
868 2629 904 2700 in
924 2629 1120 2702 Sotadeum
1140 2641 1297 2702 metrum
1325 2655 1384 2702 ca-

282 2743 365 2817 det:
393 2757 432 2818 ut
450 2757 517 2832 est,

383 2859 524 2948 Dicite,
540 2884 631 2958 rogo
648 2883 720 2948 vos,
738 2856 857 2944 dicite,
876 2859 966 2958 quid
980 2859 1035 2932 itu
1052 2861 1200 2958 rapitur
1217 2861 1331 2934 Artis.

282 2975 343 3060 Et,
361 2973 457 3072 qnod
485 2975 600 3073 magis
623 2974 755 3047 mirum
783 2973 894 3046 videri
920 2989 1051 3074 posset,
1069 2988 1165 3048 totus
1188 2975 1382 3050 cSotadeus

283 3115 403 3162 versus
427 3115 472 3162 ex
498 3088 685 3163 ‘¹trochaeis
710 3089 864 3188 pedibus
890 3091 1022 3188 poterit
1051 3091 1217 3177 ordinari,
1244 3105 1285 3165 ut
1309 3092 1383 3164 duo

284 3204 414 3276 lrabeat
434 3203 672 3302 ithyphallica
700 3217 825 3294 metra,
841 3205 976 3278 inserto
993 3206 1113 3279 medio
1130 3207 1301 3292 trochaeo,
1319 3207 1382 3304 qni

284 3331 359 3390 eest
376 3319 561 3417 septimus,
579 3317 702 3407 veluti,

370 3431 502 3496 sBocclre
516 3433 638 3496 Buccle
653 3433 776 3498 Bucclte
791 3435 915 3500 Bocche
929 3435 1052 3500 Bacche
1065 3437 1188 3501 Bacclre
1201 3437 1332 3502 Bacche.

241 3570 270 3618 n
285 3540 427 3624 Quibus
446 3541 475 3613 si
497 3541 752 3642 interposueris
777 3543 915 3642 aliquos
942 3547 1245 3647 brachysyllabos,
1267 3549 1303 3622 id
1330 3563 1384 3622 est

285 3683 306 3729 e
322 3655 436 3728 tribus
455 3655 634 3746 brevibus,
652 3656 812 3753 ejusdem
831 3661 978 3734 rationis
997 3678 1033 3735 et
1050 3665 1189 3736 numeri
1214 3665 1298 3738 licet
1323 3663 1384 3738 ad·

285 3771 526 3845 crescentibus
557 3771 716 3870 syllabis,
741 3789 945 3874 temporum
977 3793 1098 3850 tamen
1125 3779 1203 3877 lege
1232 3794 1382 3868 servata,

285 3913 407 3961 versus
433 3886 607 3961 efficietur
627 3889 763 3977 melior,
780 3889 868 3962 dum
887 3893 1064 3966 celerioris
1090 3895 1167 3967 soni
1184 3894 1384 3969 vibratione

284 4002 491 4076 decoratur:
518 4015 559 4074 ut
576 4015 642 4091 est,

326 4225 342 4257 ⁸
360 4227 391 4272 ut
411 4225 531 4270 metrum
555 4213 684 4274 Praxilloe
703 4215 817 4292 poetria
838 4219 991 4294 Sycioniae]
1013 4233 1044 4280 ut
1064 4235 1185 4282 metrum
1203 4243 1219 4282 a
1240 4223 1385 4302 praxillide

342 4293 393 4352 tria
414 4295 546 4369 Sycionia
569 4295 599 4352 P.
635 4295 764 4354 Correxit
786 4299 978 4358 Camerarius:
1001 4305 1051 4360 sed
1073 4322 1125 4360 nos
1141 4303 1261 4364 fortasse
1282 4303 1384 4364 lenius.

315 4373 427 4452 quidem
444 4373 542 4449 trium]
560 4373 643 4433 trium
659 4375 773 4452 quidem
789 4379 820 4434 Ρ.
875 4381 1038 4458 esondas]
1053 4383 1185 4442 sotadeus
1199 4385 1231 4442 P.
1296 4382 1385 4443 ‘ltro-

286 4454 403 4531 chuicis]
422 4453 542 4544 trochpis
557 4455 589 4514 P.
669 4457 753 4532 cest]
770 4457 822 4516 erit
837 4459 868 4517 P.
948 4459 1084 4521 lBacche
1098 4463 1190 4524 sexies
1204 4477 1315 4524 tuntum
1330 4467 1363 4526 P.
