3076 5140
177 423 262 474 cnr.
275 417 307 474 2.
326 399 392 473 De
409 399 579 474 connects
595 399 690 474 irater
704 425 744 474 se
761 409 872 500 utque
888 401 1096 474 inconnexis
1112 405 1172 500 dyc.
1206 413 1277 490 217

176 609 264 674 non,
281 597 323 658 ut
340 584 377 658 in
396 585 652 683 superioribus,
670 597 741 658 tres
759 583 796 656 in
816 584 946 658 ultimo
962 584 1108 660 trochaei
1126 597 1278 657 nectun-

175 713 246 788 tur,
272 698 335 772 sed
365 699 546 800 spondeus
579 697 809 800 pyrrhichius
835 711 872 772 et
899 699 1075 774 trochaeus
1105 700 1279 788 locantur,

174 815 284 904 velut,

324 929 428 1002 Noto
445 957 523 1029 quc
538 928 785 1030 sedessuerot
803 929 983 1016 columbis,

173 1044 218 1120 de
235 1070 310 1143 quo
328 1043 513 1128 fonnatur,

327 1158 420 1236 Qun
435 1157 685 1260 sedesfnerul
701 1172 789 1236 nota
806 1161 987 1234 columbis.

174 1275 336 1350 Primum
355 1299 512 1362 comma,
1292 1304 1338 1352 ιη

327 1385 698 1488 Quaesedesfuerut,
1219 1461 1222 1467 .

173 1517 315 1578 constat
333 1503 495 1602 spondeo
511 1519 683 1602 sequente
699 1504 855 1602 dactylo,
874 1517 1035 1603 superest
1051 1505 1189 1604 syllaba
1205 1516 1277 1594 rol,

173 1619 259 1692 huie
286 1618 455 1715 adjuncta
482 1645 540 1708 no,
562 1621 681 1719 prima
706 1619 906 1718 tsequentis
929 1619 1096 1694 clausulae
1127 1621 1276 1718 syllaba,

173 1735 375 1836 spondeum
403 1735 561 1808 medium
581 1735 694 1824 dabit,
712 1735 845 1816 debinc
863 1745 902 1809 to
920 1762 959 1810 eo
976 1735 1204 1835 pyrrhichius
1230 1762 1274 1808 ex

172 1867 325 1949 utraque
341 1865 466 1951 'parte
492 1852 589 1926 brevi
609 1851 762 1925 insertus
780 1851 872 1923 inter
890 1851 1089 1950 spondeum
1106 1851 1189 1924 wvel
1204 1864 1275 1923 tro·

172 1967 315 2042 chaeum
328 1968 586 2066 ultimum,qui
606 1981 660 2040 est
676 1965 818 2056 lumbis,
831 1964 1010 2064 disparem
1025 1967 1180 2066 speciem
1199 1981 1273 2040 tam

174 2081 355 2156 Phalaecio
372 2109 481 2179 quam
502 2083 686 2182 Sapphico
702 2098 819 2156 metro
839 2083 1019 2180 figurabit.
1072 2081 1168 2156 Nom
1189 2108 1273 2156 cum
1291 2115 1336 2165 ηε

172 2217 210 2270 et
221 2224 374 2272 numero
390 2211 428 2271 et
446 2197 690 2272 modulatione
707 2211 892 2296 congruat,
911 2198 1112 2271 mutatione
1129 2209 1274 2271 ”tamen

172 2311 305 2411 pedum
327 2313 537 2386 innovatum
556 2325 621 2385 est.

627 2511 733 2592 Cae.
755 2511 812 2592 ΙΙ.

220 2661 395 2735 Decursis
414 2661 585 2734 omnibus
603 2663 649 2736 ab
667 2662 892 2737 incunabulis
920 2663 1004 2736 artis
1032 2661 1181 2757 hujusce
1198 2689 1274 2736 rne-

170 2791 309 2851 trorum
337 2777 540 2876 geueribus,
558 2777 690 2873 quibus
710 2777 831 2876 magni
852 2791 1015 2852 auctores
1033 2791 1107 2850 tam
1126 2778 1274 2852 nomina

169 2893 358 2981 dederunt,
377 2919 487 2990 quam
512 2893 622 2966 etiarn
649 2893 856 2990 frequenter
879 2893 932 2966 usi
960 2907 1055 2983 sunt,
1073 2919 1146 2966 non
1170 2894 1217 2967 ab
1237 2921 1274 2966 re

169 3009 324 3084 arbitror
341 3023 424 3082 ante
442 3009 710 3082 conclusionem
730 3010 927 3084 elucubrati
944 3010 1081 3082 anobis
1098 3010 1275 3108 opusculi,

168 3125 268 3224 prius
295 3150 405 3222 quam
435 3124 482 3198 de
508 3124 629 3198 metris
657 3125 768 3198 nostri
798 3125 898 3224 lyrici
928 3124 1087 3198 carmine
1110 3152 1278 3225 comprer

168 3240 286 3327 benai,
304 3265 386 3336 quae
404 3239 613 3340 singulatim
631 3240 873 3340 perordinem
899 3239 944 3314 ad
961 3239 1179 3339 explendum
1199 3256 1273 3314 stu-

166 3355 259 3429 diosi
284 3355 427 3429 lectoris
455 3354 618 3429 animum
642 3356 807 3455 persequi
832 3357 979 3456 placuit,
1004 3355 1191 3430 exordium
1220 3357 1272 3430 fa·

166 3471 276 3560 ciam,
294 3470 343 3544 ita
361 3471 549 3569 attingere,
566 3471 662 3568 quod
681 3471 845 3544 nonnulli
870 3485 1056 3568 tamquam
1079 3469 1272 3544 eruditioni

166 3600 203 3660 et
221 3585 412 3686 profundae
431 3587 590 3660 scientiae
608 3585 846 3660 necessarium
866 3587 1018 3660 sollicita
1033 3585 1272 3660 sciscitatione

165 3715 422 3801 percontantes
440 3703 602 3802 exigunt,
618 3702 712 3776 unde
727 3715 921 3776 metrorum
941 3715 1049 3800 atque
1060 3703 1178 3776 omnis
1193 3729 1272 3776 mu·

165 3819 253 3892 sieae
280 3816 461 3892 elementa
484 3818 731 3917 processerint,
748 3843 821 3914 quo
837 3831 996 3918 parente,
1012 3831 1106 3914 Yqua
1123 3817 1271 3915 origine,

165 3933 301 4029 quibus
318 3932 474 4006 exordiis
492 3933 594 4006 initia
611 3931 806 4007 earundem
825 3933 955 4006 artium
975 3935 1162 4033 coeperint.
1189 3932 1298 4006 Nec2

165 4047 238 4121 hoc
258 4047 355 4137 satis,
373 4047 481 4122 iidem
502 4062 630 4147 rogant
646 4050 728 4145 quis
755 4048 980 4122 articulatam
998 4075 1123 4122 vocem
1147 4074 1268 4122 acon·

165 4163 308 4236 fusione
346 4160 563 4252 discreverit,
598 4163 680 4261 quis
718 4163 855 4262 primus
890 4163 1044 4260 syllabas
1080 4165 1115 4236 in
1155 4189 1269 4236 enun-

208 4425 392 4505 tsequentis]
409 4427 539 4502 sequenti
555 4427 586 4483 P.
676 4437 692 4467 v
707 4424 795 4501 brevi]
812 4437 891 4502 parte
907 4422 982 4482 brevi
996 4425 1026 4480 Ρ.
1120 4437 1141 4466 w
1155 4427 1197 4484 vel
1213 4439 1269 4484 tro·

165 4507 294 4581 chaenm]
308 4507 353 4566 rel
367 4525 426 4566 om.
442 4507 472 4564 P.
555 4517 571 4548 ¹
586 4507 712 4580 tantum]
729 4517 826 4564 tamen
841 4505 873 4562 P.
955 4505 1052 4580 rqua]
1067 4525 1125 4582 quo
1140 4507 1170 4564 P.

695 4600 753 4671 rf
