3100 5142
317 402 391 498 276
732 399 984 476 Mamaeam

317 589 455 666 abrevi
473 587 609 688 incipit,
626 585 724 686 quod
748 587 785 662 in
813 587 882 662 hoc
899 613 920 660 a
936 587 1066 686 longa3
1092 585 1130 658 in
1155 585 1217 659 illo
1241 580 1415 659 ¹iambus

317 713 470 792 ΘΑΤΑΡ,
488 705 581 778 emim
600 729 682 778 eos:
710 703 746 776 in
766 701 835 776 boc
852 701 1031 803 spondeus
1048 702 1166 792 λίσσον,
1183 702 1331 776 decb-ia

274 971 304 1018 as
411 945 474 1020 De
490 943 748 1020 ciaadiambico
765 951 977 1017 tetrametro
994 943 1315 1044 brachycatalecto.

370 1096 636 1170 Tetromctrrsm
658 1089 960 1168 maadiambicam
987 1092 1337 1194 brachycatalectam
1366 1096 1413 1168 fit

317 1212 386 1286 hoc
413 1207 531 1299 modo,
547 1208 637 1282 duos
662 1207 796 1307 primos
824 1205 933 1308 pedes
960 1209 1131 1285 iambicos
1158 1211 1412 1310 tetrasyllabos

316 1329 477 1417 habebit,
495 1325 639 1400 tertium
658 1323 930 1425 hexasyllabum
948 1351 993 1400 ex
1011 1326 1192 1428 tribrachy
1209 1339 1246 1400 et
1261 1326 1413 1426 dactylo

316 1445 576 1534 *constantem
601 1459 769 1542 quartum
795 1469 878 1516 vero
904 1441 1141 1542 trisyllabum,
1166 1442 1228 1516 sed
1256 1470 1277 1516 a
1307 1443 1411 1516 brevi

317 1563 564 1664 incipientem,
581 1571 642 1634 aut
660 1573 879 1659 anapaestum
898 1571 960 1632 aut
978 1555 1290 1658 amphibrachum,

365 1705 470 1802 ῙΤαχῧ
488 1737 524 1777 σε
541 1709 849 1776 ΛΕΤΤΑΜἸῪΧΗ
867 1709 967 1788 firmor
982 1709 1182 1776 MAlNETE
1199 1702 1353 1802 apo'Baoa.

368 1823 558 1908 Fractospar
571 1840 671 1884 remos
684 1819 812 1906 differat
829 1817 994 1908 Zepbynrs
1008 1819 1130 1884 arduas
1145 1821 1309 1885 varradas

275 2093 305 2148 ²9
550 2055 617 2128 De
632 2055 791 2156 satyrico
808 2067 1020 2132 tetrametro
1038 2055 1169 2130 colara.

370 2211 638 2286 Tetrometram
653 2211 855 2310 satyricam
877 2212 1040 2287 coleram
1066 2214 1244 2311 estquod
1267 2231 1412 2291 constat

317 2327 486 2428 spondeo,
512 2326 645 2416 iambo,
664 2327 834 2428 spondeo,
849 2329 1044 2428 tribrachy,
1068 2345 1106 2404 et
1129 2330 1242 2406 tribus
1265 2333 1411 2424 iambis,
1481 2345 1487 2356 '

317 2459 359 2518 ut
375 2443 421 2517 sit
437 2457 682 2518 tetrametrum
702 2443 1061 2545 brachycatalectum,

464 2557 514 2634 rie
531 2559 642 2633 ultan
658 2557 708 2632 sir
724 2561 837 2650 Asinos
850 2559 881 2632 ‘ln
897 2563 1010 2635 ἔτασσε
1027 2563 1162 2663 βῖχορος.

466 2677 574 2742 Mosa
587 2677 698 2742 Jooem
711 2677 1117 2766 kadoteetogilescbaros
1130 2679 1212 2745 dote.

319 2787 404 2862 Hoc
422 2815 443 2862 a
459 2803 667 2862 tetrametro
685 2788 993 2888 brachycatalecto
1011 2791 1138 2882 miuro,
1150 2791 1195 2866 de
1211 2819 1284 2891 quo
1299 2820 1409 2894 supra

318 2903 437 2992 docui,
456 2904 523 2978 hac
548 2905 684 2979 ratione
709 2903 829 2992 distat,
852 2903 948 3002 quod
975 2905 1063 2979 illud
1086 2921 1252 3006 quartum
1275 2907 1407 3008 pedem

320 3020 521 3120 simplicem
551 3020 766 3122 disyllabum
802 3019 929 3094 habet:
964 3019 1034 3096 hoc
1065 3047 1148 3096 vero
1181 3023 1407 3124 trisyllabum

319 3137 526 3237 tribrachyn
546 3138 584 3210 in
601 3138 674 3211 illo.
1452 3151 1455 3156 '

275 3289 308 3336 30
369 3253 577 3327 Secundum
604 3254 778 3328 rationem
807 3253 911 3328 metri
936 3253 1093 3346 iambici,
1110 3256 1182 3330 huc
1205 3283 1320 3354 usque
1344 3283 1409 3330 ex-

319 3368 418 3442 tendi
444 3380 631 3442 mmetrum
660 3369 855 3444 iambicum
884 3368 1041 3461 deberet,
1066 3397 1087 3446 a
1112 3371 1267 3446 dimetro
1293 3399 1409 3472 usque

320 3481 364 3556 ad
390 3497 647 3570 tetrametrum,
674 3485 836 3582 quamvis
867 3486 1040 3562 Horatius
1069 3513 1183 3588 usque
1211 3489 1257 3563 ad
1283 3490 1410 3564 trime·

319 3613 414 3673 num
441 3598 661 3699 preceperit,
678 3625 761 3674 cum
780 3602 827 3676 de
849 3618 951 3678 sexto
967 3603 1058 3706 pede
1073 3605 1134 3679 vel.
1148 3603 1302 3706 septimo
1318 3606 1409 3680 iam·

319 3715 401 3790 bico
426 3713 560 3789 nullam
578 3715 702 3790 lecerit
727 3720 960 3794 mentionem.
1011 3722 1081 3796 Sed
1105 3724 1275 3822 quoniam
1301 3723 1407 3799 multi

358 3973 485 4034 ¹iambos
498 3981 608 4034 ΘΑΤΑΡ
621 3977 691 4033 caim
706 3993 750 4033 eos
769 3979 799 4034 ia
818 3977 868 4036 boc
887 3981 1019 4054 spondeas
1037 3992 1106 4038 λνσοι
1126 3984 1235 4040 destrae
1248 3981 1285 4043 L.
1306 3983 1409 4041 iambos

365 4060 436 4114 arira
449 4075 493 4114 eos
506 4059 534 4114 is
549 4057 599 4115 loc
610 4060 744 4133 spondeas
755 4068 843 4118 moro
856 4067 884 4118 et
897 4062 999 4118 electris
1013 4061 1171 4122 Putsebius.
1283 4061 1300 4107 ¹¹
1313 4083 1408 4123 conso·

318 4145 429 4194 Mtttan
443 4136 479 4196 L.
628 4135 636 4180 ¹
650 4141 986 4200 'rnx'rCeMeTAM't'rxfl
1000 4145 1054 4214 βιοῦ
1065 4151 1134 4202 ΤΟΝ
1148 4152 1262 4203 ΜΑΙΝΗ
1276 4153 1410 4204 witto.

319 4221 406 4274 BAOA
419 4217 455 4276 L.
535 4225 556 4254 ¹¹¹
571 4219 706 4294 matrum]
724 4215 875 4280 triraetrarir
889 4223 925 4282 L.

317 4479 408 4604 (wop.
432 4473 459 4523 et
476 4467 562 4540 opilea
582 4466 677 4524 claros
694 4469 772 4542 dote]
797 4468 972 4529 Terbetius:
994 4471 1081 4550 legs,
1102 4475 1185 4530 edam
1206 4473 1293 4549 agiles
1312 4473 1408 4531 claras

367 4565 392 4606 e.
