3100 5142
299 429 370 490 28⁴
722 409 845 486 Marii
861 409 980 486 Plotii

297 599 394 698 quod
413 599 684 698 Arclaigeaiam
702 611 932 698 nuncupatur
948 609 1120 694 quattuor
1139 596 1237 696 puris
1259 624 1405 698 anapae-

298 718 362 790 stis
379 717 631 816 componitur:

297 835 408 892 ‘Clam
420 843 448 892 et
462 835 616 910 Pblegetoa
630 833 691 890 loca
705 839 783 890 nocte
794 834 877 892 alent
891 833 995 890 Boram
1007 832 1110 908 pelago
1122 827 1241 888 ‘ismido
1254 834 1404 907 crepitans.

254 1074 284 1110 ¹⁰
322 1051 384 1126 De
401 1062 614 1126 tetrametro
633 1050 946 1152 brachycatalecto
959 1050 1223 1148 Aristopbamo
1240 1049 1391 1148 duplici.

352 1186 621 1260 Tetraaaetrum
649 1183 998 1284 brachycatalectum
1025 1182 1159 1284 duplex
1181 1182 1405 1280 Aristopha-

298 1304 396 1376 nium
421 1303 464 1374 fit
489 1301 645 1400 dactylo,
671 1300 843 1400 spondeo,
871 1314 1062 1402 anapesto,
1086 1299 1258 1400 spondeo,
1286 1300 1404 1373 tribus

298 1419 501 1520 anapaestis,
518 1433 555 1492 et
572 1417 721 1518 syllaba.

245 1557 247 1564 ¹
359 1541 465 1606 Quidve
479 1539 572 1594 dotem
585 1538 645 1593 tstc
663 1535 774 1592 Veneria
787 1543 869 1593 natus
882 1537 1002 1593 calamos
1015 1536 1118 1592 calidas
1132 1537 1180 1592 ttbt
1194 1537 1287 1592 mittit.

254 1786 280 1822 ιι
356 1755 421 1828 De
438 1763 649 1828 tetrametro
667 1753 959 1852 hypercatalecto
976 1751 1159 1828 Diodaria
1174 1751 1340 1850 simplici.

350 1887 618 1959 Tetrametrum
646 1883 975 1986 hypercatalecticus
1002 1884 1158 1982 simplae
1176 1883 1402 1958 Diodorium

297 2003 339 2074 fit
358 2027 427 2074 una
451 2001 588 2099 syllaba
615 2000 737 2074 addita
754 2015 870 2074 metro
887 2001 1120 2100 Archigenio,
1137 2001 1182 2074 de
1199 2028 1272 2101 quo
1290 2002 1402 2100 paulo

297 2129 379 2189 ante
404 2112 681 2200 htractavimus3
714 2115 804 2189 illud
826 2117 922 2189 enim
941 2132 1111 2214 quattuor
1126 2133 1324 2217 anapaestos
1343 2144 1402 2189 so-

296 2232 351 2304 los
370 2230 513 2330 accipit,
534 2231 603 2304 boc
620 2245 657 2304 et
674 2233 861 2330 syllabam,

513 2347 658 2435 lalagea
673 2345 783 2412 icolere
795 2349 942 2435 speciose
953 2349 1083 2413 rationi.

255 2595 283 2630 η
548 2555 613 2628 De
631 2565 842 2628 tetrametro
859 2557 976 2629 miaro
990 2557 1157 2656 sinplici.

351 2689 618 2762 Tetrametram
635 2689 791 2762 ariorum
807 2689 961 2788 simplex
978 2695 1020 2764 fit
1043 2693 1112 2766 hoc
1135 2689 1253 2780 modo,
1269 2691 1403 2765 Archi-

296 2805 391 2906 geoii
421 2805 525 2878 metri
556 2803 752 2878 novissimo
778 2807 870 2906 pede
898 2819 1081 2906 anapaesto
1106 2805 1262 2879 iambico
1288 2807 1400 2894 facto,

297 2921 334 2995 id
352 2937 406 2994 est
423 2922 538 2995 tribus
556 2921 748 3020 anapaestis
766 2937 803 2994 et
819 2923 943 2996 iambo
960 2933 1110 3011 constat,

513 3037 651 3126 Lapides
665 3059 753 3102 mare
767 3041 935 3128 turgidum
951 3037 1083 3102 ¹‘alueum

298 3149 398 3222 Inter
417 3147 574 3221 miurum
595 3161 631 3221 ct
648 3149 811 3222 colurum
830 3162 867 3221 et
884 3147 1131 3222 catalecticum
1151 3145 1221 3218 hoc
1239 3143 1399 3218 interest.

254 3264 462 3338 uMiurum
481 3277 536 3337 est
553 3291 636 3338 cum
662 3263 847 3338 novissimi
874 3263 974 3364 pedis
1000 3263 1117 3362 prima
1143 3261 1280 3361 syllaba
1303 3261 1400 3334 tolli-

296 3395 367 3465 tur,
394 3407 436 3452 ac
471 3379 501 3452 si
534 3407 600 3478 pro
628 3395 808 3479 anapaesto
838 3379 1020 3464 ¹iambum
1051 3404 1185 3478 ponas:
1220 3377 1399 3466 colurum,

296 3519 379 3566 cum
395 3494 582 3567 novissimi
601 3493 703 3591 pedis
720 3493 802 3567 duae
821 3495 968 3594 syllabae
991 3491 1195 3567 novissimae
1215 3491 1398 3580 tollantur,

297 3633 339 3679 ac
366 3607 394 3678 si
421 3624 519 3707 mpro
547 3608 867 3707 proceleusmatico
894 3637 1006 3710 ponas
1029 3606 1302 3708 pyrrhichium:
1336 3631 1396 3678 ca-

298 3720 503 3794 talecticum
523 3721 741 3796 contrarium
760 3739 815 3798 cst
838 3725 965 3814 mium,
982 3749 1064 3796 nam
1083 3721 1269 3796 novissimi
1295 3720 1398 3820 pedis

297 3836 492 3912 novissima
510 3840 648 3938 syllaba
664 3841 814 3930 tollitur,
828 3869 870 3916 ac
883 3841 911 3914 si
931 3867 995 3939 pro
1008 3839 1154 3938 dactylo
1172 3838 1396 3910 ”trochaeum

296 3979 420 4052 ponas.
471 3953 833 4054 Brachycatalectum
863 3957 933 4030 hoc
956 3970 1012 4028 est
1035 3952 1131 4052 quod
1158 3967 1194 4024 et
1219 3953 1396 4026 colurum.

296 4069 547 4146 Acatalectum
583 4097 666 4146 vero
705 4073 884 4173 integrum
915 4087 980 4148 est.
1050 4071 1396 4170 Hypercatalectum

338 4319 351 4351 ⁰
367 4311 456 4367 Cbaoe
470 4331 516 4368 om
533 4311 566 4369 L.
581 4312 629 4388 qui
644 4313 729 4371 habet
742 4315 789 4370 sed
803 4331 855 4390 pro
870 4320 906 4370 et.
967 4309 984 4366 f.
992 4309 1115 4384 tumido]
1124 4309 1239 4388 foatdo
1252 4311 1287 4368 L.
1330 4315 1397 4370 este

295 4409 353 4447 om.
370 4391 403 4448 L.
419 4391 465 4468 qui
483 4411 546 4450 mox
562 4393 648 4452 habet
661 4395 764 4451 calidas
778 4395 906 4450 calamos.
989 4389 1004 4434 ἢ
1020 4391 1149 4466 tractavi]
1169 4395 1347 4451 tractavimus
1361 4394 1396 4452 L.

295 4468 423 4547 ¹colere]
439 4475 540 4530 coleres
554 4474 588 4531 L.
718 4471 856 4532 katacem
869 4473 902 4530 L.
1031 4469 1040 4513 ¹
1054 4473 1212 4546 iambicum]
1229 4475 1348 4532 amiam
1362 4475 1396 4532 L.

222 4627 224 4631 Ι
295 4561 320 4593 ¹¹¹
330 4571 384 4626 pro
397 4573 456 4612 om.
473 4553 509 4612 L.
593 4564 608 4598 ¹¹
624 4555 793 4628 trocheum]
810 4552 857 4610 Sic
871 4553 905 4609 L.
920 4555 1067 4625 spondeum
1082 4553 1242 4611 Putschius.
