3012 5084
132 439 215 490 cnr.
234 433 292 492 12.
598 415 663 492 De
679 419 827 494 Matris.
1187 427 1233 501 65

131 601 352 673 contrarium
380 614 502 674 autern
529 602 558 674 si
583 630 604 676 a
625 603 765 678 duabus
789 605 1077 704 praecedentibus
1098 607 1237 683 divulsa

131 715 325 814 postremis
342 714 483 788 duabus
501 717 802 815 subsequentibus
816 721 1015 819 copuletur,
1031 737 1072 796 ut
1090 724 1137 796 sit
1151 751 1237 798 eon·

125 829 269 928 jugatio
289 857 311 902 e
333 829 533 928 ¹'disyllabo
550 847 587 905 et
604 833 802 932 trisyllaba,
820 837 882 932 qui
901 840 943 910 fit
958 851 999 911 ut
1018 839 1236 940 multiplices

132 945 261 1017 harum
276 947 472 1042 figurarum
491 973 661 1020 numerus
679 973 743 1046 per
755 948 972 1026 differentias
985 951 1130 1028 oriatur.
1155 953 1237 1028 Erit
1249 971 1281 1036 ⁶⁵

133 1060 243 1158 igitur
259 1061 297 1132 in
315 1062 485 1159 exemplo
504 1062 563 1135 bic
580 1089 715 1152 versus,

232 1175 411 1274 Armiger
427 1177 464 1250 r'n
478 1177 547 1249 Idu
560 1177 654 1272 pede
669 1201 764 1276 vago
784 1177 912 1253 littora
923 1191 1063 1276 petens.

132 1286 231 1360 Nam
257 1289 286 1360 si
313 1303 355 1362 ut
374 1291 595 1364 trochaicum
618 1291 780 1378 scandas,
797 1308 903 1367 erunt
919 1322 1047 1370 omnes
1066 1296 1236 1394 conjuga-

132 1401 250 1474 tiones
276 1430 296 1476 e
322 1406 481 1478 trocbaeo
502 1418 539 1476 et
568 1419 772 1504 anapaesto:
800 1408 829 1479 si
856 1421 980 1480 contra
1006 1425 1048 1482 ut
1073 1439 1094 1482 a
1119 1411 1237 1509 trisyl-

133 1517 215 1590 labo
241 1519 404 1617 incipias,
429 1533 534 1592 erunt
559 1545 687 1592 omnes
717 1519 989 1618 conjugationes
1015 1547 1061 1596 ex
1091 1524 1236 1623 dactylo

131 1645 168 1703 et
185 1631 320 1717 iambo,
338 1647 375 1705 et
391 1634 564 1708 efficietur
589 1635 765 1708 iambicus
787 1661 932 1710 versus:
953 1637 1062 1732 juxta
1079 1664 1159 1735 quse
1183 1639 1236 1710 in-

131 1747 253 1844 tellegi
278 1746 384 1820 datur
408 1749 510 1830 varia,
528 1749 703 1824 divisione
731 1749 1042 1850 conjugationum,
1070 1769 1233 1828 naturam

130 1887 314 1951 versuum,
330 1863 384 1934 vel
413 1889 434 1934 a
459 1864 641 1938 trochaico
657 1865 697 1937 in
715 1865 924 1956 iambicum,
941 1868 997 1941 vel
1017 1870 1062 1942 ab
1079 1870 1235 1942 iambico

130 1977 167 2050 in
185 1977 410 2050 trochaicum
437 2004 543 2076 posse
565 1979 759 2052 transduci.
807 1983 889 2054 Hoc
907 1981 1016 2080 igitur
1033 1982 1078 2054 de
1094 1984 1234 2056 cunctis
1247 2013 1281 2064 ⁶⁶

128 2093 280 2190 triginta
297 2091 438 2166 duobus
451 2094 708 2192 pentasyllabis
726 2095 878 2192 pedibus
893 2096 1145 2196 accipiendum
1160 2112 1233 2170 est:

128 2233 211 2304 quae
229 2206 376 2303 quidem
395 2208 543 2282 variatio
560 2235 632 2280 non
658 2208 696 2280 in
720 2208 797 2281 aliis
816 2234 926 2304 quam
951 2209 987 2282 in
1014 2211 1233 2309 pentasylla-

130 2323 186 2400 bis
215 2323 530 2422 conjugationibus
555 2324 696 2398 evenire
723 2325 920 2412 consuevit,
948 2341 1076 2398 acrursa
1106 2325 1234 2398 mediae

129 2435 280 2534 syllabae
315 2435 416 2533 ''quae
446 2453 621 2526 movetur,
647 2465 732 2512 curn
762 2451 824 2510 aut
858 2439 1143 2538 praecedentibus
1172 2453 1235 2512 aut

129 2551 435 2648 subsequentibus
452 2551 599 2652 syllabis
618 2552 816 2652 copulatur.

419 2749 522 2832 Cae.
545 2751 645 2834 XII.
694 2755 759 2835 De
780 2753 945 2836 Matris.

181 2898 346 2972 Mettum
366 2911 421 2972 est
438 2901 654 2999 compositio
670 2901 803 3000 pedum
824 2901 867 2974 ad
888 2915 1024 2974 certum
1045 2903 1155 2974 finem
1174 2899 1235 2972 de·

130 3012 254 3101 ducta,
269 3039 332 3085 seu
349 3013 548 3090 dictionum
569 3017 750 3115 quantitas
767 3029 804 3090 et
821 3015 973 3112 qualitas
995 3015 1147 3114 pedibus
1164 3029 1233 3088 ter·

132 3129 283 3216 minata,
308 3129 364 3199 vel
394 3130 589 3228 rhythmus
624 3131 741 3204 modis
771 3129 906 3203 finitus.
957 3129 1077 3202 Prima
1111 3142 1259 3205 autema

133 3257 250 3316 metra
267 3260 364 3331 sunt,
380 3244 517 3342 syllaba
535 3245 664 3336 brevis,
683 3246 821 3344 syllaba
838 3245 965 3341 longa:
992 3268 1037 3314 ex
1056 3243 1111 3314 bis
1135 3241 1231 3314 enirn

133 3358 308 3431 metimur
336 3357 432 3456 ipsos
463 3358 583 3456 pedes,
613 3385 655 3432 ac
682 3385 802 3432 rursus
832 3385 877 3432 ex
904 3357 1068 3458 pedibus,
1098 3370 1232 3430 metra:

1 3515 2 3520 κ
132 3471 359 3570 etdeinceps
376 3471 421 3544 de
439 3473 573 3563 metris,
590 3473 760 3546 carmina.
797 3472 947 3546 Initium
975 3485 1096 3544 autern
1116 3471 1260 3558 metri‚³

133 3589 343 3686 conjugatio
360 3589 590 3687 syllabarum,
607 3615 652 3662 ex
670 3590 800 3688 quibus
819 3585 1000 3684 colligitur
1019 3585 1130 3658 totius
1147 3611 1234 3681 qua-

133 3703 214 3780 litas
241 3701 368 3776 metri:
387 3701 569 3798 judicium
597 3729 680 3778 vero
707 3703 745 3776 in
774 3701 920 3774 auribus
949 3712 985 3772 et
1012 3699 1136 3772 auditu
1167 3713 1232 3772 est.

134 3817 280 3915 Species
295 3817 405 3914 igitur
418 3831 613 3892 metrorum
628 3831 713 3890 sunt
729 3828 932 3913 ⁰quattu0r,
944 3813 1071 3912 Epicu,
1084 3813 1233 3900 Melica,

1 4006 10 4037 ,
135 3933 296 4024 comica,
312 3933 474 4031 Tragisa.

180 4049 284 4149 Epos
310 4061 366 4122 est
391 4049 534 4148 proprie
564 4047 747 4121 heroicum
779 4059 949 4132 metrum,
970 4043 1067 4140 quod
1098 4043 1261 4124 divina-4

135 4189 211 4236 rurn
248 4163 566 4260 humanarumque
594 4187 711 4235 rerum
738 4176 776 4235 et
805 4159 860 4233 vel
888 4157 1046 4232 maxime
1081 4157 1231 4230 heroum

172 4445 186 4478 ¹
199 4434 349 4513 disyllabo,
361 4433 422 4510 qui]
439 4430 577 4510 disyllabo
591 4443 620 4489 et
633 4427 776 4508 trisyllaba
786 4449 850 4507 quae
864 4429 896 4486 Ρ.
949 4436 966 4471 ⁸
978 4427 1089 4500 carrusa]
1105 4446 1189 4486 causa
1200 4429 1232 4484 Ρ.

135 4509 224 4594 lquae
238 4515 384 4589 moretur]
401 4511 617 4591 quidemovetnr
630 4511 662 4568 Ρ.
737 4519 751 4553 ὓ
764 4509 897 4586 quatuor]
912 4517 1047 4584 quattuor
1059 4507 1091 4564 Ρ.

670 4623 697 4670 K
