3076 5140
710 379 831 454 Marii
846 379 966 460 Plotia·

244 692 274 742 ις
605 663 670 736 De
681 662 836 760 pedibus
852 663 1067 762 compositis.

337 777 531 878 Simplices
556 777 666 876 igitur
682 776 790 876 pedes
817 791 901 850 sunt
918 778 1121 852 duodecim.
1166 779 1286 854 Ceteri
1304 808 1392 855 vero

286 919 412 966 omnes
430 891 621 990 compositi
649 903 744 980 sunt,
760 917 805 964 ex
829 889 1015 990 disyllabis
1032 893 1178 990 quidem
1198 919 1280 986 xvr,
1299 923 1391 992 quo·

286 1009 384 1082 niam
420 1021 591 1106 quattuor
624 1006 792 1106 syllabas,
819 1005 976 1080 sedecim
1011 1008 1195 1082 schemata
1230 1009 1387 1084 habent:

285 1149 438 1224 quorum
457 1123 605 1198 nomina
621 1120 718 1196 unde
735 1121 892 1196 derivata
910 1122 982 1196 sint
999 1120 1203 1195 doceamus.

242 1273 273 1310 ιο
334 1239 688 1314 Prooelcusmalicus
706 1236 822 1310 dictus
849 1252 915 1324 est,
932 1235 1029 1334 quod
1055 1236 1182 1310 choros
1205 1237 1389 1312 concitan-

285 1369 351 1446 tes,
370 1369 411 1428 ut
427 1355 576 1428 celerius
599 1352 825 1426 saltationem
846 1351 1065 1424 celebrarent
1090 1351 1184 1424 inter
1201 1379 1250 1437 sc,
1268 1353 1389 1428 horta-

285 1473 427 1556 bantur,
445 1482 482 1542 et
499 1468 655 1542 hortatio
673 1467 798 1540 Graece
816 1468 957 1548 κέλευσις
974 1480 1211 1566 nuncupatur.

240 1621 268 1658 ιι
337 1583 569 1682 Diapondcus
594 1581 736 1670 dicitur,
754 1579 851 1678 quod
870 1608 915 1654 cx
933 1581 1074 1656 duobus
1100 1581 1268 1682 spondeis
1285 1610 1387 1656 cotu-

285 1701 443 1800 ponitur.

240 1839 270 1878 ²²
337 1813 589 1902 Choriomlrus,
617 1811 787 1910 quoniam
819 1837 863 1884 ex
893 1810 1061 1902 trochaeo,
1090 1811 1153 1909 qui
1181 1823 1218 1884 et
1242 1811 1386 1885 chorius

283 1927 426 2018 dicitur,
441 1941 478 2000 et
496 1928 617 2001 iambo
635 1940 785 2000 constat.

239 2073 270 2122 aa
333 2042 587 2138 Antispushcs,
604 2043 776 2138 quoniam
797 2067 842 2114 ex
870 2055 1020 2138 utraque
1046 2055 1146 2141 parte
1172 2069 1193 2116 a
1219 2043 1387 2116 brevibus

285 2156 485 2246 revellatur,
501 2155 599 2254 quod
618 2157 734 2230 Graeci
753 2157 902 2230 ἀντισπᾶν
918 2155 1054 2230 dicunt.

240 2307 271 2356 η
335 2271 580 2358 Ditrocdmsr,
599 2270 696 2370 quod
715 2297 759 2344 ex
777 2271 918 2344 duobus
936 2270 1101 2344 trocheis
1119 2273 1304 2370 figuretur,
1322 2300 1387 2346 no·

284 2413 368 2462 men
387 2386 536 2486 accepit.

240 2541 270 2594 η
335 2501 545 2590 Diiombus,
562 2514 645 2574 ante
671 2498 735 2573 ¹¹se
762 2499 869 2599 positi
890 2499 992 2600 pedis
1017 2499 1155 2574 ratione
1177 2501 1295 2576 dictus
1320 2519 1386 2593 est,

284 2618 383 2716 quod
400 2618 540 2692 duobus
559 2615 687 2688 iambis
706 2629 881 2688 teneatur.

335 2733 464 2820 Ionica,
481 2731 541 2830 qui
561 2745 645 2804 sunt
657 2729 741 2818 duo,
759 2732 805 2803 ab
822 2730 912 2804 lone
930 2729 1114 2802 inventore
1132 2756 1198 2802 suo
1215 2730 1315 2804 dicti.

241 2871 274 2921 2⁶
336 2846 493 2944 Epitriti
524 2859 695 2942 quattuor
728 2861 824 2934 sunt,
858 2845 938 2918 ideo
975 2845 1043 2918 hoc
1086 2845 1234 2918 nomine
1268 2849 1385 2920 vocati

286 2961 382 3060 quod
401 2961 445 3034 ad
464 2975 534 3034 tres
553 2963 678 3034 breves
696 2986 767 3032 una
785 2959 893 3058 longa
910 2959 1016 3030 variis
1034 2960 1172 3034 vicibus
1189 2975 1365 3034 teneatur.

242 3115 273 3166 ¹⁷
339 3077 486 3152 Paeones
520 3091 574 3150 tot
601 3091 686 3149 sunt
713 3101 863 3148 numero
892 3090 982 3172 quot
1014 3074 1137 3148 ¹ctiam
1170 3076 1337 3176 Epitriti;
1365 3105 1386 3150 a

287 3193 418 3268 Paeone
434 3207 541 3292 poeta
558 3217 692 3263 nomen
711 3189 867 3262 inditum
885 3189 1164 3290 ”possederunt

243 3333 273 3381 ss
337 3307 508 3402 Quinque
534 3307 751 3405 syllabarum
779 3303 888 3404 pedes
913 3331 958 3376 ex
976 3302 1161 3404 disyllabis
1178 3318 1215 3378 et
1231 3305 1386 3404 trisylla-

287 3421 354 3507 bis,
379 3421 434 3492 vel
461 3435 586 3492 contra
610 3419 802 3518 compositi
830 3431 926 3508 sunt,
949 3445 1098 3492 numero
1129 3419 1273 3517 triginta
1300 3419 1387 3510 duo,

285 3533 457 3630 quoniam
486 3533 647 3628 quinque
681 3533 829 3630 syllabae
863 3557 979 3606 xxxn
1010 3535 1194 3606 schemata
1229 3535 1386 3608 habenta

286 3673 357 3744 qua
385 3647 522 3720 ratione
550 3647 659 3718 etiam
687 3661 842 3720 metrum
872 3647 1069 3737 heroicum,
1098 3648 1196 3746 quod
1222 3649 1386 3748 quinque

284 3761 753 3862 pedibusvariatur,xxx11
772 3763 957 3834 schemata
976 3762 1095 3834 habet.

241 3906 272 3958 29
335 3877 407 3950 Sex
433 3877 652 3978 syllabarum
680 3875 788 3974 pedes
815 3889 900 3948 sunt
925 3903 1076 3950 numero
1100 3875 1284 3975 sexaginta
1302 3890 1388 3968 tres,

284 3991 457 4088 quoniam
477 4017 539 4062 sex
558 3989 705 4087 syllabae
723 3990 908 4064 schemata
926 3991 1062 4064 habent
1083 3991 1247 4064 totidem.
1299 3993 1386 4068 Hoc

284 4119 405 4178 tamen
424 4103 512 4176 scire
530 4103 716 4188 debemus,
733 4104 830 4200 quod
849 4104 1010 4203 quinque
1036 4107 1254 4206 syllabarum
1274 4107 1385 4204 pedes

283 4232 320 4290 et
336 4243 398 4290 sex
422 4219 457 4290 in
483 4233 598 4290 metro
616 4217 760 4316 reperiri
788 4233 950 4315 possunt,
968 4237 1005 4292 et
1023 4221 1183 4293 maxime
1201 4221 1386 4326 inlchoro-

321 4481 338 4525 Β
357 4503 388 4540 se
408 4481 504 4562 positi]
525 4483 607 4555 positi
623 4502 680 4538 om.
694 4481 854 4540 Putschius.
985 4480 994 4526 ¹
1012 4495 1082 4562 quot
1101 4485 1201 4560 etism]
1223 4487 1304 4542 etiam
1323 4505 1381 4546 oni.

282 4565 440 4622 Putschius.
524 4572 546 4602 ¹¹¹
563 4561 763 4636 possederunt]
779 4569 929 4633 posuerunt
944 4561 979 4622 la.
