3082 5140
298 417 372 496 spa
775 401 935 503 Rapum

299 593 322 632 ‘⁴
338 585 439 660 elius.
478 585 577 660 Nom
596 611 679 659 cum
699 587 839 659 numeri
859 587 932 660 sint
948 588 1080 686 plures,
1098 585 1258 659 iambum
1279 599 1319 660 et
1334 603 1415 660 tro-

299 711 322 746 “
337 701 479 775 cboeum
494 702 699 798 frequenter
711 716 874 800 segreget
887 703 933 776 ab
946 715 1084 776 oratore
1096 701 1321 788 Aristoteles,
1334 703 1414 774 Ca-

301 825 324 864 “
341 818 428 906 tule,
455 821 607 892 ινειιιιιι
641 816 702 914 qui
730 829 857 890 natura
887 829 1009 890 tamen
1036 817 1242 890 'incurrunt
1269 817 1339 910 ipsi
1372 819 1414 889 in

300 931 538 1006 “orationem
573 945 611 1006 et
638 955 840 1005 sermonem
873 945 1079 1004 'nostrum
1130 929 1200 1003 Sed
1231 947 1320 1003 sunt
1353 933 1414 1004 in-

301 1058 323 1090 “
342 1046 460 1145 signes
475 1046 721 1146 percussiones
738 1072 862 1120 eorum
882 1073 1114 1120 numerorum
1133 1059 1169 1118 et
1187 1047 1322 1118 minuti
1343 1073 1413 1145 pe-

300 1172 325 1208 “
342 1161 425 1236 des:
452 1188 562 1261 quere
578 1161 736 1260 primum
751 1160 796 1234 ad
816 1161 965 1234 heroum
984 1187 1050 1234 nos
1067 1161 1250 1260 dactylici,
1263 1173 1303 1233 et
1320 1187 1414 1234 ana-

301 1289 324 1326 “
341 1278 455 1378 pecati,
473 1293 509 1350 et
526 1275 674 1376 spondei
692 1275 822 1374 pedem
841 1276 980 1363 invitat,
998 1277 1035 1348 in
1053 1303 1127 1374 quo
1143 1276 1295 1374 impune
1319 1303 1412 1375 pm-

301 1405 325 1438 “
342 1393 440 1492 gredi
466 1393 553 1466 licet
569 1391 659 1464 duos
677 1389 854 1464 duntaxat
878 1391 988 1491 pedes
1014 1406 1078 1465 aut
1095 1393 1204 1492 paulo
1221 1392 1318 1490 plus,
1334 1419 1411 1465 nec

300 1509 472 1610 “plane
463 1535 501 1582 ιιι
517 1520 682 1580 *versum
700 1519 762 1579 aut
780 1506 815 1578 in
834 1507 1107 1581 similitudinem
1125 1534 1247 1582 versus
1272 1508 1412 1581 incidi-

258 1635 434 1708 14“.mus
485 1623 577 1698 Aliae
595 1637 679 1695 sunt
696 1621 866 1722 geminas,
882 1624 1014 1722 quibus
1033 1625 1070 1698 bi
1088 1637 1160 1696 tres
1178 1623 1316 1698 heroici
1341 1651 1412 1724 pe-

301 1740 430 1814 “des
421 1765 459 1814 ιιι
476 1737 675 1840 'principia
692 1739 1019 1813 continuandorum
1031 1740 1222 1812 verborum
1241 1723 1328 1812 satis
1341 1739 1412 1813 de-

218 1875 222 1888 ·
301 1869 423 1930 “core
440 1853 584 1928 cadunt.
609 1855 805 1928 'Probatur
821 1867 942 1928 sutem
961 1852 1147 1926 abeodem
1165 1851 1228 1926 ἱΙΙο
1241 1855 1411 1928 maxime

301 1984 325 2016 ‘⁶
342 1982 478 2071 ‘poean,
502 1969 564 2068 qui
591 1985 645 2044 est
670 1969 816 2072 duplex.
867 1969 965 2044 Nam
994 1980 1056 2042 aut
1089 1995 1109 2042 e
1137 1969 1248 2068 longa
1276 1971 1410 2059 oritur,

302 2095 326 2130 “
343 2111 453 2184 quam
473 2098 545 2159 tres
571 2087 695 2160 breves
721 2099 1001 2184 consequuntur,
1019 2097 1059 2158 ut
1077 2083 1156 2157 haec
1171 2086 1292 2174 verba,
1310 2085 1412 2159 desi-

301 2209 322 2244 “
341 2201 428 2290 nite,
453 2201 613 2298 incipite,
632 2203 876 2300 comprimite:
904 2215 966 2276 sut
991 2227 1012 2274 a
1038 2199 1204 2273 brevibus
1229 2199 1410 2300 deinceps

301 2325 325 2360 “
343 2315 458 2390 tribus
475 2329 635 2391 extreme
652 2317 828 2418 producta
844 2329 953 2414 atque
979 2317 1097 2416 longa,
1115 2315 1209 2388 sicut
1225 2314 1287 2387 illa
1304 2331 1410 2403 sunt,

300 2440 324 2476 “
341 2431 568 2520 domuerunt,
585 2434 784 2530 sonipedes.
834 2431 956 2528 Atque
978 2431 1031 2504 illi
1051 2427 1270 2531 philosopho
1291 2429 1408 2503 ordiri

301 2557 323 2590 ‘⁸
341 2547 459 2647 placet
477 2574 497 2620 a
514 2549 694 2647 superiore
711 2549 868 2647 bpaeane,
885 2545 1079 2646 posteriore
1096 2544 1210 2618 finire.
1252 2544 1322 2617 Est
1339 2571 1410 2618 au-

301 2669 323 2703 “
340 2675 413 2735 tem
432 2688 535 2762 paean
557 2663 617 2736 hic
640 2664 814 2764 posterior
830 2689 902 2736 non
919 2663 1137 2762 syllabarum
1156 2687 1319 2746 numero,
1338 2661 1410 2734 sed

302 2787 325 2820 “
343 2777 482 2850 aurium
501 2803 678 2868 mensura,
690 2777 786 2876 quod
799 2777 996 2851 sestacrius
1008 2777 1188 2878 judicium
1204 2791 1242 2848 et
1255 2775 1410 2868 certius,

302 2901 324 2936 “
343 2892 496 2990 pariere
513 2893 656 2983 cretico,
673 2895 735 2991 qui
753 2907 868 2966 estex
886 2895 992 2991 longa
1008 2906 1046 2965 et
1063 2891 1161 2964 brevi
1179 2907 1216 2964 et
1232 2891 1353 2989 longa,

390 3009 511 3082 “Quid
521 3017 627 3095 petam
639 3009 783 3096 praesidi,
797 3017 856 3072 out
868 3029 1017 3096 exequar,
1028 3027 1126 3096 quoue
1140 3029 1233 3070 nuuc.

301 3125 323 3160 ‘⁴
340 3117 375 3190 A
392 3143 465 3215 quo
482 3145 633 3195 numero
649 3144 794 3192 exorsus
808 3133 863 3192 est
880 3119 1054 3205 Fannius,
1065 3117 1121 3207 St,
1139 3117 1319 3201 Quirites,
1335 3117 1412 3189 mi-

302 3241 324 3276 “
341 3259 409 3308 nos
425 3233 536 3308 illius.
584 3234 697 3308 Hunc
719 3235 781 3309 ille
803 3235 971 3308 clausulis
999 3233 1054 3306 his
1081 3233 1255 3332 aptiorem
1281 3247 1409 3330 putat,

303 3359 325 3392 ‘⁶
342 3359 450 3444 ‘quas
492 3351 571 3423 vult
603 3350 712 3450 longa
748 3351 963 3450 plerumque
1002 3349 1139 3448 syllaba
1177 3346 1410 3420 terminare?

261 3501 289 3550 ιι
303 3463 430 3536 Postea
464 3463 500 3535 in
527 3462 675 3540 deodem
702 3467 809 3540 tertio
835 3467 946 3538 elibro
973 3465 1018 3538 de
1043 3478 1183 3539 oratore
1209 3464 1260 3536 sic
1288 3462 1405 3538 dicit:
1538 3539 1539 3546 χ

303 3575 414 3648 “Sed
451 3603 544 3675 saepe
581 3581 758 3679 carpenda
793 3581 963 3654 membris
999 3577 1251 3654 minutioribus
1285 3577 1407 3652 oratio
1538 3589 1539 3592 ’

303 3703 325 3736 “
342 3689 423 3776 sest,
449 3717 529 3790 quoe
555 3707 675 3767 temen
702 3697 779 3796 ipsa
806 3697 967 3770 membra
993 3707 1078 3768 sunt
1105 3694 1263 3766 numeris
1288 3692 1407 3766 vinci-

301 3817 323 3850 “
341 3807 454 3882 enda:
482 3835 599 3907 neque
612 3822 698 3884 tvos
718 3837 834 3911 paean,
851 3823 914 3884 aut
937 3812 1066 3884 herous
1090 3810 1150 3882 ille
1172 3807 1405 3899 hconturbet,

342 4118 593 4196 ‘vestedutven
614 4121 689 4180 Tum
705 4141 752 4195 qut
746 4121 829 4178 Ald
944 4122 1118 4180 incurrunt
1127 4117 1194 4198 ipsi]
1208 4116 1324 4176 incurrit
1338 4119 1406 4196 ipse

310 4195 382 4254 Ven
491 4205 664 4278 ιιοιιιιιιιι]
680 4199 845 4280 primarium
860 4201 933 4258 Ven.
1043 4199 1198 4274 ¹versum]
1217 4217 1311 4256 versus
1324 4199 1404 4257 Ven.

301 4275 483 4356 tprincipio]
499 4281 635 4362 principia
648 4283 722 4341 Ven.
803 4282 980 4358 ⁸probatur]
996 4279 1125 4359 probatio
1139 4280 1212 4338 Ven
1272 4280 1401 4354 ⁸poeen]

193 4369 217 4442 ¹.
302 4375 376 4453 peon
391 4359 426 4416 V.
441 4371 471 4416 et
484 4359 536 4420 inf.
645 4361 784 4441 bposanc]
800 4381 899 4440 pleone
913 4361 987 4420 Ven.
1096 4361 1208 4438 squas]
1222 4377 1306 4436 quem
1320 4359 1402 4418 Ven.

301 4423 891 4534 deodem]o.49.1ib.]l0cven.
984 4455 1400 4532 test0mVen.sros]

302 4551 354 4592 nos
369 4533 443 4592 Ven.
535 4535 549 4578 l
564 4539 731 4612 conturbet]
747 4540 898 4596 conturbat
912 4539 984 4596 Ven.
