2980 5142
21 427 141 477 cnr.
156 415 238 479 35.
420 401 486 475 De
503 401 629 475 metris
646 399 876 476 Horatianis.
1026 496 1031 508 ί
1117 418 1186 478 505

22 585 194 684 ⁰quod
218 599 279 658 est
304 611 349 659 ex
367 586 527 660 iambico
544 581 757 686 septenario.
808 585 858 658 Et
886 583 998 658 Pillud
1027 585 1113 660 hinc
1135 601 1189 662 est

28 728 238 790 comma,
257 701 355 800 quod
373 703 518 775 Arbiter
535 701 622 774 fecit
639 699 722 786 tale,

205 818 307 882 Amas
322 827 441 882 recocta
457 820 542 896 vino,
554 814 757 881 trementibus
771 813 901 878 utente

241 1027 333 1099 Cur.
347 1028 512 1102 XXXV.
538 1027 602 1100 De
620 1047 762 1098 METuls
781 1025 1037 1098 Housmsms.

111 1159 257 1232 Metra
286 1160 410 1246 etiam,
438 1187 518 1258 quse
549 1157 693 1232 Horatii
726 1183 855 1256 corpus
890 1157 1063 1245 continet,
1089 1159 1188 1256 quod

53 1273 298 1346 Carminum
336 1275 554 1361 inscribitur,
581 1272 780 1345 necessario
805 1273 1084 1371 ‘lcompendiosa
1108 1273 1188 1346 dili-

57 1388 204 1486 gentia
232 1389 388 1462 inserere
415 1387 631 1462 studuimus.
683 1388 797 1460 rSaue
826 1387 1083 1484 attendendum
1118 1388 1187 1460 hoc

60 1489 160 1587 fuitJ
179 1517 225 1576 ut
243 1503 351 1576 scires
378 1504 415 1576 in
442 1501 544 1576 omui
571 1515 688 1574 metro
715 1503 768 1575 vel
798 1505 957 1590 maxime
982 1505 1106 1604 lyrico,
1124 1531 1188 1577 no-
1248 1497 1250 1502 ¹

63 1617 249 1690 vissimas
268 1645 435 1691 versuum
460 1618 626 1717 syllabas,
645 1617 719 1690 sive
743 1617 869 1716 longae,
888 1619 962 1692 sive
983 1621 1106 1692 breves
1124 1647 1188 1692 na-

68 1734 250 1806 turaliter
267 1734 411 1824 fuerint,
424 1733 667 1807 indifferenter
684 1759 728 1805 ex
747 1734 1007 1832 consuetudine
1022 1735 1185 1808 omnium

75 1849 246 1946 poni,ne
272 1863 308 1922 te
334 1863 489 1935 moveat,
515 1873 600 1920 cum
628 1849 859 1948 aut‘longam
890 1877 954 1950 pro
979 1851 1090 1936 brevi,
1108 1864 1188 1924 'aut

76 1965 230 2037 brevem
251 1968 333 2065 tpro
352 1967 459 2064 longa
476 1963 631 2063 positam
651 1967 831 2064 repereris.

133 2080 259 2152 Prima
276 2079 344 2154 ode
362 2093 519 2153 metrum
537 2079 814 2177 Asclepiadeum
838 2081 959 2168 habet,

215 2195 398 2258 'Maeceaas
411 2196 518 2259 atavis
532 2195 612 2259 edile
626 2195 765 2282 regibus.
996 2281 1000 2292 Ι

81 2304 280 2378 scanditur
308 2331 391 2376 vero
421 2305 483 2393 sle,
511 2318 547 2377 et
578 2304 710 2376 dicitur
738 2309 969 2406 πενθημιμερῆς,
996 2305 1213 2405 spondeUS,1

88 2421 267 2519 dactylus,
285 2421 452 2519 semipes,
469 2421 602 2518 dactyli
621 2421 705 2506 duo,

217 2537 386 2623 Macetum
401 2535 522 2618 alelnis}
538 2537 624 2624 edite}
640 2537 781 2624 regibus.

90 2648 161 2720 Alii
189 2648 239 2720 sic
265 2646 453 2736 scandunt,
473 2647 695 2745 'spondeus
712 2648 913 2721 choriambi
939 2647 1023 2734 duc,
1048 2647 1189 2747 pyrrhi-

92 2762 204 2848 chius,

217 2878 260 2940 M
260 2876 388 2960 oeoelnos
402 2876 516 2961 otaobl
531 2879 612 2942 edite
627 2880 776 2966 replica.

98 3006 178 3078 Hoc
203 3019 354 3078 metrum
375 3005 420 3077 ab
437 3004 596 3103 elegiaco
614 3019 766 3078 tractum
786 3019 852 3096 est,
870 3033 941 3079 una
967 3007 1105 3106 syllaba
1125 3004 1187 3090 de-

99 3134 213 3207 tracta,
231 3147 338 3219 quam
357 3121 385 3192 si
406 3119 610 3210 reddideris,
627 3121 682 3193 vel
703 3122 739 3194 in
756 3121 926 3211 secunda,
943 3123 998 3194 vel
1022 3123 1058 3194 in
1083 3121 1188 3194 tertia

100 3239 143 3310 ab
160 3237 280 3311 ultima
298 3237 446 3334 syllaba,
464 3235 532 3308 erit
549 3262 670 3309 versus
688 3237 878 3336 elegiacos,
896 3237 958 3322 sic,

218 3364 260 3426 M
259 3383 378 3426 aecemos
391 3362 497 3424 atavis
512 3361 592 3424 edite
606 3373 622 3406 ¹
630 3363 816 3448 remigibus.

104 3481 188 3555 Item
218 3480 244 3552 si
265 3477 383 3578 shujus
417 3479 650 3552 novissimam
680 3481 856 3579 syllabam
886 3475 1095 3579 dempseris,
1120 3478 1187 3552 erit

106 3596 428 3694 hendecasyllabum
449 3595 696 3669 sPhalecium.

144 3875 235 3954 ⁰qu0d
248 3877 293 3951 ex]
310 3878 382 3952 quod
396 3883 435 3933 eet
450 3895 483 3934 ee
497 3878 531 3933 Α.
633 3885 649 3931 P
663 3875 732 3933 illud
748 3887 792 3934 est
805 3892 918 3934 comma
931 3873 1021 3951 quod]
1040 3875 1110 3930 illud
1123 3873 1186 3930 binc

110 3968 143 4016 est
155 3977 245 4014 commo
259 3975 312 4032 qao
327 3957 360 4014 Β.
483 3965 499 4011 ‘l
514 3956 716 4034 compendiosa
734 3955 892 4032 diligentia]
917 3955 1106 4028 eoeupendioro
1121 3954 1184 4009 dili-

109 4041 201 4113 gentius
212 4040 241 4094 Α.
335 4037 442 4110 rsaue]
457 4055 527 4094 sono
541 4037 575 4094 B.
667 4044 743 4093 saue
758 4037 861 4096 brevem
873 4054 926 4110 pro
941 4035 1022 4106 longa
1037 4033 1072 4090 B.
1114 4033 1184 4090 Mox

112 4122 197 4194 reperis
208 4118 276 4175 Veu.
387 4117 464 4194 tpru
479 4118 565 4194 lunga
579 4115 699 4194 positam
715 4117 864 4190 repereris]
877 4133 931 4188 pro
946 4115 1054 4186 longam
1065 4115 1184 4187 positam

113 4203 210 4275 coeperis
224 4201 324 4256 invenis
337 4199 370 4256 A.
474 4195 815 4274 vMesenae—regibus]
837 4215 894 4252 om.
909 4196 943 4252 Α.
978 4194 1069 4271 Supra
1083 4195 1185 4251 Prima

114 4283 156 4338 ode
171 4287 222 4356 post
238 4287 355 4336 enarum
377 4277 450 4335 Ven.
477 4277 524 4355 qui
550 4290 610 4335 tum
632 4277 732 4334 babent
756 4287 785 4332 et
809 4295 867 4332 om.
891 4274 1184 4348 Mesenae-regim.

116 4361 180 4418 ldeu
193 4359 255 4418 infra
267 4359 494 4434 penthemimeris.
599 4369 621 4400 w
635 4355 787 4436 spondeus,
801 4353 956 4412 choriambi
971 4353 1041 4430 duo]
1056 4357 1186 4430 spondius

118 4441 259 4498 clericulus
272 4443 306 4499 Α.
323 4439 396 4497 inira
410 4447 501 4496 tracto
515 4439 588 4496 Ven.
605 4457 656 4514 pro
671 4441 804 4516 detracto.
899 4445 915 4477 ¹
930 4433 1094 4514 remigibus]
1112 4439 1185 4510 regi.

119 4521 158 4578 bus
168 4523 195 4578 Α.
206 4522 272 4578 Veu.
397 4529 412 4574 5
426 4518 603 4592 Phalecium]
625 4519 815 4575 Pholoeticum
829 4515 902 4575 Ven.

603 4625 626 4684 3
645 4635 669 4684 Τ
