3076 5140
19 472 21 519 ,1
138 445 223 494 cac.
241 436 275 494 1.
303 421 367 493 De
384 423 552 496 conmenta
567 423 664 494 inter
680 449 719 494 oe
735 432 844 522 otqne
860 423 1070 500 inconnexis
1081 426 1142 522 ᾀο.
1174 431 1240 514 197

248 604 492 703 Trahuntqoe
505 607 620 678 siccos
635 605 808 680 machino
825 608 981 680 covinno.

140 718 266 792 ¹¹Nam
287 747 307 792 a
324 721 552 794 Callimacho
564 719 704 794 medius
718 721 896 794 trochaeus
912 721 1063 794 insertus
1080 733 1136 794 eat
1151 720 1241 794 iam·
1326 705 1332 724 ⁸

139 833 223 906 bioo
240 835 371 908 versui.
422 835 517 908 Hoec
541 833 657 906 forma
682 835 898 908 conveniens
916 835 1105 910 ⁰Saturnio
1121 835 1236 908 versui
1253 869 1281 906 u

138 965 203 1022 eet.
261 951 357 1024 Item
375 951 552 1024 iambicus
568 950 742 1024 dimetrus
759 951 897 1024 solutus
914 951 950 1024 in
969 949 1189 1050 tribrachyn,

243 1063 524 1165 Agitc,fhgite,
542 1066 694 1164 qoutite,
712 1064 853 1164 Satyri.

141 1182 240 1254 Item
259 1207 305 1253 ex
325 1181 400 1252 basi
418 1183 598 1254 trochaica
615 1197 652 1254 et
669 1181 837 1270 molosso,

248 1293 376 1367 Tollor
392 1295 485 1369 attae
500 1297 540 1370 in
555 1305 703 1370 montes.

141 1409 240 1482 Item
275 1435 321 1482 ex
349 1409 532 1484 trochaico
561 1425 675 1484 metro
698 1411 907 1486 catalectico
933 1410 1239 1511 hephthemimeri
1254 1439 1284 1475 υ

143 1523 339 1625 dactylico,

250 1639 377 1713 Tollor
392 1642 432 1713 in
448 1651 587 1714 montes
601 1667 729 1740 vogno,
747 1641 898 1714 nomino
914 1640 968 1714 sic
983 1637 1185 1714 stimulant.

144 1752 238 1827 Item
257 1756 462 1829 trochaicus
479 1769 706 1829 tetrametrua
719 1757 948 1828 catalecticus
960 1753 1125 1854 pluribus
1138 1753 1239 1828 alon·

143 1871 199 1967 gis
216 1873 252 1944 in
271 1873 397 1944 breves
414 1873 550 1958 solutis,
568 1872 631 1960 aie,

144 1981 259 2079 Agite
270 1984 382 2056 turba
393 1984 565 2085 Phrygio
576 2000 744 2063 nonclet
756 1991 896 2088 qualite
905 1989 1040 2090 gravio
1053 1999 1237 2088 tympano.

146 2094 238 2169 Item
265 2100 489 2173 trochaicum
518 2118 765 2178 tetrametrum
790 2107 1051 2195 catalecticum,
1068 2119 1235 2202 quartum
1251 2141 1281 2190 η

145 2209 308 2284 iambum
327 2214 475 2304 habens,
492 2229 573 2291 rseu
592 2218 689 2316 quod
708 2219 930 2318 Eupolidion
948 2233 1107 2304 vocatur,

241 2353 421 2450 Juppiter
436 2367 595 2448 vocotus,
612 2359 739 2432 odeat.-
766 2359 852 2430 'Dii
853 2355 988 2458 fovete
1006 2358 1128 2430 com.

147 2485 240 2561 Item
268 2516 315 2562 ex
340 2494 522 2568 trochaico
544 2499 774 2596 tetrasyllabo
799 2511 835 2570 et
856 2497 1010 2570 dimetro
1034 2495 1153 2568 ionico
1181 2492 1239 2566 ἄπό

145 2603 285 2696 μείζονος,
303 2607 399 2704 quod
418 2627 472 2682 eet
489 2611 691 2702 Sotadium,

242 2738 321 2812 Eia
337 2765 433 2813 nunc
449 2741 548 2814 milti.

145 2869 237 2944 Item
265 2897 311 2943 ex
338 2887 519 2970 anapaesto
545 2873 699 2948 dimetro
725 2877 920 2950 acatalecto
945 2887 982 2947 et
1004 2872 1160 2947 iambico
1183 2873 1283 2956 di...

145 3001 261 3058 metro
277 2987 497 3076 catalectico,
515 2989 577 3076 cic,

142 3103 230 3200 Age
239 3128 337 3176 nunc
348 3105 493 3177 comites
502 3106 636 3180 rubido
646 3105 935 3206 Cybeleahtocent
946 3103 1070 3178 choros
1079 3102 1131 3176 od
1140 3127 1237 3174 oros.

142 3216 237 3291 Item
256 3218 479 3317 Sapphicum
497 3219 692 3294 dimetrum
710 3219 1052 3319 hendecasyllabum
1069 3243 1115 3290 ex
1133 3229 1239 3290 vaua·

140 3345 256 3430 paesto
273 3333 534 3423 catalecticum,

243 3473 411 3569 Ropiunt
426 3474 609 3548 'hederas
625 3476 695 3549 cito
712 3473 910 3549 Monodee.

140 3611 238 3684 Item
262 3636 307 3684 ex
333 3611 551 3686 choriambis
577 3627 612 3684 et
629 3613 775 3714 dipodia
792 3612 970 3687 *iambica
996 3613 1130 3686 alterna
1148 3613 1236 3700 vice,
1251 3657 1281 3709 ²5

142 3726 191 3798 ita
210 3743 252 3798 ut
271 3727 305 3797 in
324 3727 454 3800 ultimo
471 3728 647 3801 catalexin
666 3729 809 3815 habeat,
828 3729 891 3818 sic,

182 4007 198 4037 ¹¹
214 3995 291 4052 Nam
306 4014 323 4052 a
337 3995 525 4070 Callimacho]
542 3996 616 4054 Nam
632 3995 751 4055 fallabhe
764 3999 796 4054 P.
811 3995 847 4054 cl.
862 3995 980 4055 Terent.
995 3995 1088 4053 Maur.
1104 4016 1128 4053 v.
1147 4014 1235 4073 2941.

141 4084 157 4118 ⁰
170 4073 317 4149 Saturnio]
334 4077 456 4133 Saturno
468 4075 502 4132 P.
568 4075 691 4155 elongia
706 4067 845 4135 in'breves
859 4077 972 4149 solutio]
988 4077 1017 4132 in
1032 4076 1125 4155 longis
1140 4078 1236 4135 breves

141 4154 271 4214 insolutis
284 4156 318 4212 P.
412 4166 473 4214 tet
484 4156 605 4233 quatite]
622 4169 667 4214 est
680 4155 788 4232 quatita
801 4159 832 4214 P.
936 4157 1039 4234 rquod
1052 4157 1235 4234 Eupolidium

141 4238 256 4311 vocant]
274 4237 413 4330 sequuod
428 4235 600 4352 Eupolidiou
616 4249 731 4390 etcojcaltg
740 4237 806 4372 gun
822 4317 845 4372 P
888 4235 953 4294 ⁵dii
961 4237 1058 4374 Ieme
1071 4237 1235 4391 οεέεἱίὶξῖ

141 4315 338 4532 ἓὲἶωωᾷη
348 4318 414 4532 ἵν
428 4335 630 4470 ὴεάεηενίῗξοῖ
647 4396 749 4454 hedera
762 4395 818 4454 ecit
832 4359 863 4454 P.
946 4406 962 4438 ¹
976 4335 1109 4468 iambicaesa]
1125 4415 1234 4464 omnen,

141 4493 169 4532 aa
233 4493 276 4542 or,
290 4493 345 4533 tam
368 4493 450 4533 lcum.
