3124 5120
293 406 343 496 96
680 404 801 478 Marti
821 403 1006 478 Victorini
1260 429 1335 479 aaa.
1354 431 1394 481 ιι.

293 589 392 662 Nam
411 587 489 686 ‘qui
510 613 575 688 per
598 587 758 686 singulos
781 587 890 687 pedes
907 590 1015 662 verba
1032 589 1243 674 terminarit,
1260 589 1328 664 erit
1344 591 1397 664 in·

293 704 443 779 decens:
470 703 574 793 sicut,

344 819 516 920 thtlrie,
533 817 658 908 Delie,
677 817 817 908 lecolo,
832 821 1009 916 prospice,
1023 817 1314 920 votaquefirma.

253 965 280 1016 ις
294 937 345 1008 At
362 935 391 1007 si
409 935 630 1010 misceantur
642 933 800 1034 syllabae,
818 933 886 1008 erit
901 933 1193 1008 decentissimus:
1220 949 1272 1026 ut,

344 1049 399 1124 At
414 1051 546 1150 regina
560 1049 672 1150 graui
675 1048 901 1148 jamdudum
917 1051 1045 1124 suada
1062 1075 1163 1122 curn.

252 1162 476 1262 suadaeque
493 1165 711 1249 observatur,
729 1191 776 1238 ne
793 1164 919 1238 tertius
939 1193 1002 1264 pes
1020 1166 1170 1238 verbum
1189 1162 1394 1253 finnuver-

294 1305 448 1377 sumque
466 1305 487 1352 a
504 1305 542 1351 se
559 1277 746 1353 ¹diducnt:
773 1292 814 1352 nt
830 1292 898 1367 est,

346 1393 418 1468 Cui
433 1421 506 1468 non
523 1394 642 1468 dictus
659 1392 785 1493 Hylas
796 1420 894 1492 puer
911 1403 948 1468 et
964 1391 1127 1468 Latonia
1145 1391 1297 1466 Delos?

250 1543 278 1596 η
345 1509 458 1582 Heroi
481 1534 603 1582 versus
623 1508 742 1582 vitiosi
767 1508 955 1593 habentur,
969 1507 1031 1605 qui
1057 1533 1102 1580 ex
1129 1507 1213 1580 solis
1238 1505 1391 1605 dactylis

293 1621 378 1697 ¹‘vel
396 1623 458 1721 qui
476 1649 521 1696 ex
539 1622 624 1697 solis
641 1621 809 1722 spondeis
827 1635 1006 1707 constant,
1019 1621 1104 1719 quia
1121 1622 1157 1695 in
1176 1622 1308 1696 talibus
1328 1635 1391 1695 aut

250 1771 280 1820 aa
289 1739 409 1838 gravis
424 1737 570 1811 tarditas
588 1751 650 1811 aut
666 1737 834 1812 velocitas
852 1738 977 1828 nimia,
988 1736 1117 1810 vitiosa
1129 1750 1194 1810 est.
1221 1736 1389 1835 insignes

293 1867 413 1927 autem
429 1854 465 1927 in
479 1853 601 1927 metris
616 1869 700 1926 aunt
713 1867 775 1927 aut
787 1852 968 1953 dactylici,
980 1852 1018 1924 in
1032 1879 1105 1950 quo
1117 1851 1277 1951 quinque
1287 1851 1297 1900 ¹
1307 1851 1390 1926 dac-

293 1970 359 2069 tyli
378 1969 507 2042 ultimo
525 1967 685 2069 spondeo
702 1968 939 2042 clauduntur:
966 1981 1019 2057 ut,

342 2083 531 2157 Panditur
547 2085 688 2158 interea
705 2085 831 2158 damas
846 2085 1100 2182 omnipotentis
1115 2083 1261 2182 olympi.

250 2229 280 2280 19
293 2198 368 2272 Aut
388 2198 661 2288 111σπονδιιΐιζοντες,
679 2198 715 2271 id
738 2213 803 2287 est,
820 2225 904 2274 cum
932 2200 969 2272 in
995 2200 1123 2298 quinta
1148 2213 1186 2272 et
1211 2211 1312 2272 sexta
1338 2225 1392 2272 re-

293 2314 401 2414 gione
418 2339 539 2388 versus
555 2313 666 2414 pedes
683 2313 832 2414 spondei
849 2327 1054 2414 ponuntur:
1081 2328 1134 2403 ut,

345 2426 492 2503 Comae
507 2427 712 2503 velatumrm
728 2429 948 2504 obvertimus
964 2439 1255 2502 “antemnarum

251 2571 282 2608 ιο
294 2545 371 2617 Aut
387 2544 423 2618 in
442 2543 732 2643 monosyllabum
751 2543 976 2617 desinentes:
1004 2557 1056 2634 ut,

339 2659 541 2756 procumbit
558 2659 659 2732 humi
676 2658 746 2733 bos.

291 2773 367 2846 Aut
383 2786 554 2872 quattuor
570 2773 740 2848 orationis
758 2773 920 2873 partibus
938 2771 1187 2848 decurrentes:
1215 2789 1266 2860 ut,

345 2889 493 2963 Comw
509 2888 716 2964 velatarum
733 2890 953 2964 obvertimus
970 2901 987 2936 ¹¹
998 2900 1262 2964 antemnarum.

290 3005 367 3078 Aut
382 3005 535 3079 tantan
554 3018 592 3078 et
608 3006 658 3079 lala
670 3005 757 3079 πέντε
771 3033 780 3076 t
806 3019 858 3090 ut,

340 3119 552 3194 Formantur
563 3129 694 3218 pastor
713 3119 883 3220 Corydon
900 3120 1054 3194 ardebat
1068 3118 1220 3196 Alesia.

247 3258 275 3294 ²¹
340 3235 475 3334 lncipit
492 3249 613 3310 autem
631 3262 754 3310 versus
773 3237 902 3309 herous
929 3235 1138 3308 hexameter
1160 3262 1181 3309 a
1197 3233 1389 3310 duodecim

290 3349 449 3447 syllabis,
466 3349 502 3422 in
522 3376 595 3448 quo
611 3377 737 3424 omnes
756 3349 906 3450 spondei
924 3363 1027 3423 sunt:
1056 3365 1107 3440 ut,

340 3463 426 3537 Non
438 3464 562 3563 ploce
578 3475 714 3564 turpes,
731 3491 804 3539 non
820 3477 1024 3541 marcentes
1040 3466 1211 3541 ⁰lroleun.

247 3617 277 3652 aa
290 3579 341 3653 Et
358 3581 487 3655 crescit
503 3607 617 3678 usque
640 3581 684 3656 ad
709 3583 968 3683 septemdecim
993 3583 1160 3683 syllabas.
1212 3583 1390 3667 Quotiens

291 3709 410 3769 antem
445 3695 610 3794 dactylus
645 3697 794 3784 accedit,
828 3699 960 3773 totiens
994 3699 1132 3798 syllaba
1165 3697 1390 3774 tadcrescit:

289 3837 378 3908 quas
405 3811 541 3912 species
570 3813 638 3886 sub
668 3814 844 3913 exemplis
874 3841 1096 3906 enumerare,
1123 3829 1161 3889 et
1190 3815 1286 3916 apud
1325 3841 1391 3887 nos

290 3925 452 4026 longum,
479 3941 517 4000 ct
545 3926 640 4027 apud
676 3929 835 4002 eruditos
865 3928 1060 4006 absurdum
1091 3931 1277 4021 habeatur,
1302 3957 1392 4028 qun-

330 4115 415 4196 squi]
431 4139 460 4196 q.
474 4120 508 4177 Ρ.
623 4119 767 4199 mythic]
783 4119 872 4199 phitie
886 4121 918 4178 Ρ.
1041 4119 1210 4199 hAdeoque]
1227 4123 1346 4198 Atoeque
1359 4121 1391 4178 P.

290 4195 299 4240 ¹
313 4198 449 4274 deducat]
466 4197 581 4260 diducat
594 4202 626 4259 P.
638 4213 669 4259 et
682 4200 722 4259 aio
737 4201 854 4259 Sauten.
868 4201 934 4258 Ter.
947 4201 1041 4260 Maur.
1057 4221 1084 4280 p.
1097 4216 1165 4276 ayn.
1255 4199 1272 4243 ¹
1287 4201 1329 4259 vel
1343 4221 1390 4258 so·

290 4278 339 4354 lis]
357 4279 400 4336 vel
413 4277 463 4357 qni
476 4298 511 4338 ex
525 4279 593 4339 solis
605 4281 637 4339 P.
740 4278 880 4360 ¹dactyli]
895 4281 1019 4341 dactilici
1031 4283 1063 4341 P.
1155 4292 1179 4325 ὓ
1193 4283 1388 4356 σπουδάζοντες]

289 4363 471 4432 mortham
485 4361 516 4419 Ρ.
633 4373 650 4404 ¹¹
664 4363 867 4438 antennarum]
881 4375 1078 4422 antemnarum
1092 4363 1123 4420 P.
1239 4372 1255 4405 ⁰
1269 4362 1389 4436 balena]

291 4438 408 4498 ballenae
424 4441 457 4499 Ρ.
539 4451 555 4497 Ρ
569 4442 717 4518 accrescit]
735 4442 872 4502 adcrescit
885 4443 918 4500 P.
