3012 5084
333 463 353 520 8
717 445 839 520 Marii
859 443 1048 520 Victorini
1318 468 1416 516 uus.
1445 469 1484 516 1.

302 628 483 716 radiosus,
501 657 565 730 per
589 630 662 704 duo
687 659 706 704 s
730 631 944 720 scribebant,
962 630 1124 704 bnassus.
1174 631 1292 703 Juxta
1309 645 1477 703 autern

328 771 402 817 non
422 748 604 844 ponebant
621 771 688 836 cm,
705 745 836 818 deinde
854 771 920 818 nec
935 745 1147 820 Akmerront
1164 744 1354 830 dicebant,
1379 773 1474 816 iaec

328 859 566 948 ¹Tecmesam,
581 862 643 934 sed
654 861 903 950 Alcumenam,
915 861 1000 934 inde
1017 859 1252 934 kAlcumena
1264 873 1303 932 ct
1318 860 1474 933 Alca-

329 1000 434 1048 merto
459 976 654 1074 tragoedire,
681 977 797 1050 donec
826 977 901 1049 Jul.
924 975 1068 1065 ¹Caesar,
1093 977 1154 1073 qui
1181 975 1389 1073 Vopiscus,
1416 993 1471 1048 et

329 1089 470 1179 Strabo,
496 1105 563 1164 ¹¹¹et
586 1093 816 1189 Sesquiculus
842 1091 960 1164 dictus
989 1105 1055 1180 est,
1081 1091 1219 1189 primus
1247 1090 1292 1162 de
1320 1089 1470 1162 ¹¹Tec-

330 1229 427 1276 mesa
442 1205 582 1305 scripsit
596 1205 809 1306 tragoediam
828 1231 943 1292 suam,
957 1221 994 1278 et
1008 1207 1044 1278 in
1063 1219 1191 1278 ⁰seena
1209 1207 1462 1304 pronuntiari

301 1353 316 1396 4
323 1319 444 1414 jussit.
472 1319 605 1394 Accius
623 1349 707 1395 vcro
725 1349 807 1396 cum
824 1321 994 1394 scriberet
1010 1322 1353 1420 unguis,1‘artgueis
1372 1321 1463 1393 im-

329 1435 497 1532 ponebat.
535 1432 660 1508 aldem
680 1462 746 1509 nee
763 1463 785 1510 z
804 1435 956 1523 literam,
973 1463 1040 1508 nec
1061 1463 1091 1534 y
1111 1436 1148 1508 in
1167 1437 1259 1508 libro
1276 1461 1346 1508 suo
1366 1449 1459 1508 rre-

328 1549 423 1638 tulit,
446 1550 529 1648 quia
555 1577 635 1648 quoe
659 1566 741 1624 ante
769 1551 926 1624 fecerant
949 1551 1099 1624 Naevius
1124 1565 1161 1624 et
1182 1551 1321 1636 Livius,
1349 1577 1451 1622 curn

295 1725 299 1734 ,
328 1665 437 1763 longa
463 1667 600 1765 syllaba
627 1665 813 1740 scribenda
833 1687 939 1755 esset,
955 1665 1044 1739 duas
1070 1667 1210 1738 vocales
1237 1667 1453 1765 ponebant,

328 1793 565 1880 praeterquam
592 1809 672 1880 quae
699 1784 737 1854 in
765 1783 780 1854 i
804 1782 944 1854 literam
971 1781 1183 1869 inciderant,
1211 1780 1305 1853 banc
1331 1781 1445 1853 enim

329 1924 393 1996 per
423 1924 443 1970 e
469 1899 546 1970 eti
579 1899 793 1972 scribebant.
847 1899 1005 1972 'Gneius
1040 1897 1234 1996 Pompeius
1270 1897 1445 1994 Magnus

328 2028 366 2087 et
396 2015 590 2088 tscribebat
618 2030 656 2087 et
684 2013 826 2088 dicebat
853 2014 1113 2088 indomitatem
1141 2039 1207 2112 pro
1237 2012 1444 2086 kalamita-

300 2144 409 2207 stem.
460 2129 633 2228 Nigidius
668 2129 818 2229 Figulus
844 2130 880 2202 in
907 2129 1189 2203 Commentariis
1215 2129 1288 2202 suis
1314 2153 1382 2200 nec
1410 2129 1443 2202 Is

328 2245 459 2344 posuit,
477 2259 564 2317 ¹¹nec
591 2271 623 2344 q,
641 2273 707 2318 nec
728 2271 764 2319 u.
809 2245 911 2319 Idem
930 2247 955 2319 It
976 2271 1049 2318 non
1076 2271 1153 2318 esse
1179 2244 1347 2332 litteram,
1367 2246 1437 2317 sad

328 2375 450 2432 notam
471 2359 720 2458 adspirationis
738 2361 894 2434 tradidit.
939 2361 1103 2434 Licinius
1121 2361 1254 2435 Calvus
1271 2388 1293 2460 q
1311 2361 1437 2432 littera

328 2501 399 2546 non
427 2489 480 2546 est
508 2501 613 2548 usus:
641 2477 844 2549 consultum
869 2487 1038 2550 *senatos
1063 2477 1140 2577 ipse
1165 2475 1364 2576 ”scripsit:
1390 2491 1435 2547 et

300 2589 373 2662 sad
391 2589 549 2663 WCaium
570 2591 760 2680 Caesarem,
776 2603 925 2666 senatus
950 2591 1162 2666 coasultum.
1207 2591 1308 2666 Idem
1336 2593 1434 2687 opti-

328 2733 408 2780 mus
430 2709 611 2780 mucimus
629 2707 783 2807 scripsit,
801 2733 875 2780 non
892 2721 933 2780 ut
950 2733 1015 2780 nos
1042 2735 1106 2806 per
1122 2735 1148 2780 a
1165 2708 1332 2781 litteram.
1357 2705 1431 2778 Di-

329 2849 393 2896 vus
410 2824 597 2924 Augustus
623 2824 804 2924 xgenitivo
821 2849 905 2896 casu
928 2824 1036 2923 liujus
1058 2823 1179 2897 domm
1203 2849 1287 2896 men
1307 2847 1368 2920 per
1391 2847 1428 2906 o,

329 2965 401 3012 non
430 2954 469 3012 ut
494 2967 560 3012 nos
583 2965 647 3038 per
670 2967 696 3012 u
721 2939 861 3012 literam
888 2939 1039 3037 scripsit.
1083 2939 1253 3028 Messala,
1280 2941 1426 3023 Brutus,

301 3055 852 3154 7Agrippa,prosumns,simus.
876 3053 955 3126 Nos
967 3054 1195 3154 paucioribus
1207 3055 1331 3128 litteris
1342 3053 1426 3125 scri-

329 3168 459 3258 bimus,
470 3197 580 3268 quam
592 3173 728 3267 antiqui
744 3169 959 3256 scribebant,
970 3183 1022 3258 ut,
1032 3195 1157 3258 nurus,
1169 3195 1294 3258 nunus,
1305 3165 1423 3258 notus,

328 3309 455 3355 nosco.-
481 3297 587 3356 tnarn
615 3285 668 3356 illi
696 3286 759 3357 bas
777 3311 893 3375 voces,
911 3299 947 3357 et
974 3285 1109 3358 similes
1135 3285 1213 3357 istis
1234 3299 1423 3383 gantcpo-

326 3397 396 3470 sita
422 3397 645 3471 scribebant:
672 3399 774 3496 cujus
798 3401 1068 3474 consuetudinis
1095 3427 1159 3473 nos
1178 3401 1326 3498 vestigia
1341 3401 1422 3472 reti-

328 3539 467 3603 nemus,
500 3539 582 3586 cum
623 3514 813 3588 scribimus
847 3518 1011 3615 ignarus,
1041 3527 1227 3616 cognatus,
1260 3517 1419 3616 ignauus,

367 3697 384 3742 ¹¹
406 3719 503 3756 anesus
523 3711 553 3757 et
568 3702 681 3775 cetera]
701 3720 801 3758 aussus
823 3702 854 3758 P.
977 3699 1179 3778 liberassem]
1202 3713 1365 3760 tescniusam
1384 3705 1418 3762 P.

326 3777 535 3854 killcumaeon]
552 3780 725 3838 Alcumeneo
741 3783 771 3838 P.
853 3780 983 3854 lcaesar]
1001 3784 1089 3841 Cesar
1103 3783 1133 3840 P.
1216 3771 1417 3860 mnquietSes·

327 3860 471 3939 quiculus]
486 3872 516 3918 et
529 3862 710 3937 sesqnecnlns
725 3861 756 3918 P.
777 3864 959 3936 sesquioculus
972 3862 1082 3921 Fabric.
1098 3864 1134 3921 B.
1146 3864 1184 3921 G.
1199 3863 1255 3920 III.
1270 3883 1296 3940 p.
1312 3863 1415 3921 8=IV.

326 3962 354 4018 p.
370 3957 438 4016 577.
534 3951 550 3983 ¹²
565 3943 703 3998 'l'ecnresa
716 3941 840 4018 scripsit]
856 3943 1026 4000 Tecmusanr
1041 3942 1152 4001 scribsit
1165 3943 1196 4000 P.
1304 3953 1417 4002 ⁰scaena

327 4020 520 4102 pronunciari]
538 4041 623 4078 scena
638 4021 812 4098 pronuntiari
828 4023 859 4079 P.
954 4023 1114 4101 Pangueis]
1131 4023 1247 4101 engules
1261 4021 1368 4101 angulas
1382 4025 1414 4083 Ρ.

326 4128 342 4172 (ι
366 4119 453 4191 Item]
480 4119 561 4176 Idem
584 4119 613 4175 P.
707 4131 718 4162 Γ
743 4120 862 4194 rettulit]
887 4119 983 4176 retulit
1001 4121 1032 4177 P.
1130 4129 1142 4161 ⁵
1165 4119 1285 4194 Gneins]
1309 4121 1360 4178 GN
1383 4121 1412 4179 P.

325 4199 337 4240 t
350 4199 512 4255 scribebant
525 4211 554 4255 et
567 4197 712 4274 dicebant]
730 4197 869 4257 scribebat
883 4213 912 4257 et
925 4199 1037 4258 dicebat
1052 4201 1082 4257 P.
1139 4211 1157 4242 1¹
1172 4219 1222 4277 pro
1237 4201 1278 4274 Q]
1296 4219 1341 4257 nec
1354 4201 1411 4262 ΟΡ.

326 4289 341 4320 V
355 4278 457 4350 senati]
471 4291 584 4335 senatus
601 4279 630 4335 Ρ.
654 4282 696 4336 An
708 4282 854 4336 senatuis?
868 4301 892 4336 v.
905 4280 994 4358 Sosip.
1005 4279 1114 4338 Charis.
1129 4301 1156 4357 p.
1173 4280 1238 4337 116.
1292 4280 1412 4371 iwscrip.

325 4357 375 4431 sit]
391 4357 503 4415 scribsit
518 4359 549 4414 I’.
564 4359 688 4418 etinlra.
751 4359 981 4432 wCaium]t'sl'.
1053 4361 1220 4439 xgenitivo]
1236 4360 1358 4440 genetivo
1379 4362 1409 4420 P.

325 4449 339 4494 t
354 4451 383 4496 et
396 4437 449 4512 illi]
467 4459 531 4496 tium
547 4438 587 4495 illi
601 4439 630 4495 P.

407 4579 423 4635 3
441 4563 554 4636 Strabo]
573 4580 596 4616 r.
613 4563 729 4618 Sueton.
745 4563 817 4620 Caes.
832 4583 857 4620 e.
874 4577 921 4637 55.
937 4563 1018 4620 Voss.
1033 4563 1162 4622 depost.
1177 4563 1242 4621 Lat.
1257 4584 1284 4642 p.
1298 4582 1337 4636 14·
