3012 5084
265 407 313 487 72
658 395 776 472 Marii
796 395 978 472 Victorini
1248 420 1325 469 ara.
1340 420 1367 469 r.

235 579 375 654 sUnde
399 579 537 656 dictum
560 581 674 654 melos
698 580 845 654 brachia
870 580 1007 654 scilicet
1028 592 1064 654 et
1087 579 1234 652 femina.
1285 579 1367 654 Nec

264 695 301 768 in
320 709 435 770 metro
451 695 548 795 apud
565 695 740 794 quosdam
770 696 849 770 lraec
872 695 1114 770 communiter
1135 695 1227 770 mele
1244 699 1367 795 appel-

263 811 392 899 lantur,
404 839 485 910 quae
502 839 568 886 nos
585 811 745 884 earmina
758 811 1035 910 interpretamur
1046 823 1083 882 et
1097 811 1272 898 membra,
1285 837 1365 908 quoe

234 926 382 998 6¹²nrele
400 927 516 1001 Graeci
543 927 658 1000 divisa
683 928 926 1000 membrorum
945 939 1086 1000 vocant.
1138 926 1260 999 Partes
1279 953 1365 1024 ergo

261 1064 394 1126 versus,
412 1067 496 1114 cum
514 1065 560 1114 ex
577 1067 618 1114 ea
635 1066 707 1137 qua
723 1041 937 1138 conjunctus
955 1053 1031 1114 erat
1052 1053 1153 1139 parte
1178 1039 1365 1112 ⁰dissolvi-

261 1165 331 1242 tur,
351 1155 429 1228 cola
454 1153 654 1240 refficient;
680 1182 763 1229 curn
783 1181 867 1228 vero
890 1183 932 1230 ea
953 1183 1026 1254 qua
1051 1156 1265 1252 conjunctus
1289 1170 1364 1229 erat

261 1282 362 1367 parte
396 1268 603 1358 absciditur,
630 1270 817 1370 particula,
846 1296 927 1369 quae
958 1270 1118 1343 adivulsa
1148 1295 1195 1342 ex
1224 1297 1268 1342 eo
1297 1283 1363 1358 est,

260 1411 405 1458 comma
422 1385 572 1475 dicetur,
589 1400 631 1458 ut
648 1387 683 1458 in
710 1385 779 1459 illis
796 1412 918 1459 versus
944 1386 1112 1471 solvatur,
1129 1385 1166 1456 in
1195 1384 1251 1456 his
1278 1397 1364 1458 rcre-

233 1499 374 1573 rdatur.
401 1501 500 1574 Nam
516 1499 698 1590 Periodus,
713 1513 811 1599 'quae
829 1501 961 1574 Latina
977 1499 1271 1598 interpretatione
1290 1499 1362 1571 eir-

260 1615 379 1688 euitna
400 1614 456 1687 vel
483 1615 643 1690 ambitus
663 1629 823 1703 vocatur,
844 1613 881 1687 id
903 1627 969 1700 est,
986 1613 1201 1712 compositio
1224 1611 1358 1711 pedum

258 1727 370 1800 trium
396 1728 451 1800 vel
476 1732 664 1826 tquattuor
688 1731 744 1804 vel
771 1731 1011 1830 complurium
1048 1729 1219 1802 similium
1251 1742 1361 1826 atque

258 1841 515 1932 'absimilium
540 1841 585 1915 ad
611 1833 658 1916 id'
674 1843 813 1918 rediens
835 1844 929 1918 unde
952 1843 1140 1918 exordium
1163 1844 1360 1942 'sumpsit

259 1955 352 2028 sicut
368 1957 541 2056 temporis
568 1958 732 2050 lustrum,
749 1959 805 2032 vel
832 1986 1012 2033 sacrorum
1041 1957 1221 2045 trieterici‚
1237 1957 1293 2030 vel
1322 1957 1358 2028 in

258 2072 519 2170 *poematibus
537 2072 685 2170 quando
702 2100 774 2146 non
800 2101 922 2147 versus
947 2073 1070 2146 somni
1099 2073 1202 2146 metri
1229 2097 1360 2169 genere

258 2201 477 2286 panguntur,
495 2187 557 2261 sed
583 2213 628 2260 err
646 2189 751 2262 variis
774 2189 935 2278 versibus
958 2213 1102 2262 carmen
1127 2213 1236 2260 omne
1259 2210 1359 2258 com-

257 2300 416 2399 positum
437 2327 501 2400 per
518 2302 708 2377 circuitum
727 2305 909 2400 quendam
929 2303 974 2377 ad
991 2303 1152 2376 ordinem
1172 2326 1277 2374 suurn
1296 2300 1360 2372 de-

229 2433 245 2482 a
258 2415 378 2488 currit.
406 2417 550 2514 Περιόδος
562 2417 694 2492 dicitur
706 2419 825 2492 omnis
838 2420 1056 2493 'hexametri
1071 2443 1192 2490 versus
1207 2414 1355 2487 modum

257 2529 445 2615 excedens,
465 2531 560 2604 unde
576 2559 618 2605 ea
635 2559 716 2630 quoe
742 2533 892 2606 modum
915 2548 952 2607 et
977 2555 1181 2605 mensuram
1210 2529 1357 2616 habent,

259 2657 373 2716 metra
389 2644 485 2718 dicta
503 2660 596 2720 sunt.
647 2645 819 2720 Subsistit
843 2661 962 2720 autem
985 2671 1030 2720 ex
1047 2657 1240 2730 commate,
1257 2645 1356 2730 colis,

257 2771 294 2830 et
312 2759 485 2833 versibus.

538 2959 640 3042 Car.
662 2959 779 3041 XIV.
830 2963 896 3044 De
923 2962 1063 3042 Versu.

306 3101 438 3176 Versus
465 3119 531 3194 est,
557 3120 598 3178 ut
623 3106 773 3178 Varroni
803 3107 933 3204 placet,
960 3108 1150 3179 verborum
1172 3104 1355 3200 junctura,

257 3243 338 3313 quae
356 3244 419 3316 per
435 3219 602 3292 articulos
628 3234 665 3293 et
685 3235 868 3295 commata
893 3235 957 3295 *ac
982 3221 1174 3320 rhythmos
1193 3219 1356 3291 modula-

230 3355 244 3390 ²
258 3343 317 3403 tur
335 3331 370 3402 in
386 3333 508 3430 pedes.
551 3335 687 3434 Incipit
703 3349 823 3409 autem
843 3364 863 3409 a
880 3335 1047 3424 dimetro,
1063 3348 1100 3407 et
1116 3333 1278 3434 procedit
1296 3361 1355 3406 us·

257 3472 329 3542 que
355 3446 401 3518 ad
427 3447 716 3538 '’hexametrum,
746 3451 782 3522 in
810 3452 865 3523 his
890 3451 1080 3523 dumtaxat
1105 3448 1264 3522 versibus
1285 3448 1354 3545 ,qui

228 3587 321 3659 sper
337 3561 497 3659 singulos
515 3561 624 3660 pedes
641 3563 869 3638 dirimuntur.
921 3565 965 3636 ln
983 3564 1053 3636 illis
1071 3577 1190 3637 autem
1209 3562 1271 3659 qui
1290 3587 1355 3661 per

257 3675 458 3774 ⁰dipodiam
491 3703 605 3774 usque
636 3678 680 3751 ad
711 3693 958 3753 tetrametrum
989 3679 1044 3751 vel
1073 3691 1353 3778 pentametrum,

298 3887 314 3918 ¹¹
329 3876 416 3952 mele]
434 3876 518 3936 melle
531 3877 562 3934 P.
672 3889 687 3920 ⁰
700 3875 873 3952 dissolvitur]
890 3875 1037 3934 disolritur
1047 3877 1078 3933 P.
1186 3885 1202 3930 Ρ
1215 3873 1351 3948 efficient]

256 3955 340 4014 efficit
356 3958 387 4014 P.
455 3957 605 4031 adiurlsa]
623 3955 730 4014 divolsa
743 3957 775 4014 P.
840 3957 1002 4030 rcaedatur]
1019 3955 1135 4014 cedatur
1147 3955 1179 4011 P.
1220 3953 1350 4029 1³qure]

256 4035 303 4112 qui
319 4037 349 4093 Ρ.
412 4036 797 4114 tquatuor-complurium]
814 4035 1164 4113 quattuor-complutum
1180 4033 1210 4090 P.
1272 4043 1288 4074 ⁷
1302 4033 1352 4090 ab·

255 4115 404 4192 similium]
421 4115 634 4176 abdissinrilium
650 4118 681 4174 P.
808 4127 830 4159 v
845 4118 957 4182 sumsit,
971 4115 1069 4190 sicuti]
1086 4117 1217 4192 surripuit,
1232 4113 1305 4171 sicut
1319 4113 1351 4168 P.

254 4205 270 4237 ¹
284 4195 475 4272 potmatibus]
491 4199 631 4274 poteratis
645 4197 675 4254 P.
768 4207 784 4252 r
797 4196 890 4270 omni]
906 4215 1006 4254 omnes
1018 4196 1048 4252 P.
1150 4204 1165 4236 ¹
1179 4193 1350 4266 hexametri]

252 4275 387 4333 exametri
401 4276 432 4332 P.
548 4287 609 4334 ⁸ac
624 4277 781 4354 rhythmos]
798 4278 942 4353 arythmos
955 4276 987 4332 P.
1106 4272 1346 4346 l’herrametrtrnfl

251 4367 424 4413 exametrum
441 4357 472 4413 P.
487 4367 517 4414 et
531 4375 606 4414 mor.
706 4355 889 4434 cclipodiam]
906 4347 1038 4434 dipodlan
1055 4355 1086 4411 P.

326 4526 354 4584 5.
371 4511 433 4570 Nec
448 4511 477 4570 in
494 4513 598 4588 metro]
616 4511 793 4571 Camerarius
806 4511 885 4591 legit,
903 4513 960 4569 Nec
973 4513 1117 4570 anmerim.
1139 4509 1273 4568 COMM.
1344 4499 1352 4510 ”
