3082 5140
131 415 226 466 cas.
248 407 279 466 1.
506 394 551 466 de
567 393 709 468 Matris
728 393 892 470 Comicls.
1168 405 1243 486 379

134 589 164 622 “
182 601 324 650 versum
353 575 545 664 senarium,
570 589 608 650 et
632 578 778 666 similes,
802 579 831 650 si
863 605 930 678 pro
959 579 1068 678 longa
1096 579 1242 652 brevem

137 701 164 736 “
186 691 384 777 habebunt,
402 692 497 764 utin
516 692 599 778 hoc,

231 815 254 848 “
270 809 399 872 susm
411 829 555 874 masmar
568 829 656 872 neus
669 811 879 897 apopulnris
894 811 1010 874 GM

205 917 392 992 Charisius
426 917 499 991 sic:
541 927 565 960 “
590 917 841 1016 Septenarium
876 945 1020 992 versum
1049 919 1126 992 lieri
1157 917 1274 991 dicits

135 1045 163 1078 “
186 1032 300 1106 Varro
327 1032 398 1106 hoc
427 1030 549 1117 modo,
572 1057 656 1106 cnm
685 1032 729 1106 ad
755 1034 918 1112 inunum
944 1033 1153 1132 trisyllabus
1181 1059 1245 1131 pes

133 1156 163 1190 “
186 1146 340 1237 additur,
358 1159 399 1220 ut
414 1147 605 1246 prefatum
622 1148 706 1220 est.”

196 1261 345 1336 Bassius
363 1262 407 1336 ad
425 1263 614 1336 Neronem
626 1263 674 1336 de
697 1263 855 1336 iambico
877 1264 931 1336 sic
946 1261 1079 1336 ‘dicits
1105 1275 1128 1307 “
1146 1263 1271 1348 lam-5

136 1387 166 1422 “
189 1377 292 1451 biens
320 1391 453 1464 autem,
483 1377 592 1454 ‘cum
624 1379 735 1478 pedes
764 1379 876 1452 etiam
904 1377 1074 1476 dactylici
1104 1379 1245 1476 generis

138 1501 167 1536 “
187 1507 360 1582 assumat,
374 1493 506 1568 desinit
528 1495 705 1568 iambicus
721 1493 848 1582 videri,
864 1494 932 1568 nisi
951 1492 1179 1592 percussione
1196 1483 1246 1566 ita

140 1616 170 1652 ‘⁴
189 1605 453 1698 lmoderates-ia,
478 1623 520 1682 ut
545 1635 629 1683 cum
662 1608 793 1708 pedem
822 1607 1021 1708 supplodis,
1047 1607 1246 1682 iambicum
1337 1619 1342 1626 '

141 1730 170 1766 “
188 1721 312 1800 leriae:
351 1723 503 1822 ideoque
538 1725 600 1797 illa
633 1726 714 1798 loos
746 1723 984 1825 percussionis
1017 1749 1090 1796 non
1117 1723 1247 1823 recipi·

143 1849 171 1882 “
189 1850 255 1914 unt
276 1838 388 1912 alium
414 1867 524 1936 quam
549 1841 727 1929 iambum,
742 1854 781 1912 et
804 1839 838 1912 ei
865 1865 987 1938 parem
1011 1838 1247 1923 tribrachum,

145 1961 172 1996 ‘⁶
189 1967 251 2026 aut
280 1953 310 2026 si
337 1955 484 2028 alterius
512 1955 744 2028 exhibuerint
773 1955 879 2028 metri
906 1955 1077 2054 speciem.
1138 1953 1246 2037 Quod

145 2079 173 2112 “
190 2066 283 2156 dico,
303 2071 473 2169 exemplo
497 2069 628 2144 faciam
649 2069 835 2145 illustrius
886 2069 981 2144 ¹‘Elst
1003 2069 1041 2143 in
1065 2069 1248 2144 Eunucho

146 2191 172 2228 ‘⁴
189 2181 363 2258 ¹'l'erentii
381 2187 504 2260 statim
527 2187 564 2260 in
594 2187 712 2286 prima
735 2187 867 2286 pagins
893 2185 954 2308 hic
978 2211 1101 2257 versus
1125 2185 1248 2258 trime·

145 2308 172 2342 “
192 2312 280 2386 trus,

236 2415 752 2496 “Esuluss't‚reoocot,redeaml
771 2413 1129 2482 messenum.
1270 2445 1274 2454 ·

202 2533 226 2570 ‘⁸
243 2525 381 2600 ”Hune
398 2525 519 2625 incipe
535 2527 652 2612 ferire,
667 2523 844 2598 videberis
866 2521 1016 2596 heroum
1042 2521 1173 2594 habere
1196 2519 1249 2592 in-

147 2647 171 2684 “
189 2653 244 2712 ter
260 2663 410 2724 manus;
436 2640 481 2714 ad
499 2665 681 2714 summam
699 2639 824 2738 paucis
841 2638 987 2738 syllabis
1011 2637 1048 2708 in
1066 2649 1249 2734 postremo

148 2765 173 2798 “
190 2757 353 2842 mutatis,
369 2767 467 2828 totus
483 2755 551 2830 erit
569 2755 711 2840 herous,
729 2841 732 2846 Ι

268 2870 784 2950 “Ε.ἰε1ωἱί,νιυοωι,νεάιαηι1
805 2867 1078 2952 omsimrafiol.

149 2983 328 3056 “Ponam
360 2983 513 3058 dubium
544 2981 703 3058 secundo
732 2982 812 3054 loco
846 2977 1003 3079 pedem‚·
1018 2975 1166 3076 propius
1189 2999 1249 3064 ac-

150 3106 174 3140 “
192 3097 332 3183 cedam

281 3220 304 3250 “
320 3211 429 3276 Heras
443 3212 577 3278 Atridas
590 3211 727 3276 mltum
742 3207 971 3294 ustorfichm?

56 3399 64 3410 ‚
201 3321 316 3394 Varro
332 3321 370 3394 in
386 3344 461 3394 vu:
480 3332 501 3365 “
514 3321 703 3396 Clausulas
716 3345 861 3416 quoque
879 3317 1037 3416 primum
1055 3313 1279 3414 appellatasa

149 3447 171 3481 ‘⁴
189 3437 327 3525 dicunt,
353 3437 449 3534 quod
478 3436 686 3512 clauderent
712 3434 940 3522 sententiam,
966 3445 1007 3506 ut
1032 3429 1128 3530 apud
1157 3429 1251 3502 ⁰Ac-

149 3559 171 3594 “
189 3551 300 3636 cium,

280 3671 303 3704 “
318 3663 372 3728 Art
385 3664 531 3752 liecjom
543 3664 633 3729 obliti
646 3672 722 3729 suot
737 3663 928 3752 Phryges?

200 3773 514 3874 “Nonnunquam
544 3775 590 3848 ab
618 3774 672 3848 his
702 3773 846 3848 initium
875 3773 928 3864 fit,
955 3785 1021 3846 lut
1049 3767 1146 3868 apud
1171 3768 1251 3840 Cae·

149 3899 171 3933 “
189 3889 327 3974 cilium,
1147 3901 1152 3906 ’

280 4013 302 4043 “
316 4005 366 4068 nt
379 4005 452 4070 aona
466 4001 661 4094 qausoer‘·

191 4239 304 4315 adluit]
321 4239 391 4300 dicit
404 4241 469 4301 Ald.
538 4241 649 4315 ¹¹cum]
664 4259 752 4317 quum
767 4239 839 4296 Ven.
855 4235 964 4295 etinfr.
1026 4231 1249 4309 ¹moderatoris]

151 4320 352 4380 lmoderaveris
366 4323 441 4382 llen.
456 4323 576 4380 immod.
590 4320 656 4379 Ald.
710 4317 728 4361 Ι
744 4321 800 4377 Est
814 4317 856 4392 in]
873 4319 902 4374 in
917 4317 991 4374 Ven.
1006 4313 1069 4374 Ald.
1120 4313 1130 4358 ¹
1143 4315 1251 4373 Teren·

152 4399 197 4476 tii]
215 4399 244 4460 in
259 4401 384 4479 presenti
399 4403 473 4461 Van.
490 4403 554 4462 ald.
610 4411 634 4444 ¹¹¹
648 4399 672 4457 si
686 4400 746 4474 me]
763 4399 826 4458 sine
841 4417 888 4455 me
901 4397 976 4455 Vsu⁴
1035 4405 1052 4438 ¹¹
1066 4397 1143 4454 hunc
1157 4397 1251 4472 incipe

152 4495 392 4558 —liatorullan¹
402 4499 465 4560 ald.
508 4496 666 4570 oscum]
679 4496 793 4556 Actium
804 4495 876 4556 Van.
917 4505 975 4554 Put
989 4493 1078 4573 apud]
1094 4491 1169 4574 apud
1178 4493 1251 4550 Ven.

652 4605 757 4666 302
