<?xml version="1.0" encoding="UTF-8"?>
<!DOCTYPE html PUBLIC "-//W3C//DTD XHTML 1.0 Transitional//EN"
    "http://www.w3.org/TR/xhtml1/DTD/xhtml1-transitional.dtd">
<html xmlns="http://www.w3.org/1999/xhtml" xml:lang="en" lang="en">
 <head>
  <title>
</title>
<meta http-equiv="Content-Type" content="text/html;charset=utf-8" />
  <meta name='ocr-system' content='tesseract 3.04.00' />
  <meta name='ocr-capabilities' content='ocr_page ocr_carea ocr_par ocr_line ocrx_word'/>
</head>
<body>
  <div class='ocr_page' id='page_1' title='image "./scriptoreslatin00gaisgoog_0084.png"; bbox 0 0 3012 5084; ppageno 0'>
   <div class='ocr_carea' id='block_1_1' title="bbox 251 370 1354 452">
    <p class='ocr_par' dir='ltr' id='par_1_1' title="bbox 251 370 1354 452">
     <span class='ocr_line' id='line_1_1' title="bbox 251 370 1354 452; baseline 0.002 -4"><span class='ocrx_word' id='word_1_1' title='bbox 251 373 299 448; x_wconf 80' lang='grc'>64</span> <span class='ocrx_word' id='word_1_2' title='bbox 642 370 766 445; x_wconf 85' lang='lat' dir='ltr'>Marii</span> <span class='ocrx_word' id='word_1_3' title='bbox 784 370 967 446; x_wconf 70' lang='lat' dir='ltr'>Victorini</span> <span class='ocrx_word' id='word_1_4' title='bbox 1234 399 1309 448; x_wconf 79' lang='lat' dir='ltr'>uu.</span> <span class='ocrx_word' id='word_1_5' title='bbox 1328 401 1354 452; x_wconf 87' lang='lat'>1.</span> 
     </span>
    </p>
   </div>
   <div class='ocr_carea' id='block_1_2' title="bbox 252 557 1356 774">
    <p class='ocr_par' dir='ltr' id='par_1_2' title="bbox 252 557 1356 774">
     <span class='ocr_line' id='line_1_2' title="bbox 252 557 1353 658; baseline 0.003 -27"><span class='ocrx_word' id='word_1_6' title='bbox 252 559 351 631; x_wconf 88' lang='lat' dir='ltr'>tione</span> <span class='ocrx_word' id='word_1_7' title='bbox 379 557 597 656; x_wconf 81' lang='lat' dir='ltr'><strong>syllabarum</strong></span> <span class='ocrx_word' id='word_1_8' title='bbox 623 557 732 628; x_wconf 87' lang='lat' dir='ltr'>simul</span> <span class='ocrx_word' id='word_1_9' title='bbox 762 583 804 630; x_wconf 84' lang='lat' dir='ltr'>ac</span> <span class='ocrx_word' id='word_1_10' title='bbox 832 571 1038 656; x_wconf 85' lang='lat' dir='ltr'>temporum</span> <span class='ocrx_word' id='word_1_11' title='bbox 1067 572 1299 658; x_wconf 88' lang='lat' dir='ltr'>propagatus,</span> <span class='ocrx_word' id='word_1_12' title='bbox 1316 561 1353 634; x_wconf 89' lang='lat' dir='ltr'>in</span> 
     </span>
     <span class='ocr_line' id='line_1_3' title="bbox 252 672 1356 774; baseline 0.003 -28"><span class='ocrx_word' id='word_1_13' title='bbox 252 673 456 771; x_wconf 73' lang='lat' dir='ltr'>trisyllabos</span> <span class='ocrx_word' id='word_1_14' title='bbox 483 672 591 772; x_wconf 89' lang='lat' dir='ltr'>pedes</span> <span class='ocrx_word' id='word_1_15' title='bbox 616 687 700 746; x_wconf 90' lang='lat' dir='ltr'>octo</span> <span class='ocrx_word' id='word_1_16' title='bbox 726 673 909 771; x_wconf 81' lang='lat' dir='ltr'>processit,</span> <span class='ocrx_word' id='word_1_17' title='bbox 927 674 1002 771; x_wconf 93' lang='lat' dir='ltr'>qui,</span> <span class='ocrx_word' id='word_1_18' title='bbox 1027 675 1102 774; x_wconf 89' lang='lat' dir='ltr'>pari</span> <span class='ocrx_word' id='word_1_19' title='bbox 1130 676 1268 748; x_wconf 85' lang='lat' dir='ltr'>ratione</span> <span class='ocrx_word' id='word_1_20' title='bbox 1293 676 1356 750; x_wconf 88' lang='lat' dir='ltr'>ad-</span> 
     </span>
    </p>
   </div>
   <div class='ocr_carea' id='block_1_3' title="bbox 209 787 1464 4359">
    <p class='ocr_par' dir='ltr' id='par_1_3' title="bbox 209 787 1464 4359">
     <span class='ocr_line' id='line_1_4' title="bbox 253 787 1354 889; baseline 0.003 -27"><span class='ocrx_word' id='word_1_21' title='bbox 253 803 451 863; x_wconf 80' lang='lat' dir='ltr'>crescentes</span> <span class='ocrx_word' id='word_1_22' title='bbox 468 787 716 887; x_wconf 76' lang='lat' dir='ltr'>tetrasyllabos</span> <span class='ocrx_word' id='word_1_23' title='bbox 739 814 784 862; x_wconf 86' lang='lat' dir='ltr'>ex</span> <span class='ocrx_word' id='word_1_24' title='bbox 811 814 848 860; x_wconf 90' lang='lat' dir='ltr'>se</span> <span class='ocrx_word' id='word_1_25' title='bbox 875 791 1060 886; x_wconf 85' lang='lat' dir='ltr'>geminato</span> <span class='ocrx_word' id='word_1_26' title='bbox 1085 791 1354 889; x_wconf 89' lang='lat' dir='ltr'>trisyllaborum</span> 
     </span>
     <span class='ocr_line' id='line_1_5' title="bbox 209 903 1356 1005; baseline -0.001 -28"><span class='ocrx_word' id='word_1_27' title='bbox 209 931 405 990; x_wconf 61' lang='lat' dir='ltr'>„numero</span> <span class='ocrx_word' id='word_1_28' title='bbox 428 927 497 978; x_wconf 79' lang='lat' dir='ltr'>xvi</span> <span class='ocrx_word' id='word_1_29' title='bbox 528 903 726 978; x_wconf 88' lang='lat' dir='ltr'>ediderunt.</span> <span class='ocrx_word' id='word_1_30' title='bbox 779 904 918 979; x_wconf 87' lang='lat' dir='ltr'>Rursus</span> <span class='ocrx_word' id='word_1_31' title='bbox 936 917 1029 978; x_wconf 81' lang='lat' dir='ltr'>uxvi</span> <span class='ocrx_word' id='word_1_32' title='bbox 1058 906 1278 1005; x_wconf 80' lang='lat' dir='ltr'>tetrasyllabi</span> <span class='ocrx_word' id='word_1_33' title='bbox 1306 907 1356 979; x_wconf 64' lang='grc' dir='ltr'>εἰ,</span> 
     </span>
     <span class='ocr_line' id='line_1_6' title="bbox 254 1020 1356 1121; baseline 0 -26"><span class='ocrx_word' id='word_1_34' title='bbox 254 1023 343 1111; x_wconf 91' lang='lat' dir='ltr'>mili,</span> <span class='ocrx_word' id='word_1_35' title='bbox 360 1035 401 1094; x_wconf 93' lang='lat' dir='ltr'>ut</span> <span class='ocrx_word' id='word_1_36' title='bbox 417 1022 627 1121; x_wconf 88' lang='lat' dir='ltr'>superiores,</span> <span class='ocrx_word' id='word_1_37' title='bbox 644 1020 900 1120; x_wconf 86' lang='lat' dir='ltr'>geminatione,</span> <span class='ocrx_word' id='word_1_38' title='bbox 918 1021 1064 1119; x_wconf 91' lang='lat' dir='ltr'>triginta</span> <span class='ocrx_word' id='word_1_39' title='bbox 1089 1035 1126 1094; x_wconf 90' lang='lat' dir='ltr'>et</span> <span class='ocrx_word' id='word_1_40' title='bbox 1149 1021 1222 1095; x_wconf 94' lang='lat' dir='ltr'>duo</span> <span class='ocrx_word' id='word_1_41' title='bbox 1244 1047 1290 1095; x_wconf 84' lang='lat' dir='ltr'>ex</span> <span class='ocrx_word' id='word_1_42' title='bbox 1317 1049 1356 1095; x_wconf 87' lang='lat' dir='ltr'>se</span> 
     </span>
     <span class='ocr_line' id='line_1_7' title="bbox 254 1135 1353 1236; baseline 0.001 -26"><span class='ocrx_word' id='word_1_43' title='bbox 254 1138 451 1224; x_wconf 85' lang='lat' dir='ltr'>schemata,</span> <span class='ocrx_word' id='word_1_44' title='bbox 469 1137 504 1210; x_wconf 95' lang='lat' dir='ltr'>id</span> <span class='ocrx_word' id='word_1_45' title='bbox 522 1152 588 1225; x_wconf 84' lang='lat' dir='ltr'>est,</span> <span class='ocrx_word' id='word_1_46' title='bbox 605 1137 837 1236; x_wconf 87' lang='lat' dir='ltr'>figurationes</span> <span class='ocrx_word' id='word_1_47' title='bbox 861 1135 994 1236; x_wconf 85' lang='lat' dir='ltr'>pedum</span> <span class='ocrx_word' id='word_1_48' title='bbox 1022 1137 1353 1236; x_wconf 87' lang='lat' dir='ltr'>pentasyllaborum</span> 
     </span>
     <span class='ocr_line' id='line_1_8' title="bbox 209 1252 1356 1352; baseline 0.003 -30"><span class='ocrx_word' id='word_1_49' title='bbox 209 1273 241 1334; x_wconf 79' lang='lat'>⁵⁸</span> <span class='ocrx_word' id='word_1_50' title='bbox 254 1253 494 1328; x_wconf 89' lang='lat' dir='ltr'>reddiderunt.</span> <span class='ocrx_word' id='word_1_51' title='bbox 547 1253 599 1326; x_wconf 90' lang='lat' dir='ltr'>Hi</span> <span class='ocrx_word' id='word_1_52' title='bbox 617 1279 761 1350; x_wconf 90' lang='lat' dir='ltr'>quoque</span> <span class='ocrx_word' id='word_1_53' title='bbox 778 1252 866 1326; x_wconf 93' lang='lat' dir='ltr'>dum</span> <span class='ocrx_word' id='word_1_54' title='bbox 887 1279 950 1352; x_wconf 86' lang='lat' dir='ltr'>per</span> <span class='ocrx_word' id='word_1_55' title='bbox 967 1253 1132 1352; x_wconf 86' lang='lat' dir='ltr'>syllabas,</span> <span class='ocrx_word' id='word_1_56' title='bbox 1149 1267 1191 1326; x_wconf 92' lang='lat' dir='ltr'>ut</span> <span class='ocrx_word' id='word_1_57' title='bbox 1208 1253 1356 1352; x_wconf 89' lang='lat' dir='ltr'>priores,</span> 
     </span>
     <span class='ocr_line' id='line_1_9' title="bbox 254 1367 1355 1469; baseline -0.003 -26"><span class='ocrx_word' id='word_1_58' title='bbox 254 1388 432 1469; x_wconf 85' lang='lat' dir='ltr'>augentur</span> <span class='ocrx_word' id='word_1_59' title='bbox 449 1397 491 1443; x_wconf 88' lang='lat' dir='ltr'>ac</span> <span class='ocrx_word' id='word_1_60' title='bbox 508 1383 684 1468; x_wconf 89' lang='lat' dir='ltr'>tempora,</span> <span class='ocrx_word' id='word_1_61' title='bbox 703 1369 955 1468; x_wconf 88' lang='lat' dir='ltr'>hexasyllabos</span> <span class='ocrx_word' id='word_1_62' title='bbox 982 1367 1092 1469; x_wconf 84' lang='lat' dir='ltr'>pedes</span> <span class='ocrx_word' id='word_1_63' title='bbox 1115 1369 1191 1468; x_wconf 87' lang='lat' dir='ltr'>pari</span> <span class='ocrx_word' id='word_1_64' title='bbox 1217 1368 1355 1440; x_wconf 87' lang='lat' dir='ltr'>ratione</span> 
     </span>
     <span class='ocr_line' id='line_1_10' title="bbox 254 1483 1357 1583; baseline -0.001 -25"><span class='ocrx_word' id='word_1_65' title='bbox 254 1485 291 1558; x_wconf 95' lang='lat' dir='ltr'>in</span> <span class='ocrx_word' id='word_1_66' title='bbox 319 1485 564 1560; x_wconf 88' lang='lat' dir='ltr'>schematibus</span> <span class='ocrx_word' id='word_1_67' title='bbox 588 1483 774 1582; x_wconf 81' lang='lat' dir='ltr'>sexaginta</span> <span class='ocrx_word' id='word_1_68' title='bbox 797 1497 834 1556; x_wconf 90' lang='lat' dir='ltr'>et</span> <span class='ocrx_word' id='word_1_69' title='bbox 858 1499 1029 1583; x_wconf 87' lang='lat' dir='ltr'>quattuor</span> <span class='ocrx_word' id='word_1_70' title='bbox 1053 1484 1162 1557; x_wconf 92' lang='lat' dir='ltr'>simili</span> <span class='ocrx_word' id='word_1_71' title='bbox 1192 1483 1357 1582; x_wconf 88' lang='lat' dir='ltr'>duplica-</span> 
     </span>
     <span class='ocr_line' id='line_1_11' title="bbox 256 1599 1356 1699; baseline -0.003 -25"><span class='ocrx_word' id='word_1_72' title='bbox 256 1603 355 1674; x_wconf 89' lang='lat' dir='ltr'>tione</span> <span class='ocrx_word' id='word_1_73' title='bbox 372 1601 621 1699; x_wconf 83' lang='lat' dir='ltr'>protulerunt:</span> <span class='ocrx_word' id='word_1_74' title='bbox 647 1599 698 1673; x_wconf 87' lang='lat' dir='ltr'>ita</span> <span class='ocrx_word' id='word_1_75' title='bbox 722 1613 763 1672; x_wconf 93' lang='lat' dir='ltr'>ut</span> <span class='ocrx_word' id='word_1_76' title='bbox 788 1626 930 1674; x_wconf 86' lang='lat' dir='ltr'>summa</span> <span class='ocrx_word' id='word_1_77' title='bbox 960 1601 1124 1674; x_wconf 89' lang='lat' dir='ltr'>omnium</span> <span class='ocrx_word' id='word_1_78' title='bbox 1143 1600 1186 1674; x_wconf 87' lang='lat' dir='ltr'>ad</span> <span class='ocrx_word' id='word_1_79' title='bbox 1206 1613 1356 1673; x_wconf 91' lang='lat' dir='ltr'>centum</span> 
     </span>
     <span class='ocr_line' id='line_1_12' title="bbox 254 1713 1355 1816; baseline 0 -28"><span class='ocrx_word' id='word_1_80' title='bbox 254 1715 380 1814; x_wconf 89' lang='lat' dir='ltr'>viginti</span> <span class='ocrx_word' id='word_1_81' title='bbox 400 1729 436 1788; x_wconf 89' lang='lat' dir='ltr'>et</span> <span class='ocrx_word' id='word_1_82' title='bbox 450 1729 620 1812; x_wconf 89' lang='lat' dir='ltr'>quattuor</span> <span class='ocrx_word' id='word_1_83' title='bbox 637 1713 746 1814; x_wconf 86' lang='lat' dir='ltr'>pedes</span> <span class='ocrx_word' id='word_1_84' title='bbox 765 1715 908 1790; x_wconf 84' lang='lat' dir='ltr'>redacta</span> <span class='ocrx_word' id='word_1_85' title='bbox 928 1716 1011 1790; x_wconf 81' lang='lat' dir='ltr'>wsit.</span> <span class='ocrx_word' id='word_1_86' title='bbox 1047 1716 1104 1790; x_wconf 90' lang='lat' dir='ltr'>lta</span> <span class='ocrx_word' id='word_1_87' title='bbox 1118 1731 1159 1790; x_wconf 93' lang='lat' dir='ltr'>ut</span> <span class='ocrx_word' id='word_1_88' title='bbox 1172 1715 1355 1816; x_wconf 87' lang='lat' dir='ltr'>simplices</span> 
     </span>
     <span class='ocr_line' id='line_1_13' title="bbox 256 1829 1357 1930; baseline 0.001 -27"><span class='ocrx_word' id='word_1_89' title='bbox 256 1857 407 1906; x_wconf 89' lang='lat' dir='ltr'>numero</span> <span class='ocrx_word' id='word_1_90' title='bbox 429 1829 633 1920; x_wconf 85' lang='lat' dir='ltr'>duodecim,</span> <span class='ocrx_word' id='word_1_91' title='bbox 651 1831 841 1930; x_wconf 89' lang='lat' dir='ltr'>compositi</span> <span class='ocrx_word' id='word_1_92' title='bbox 861 1845 1007 1905; x_wconf 91' lang='lat' dir='ltr'>centum</span> <span class='ocrx_word' id='word_1_93' title='bbox 1025 1845 1064 1905; x_wconf 89' lang='lat' dir='ltr'>et</span> <span class='ocrx_word' id='word_1_94' title='bbox 1080 1832 1271 1906; x_wconf 87' lang='lat' dir='ltr'>duodecim</span> <span class='ocrx_word' id='word_1_95' title='bbox 1291 1831 1357 1904; x_wconf 87' lang='lat' dir='ltr'>ha-</span> 
     </span>
     <span class='ocr_line' id='line_1_14' title="bbox 211 1945 1357 2043; baseline 0.001 -26"><span class='ocrx_word' id='word_1_96' title='bbox 211 1965 243 2019; x_wconf 78' lang='lat'>⁵9</span> <span class='ocrx_word' id='word_1_97' title='bbox 257 1947 420 2023; x_wconf 84' lang='lat' dir='ltr'>beantur.</span> <span class='ocrx_word' id='word_1_98' title='bbox 472 1945 526 2022; x_wconf 91' lang='lat' dir='ltr'>Hi</span> <span class='ocrx_word' id='word_1_99' title='bbox 553 1961 673 2022; x_wconf 86' lang='lat' dir='ltr'>autem</span> <span class='ocrx_word' id='word_1_100' title='bbox 700 1946 861 2043; x_wconf 86' lang='lat' dir='ltr'>ejusdem</span> <span class='ocrx_word' id='word_1_101' title='bbox 891 1947 1046 2020; x_wconf 86' lang='lat' dir='ltr'>interae</span> <span class='ocrx_word' id='word_1_102' title='bbox 1065 1973 1240 2022; x_wconf 77' lang='lat' dir='ltr'>mensurae</span> <span class='ocrx_word' id='word_1_103' title='bbox 1261 1960 1357 2036; x_wconf 90' lang='lat' dir='ltr'>sunt,</span> 
     </span>
     <span class='ocr_line' id='line_1_15' title="bbox 256 2061 1356 2161; baseline -0.002 -25"><span class='ocrx_word' id='word_1_104' title='bbox 256 2075 319 2138; x_wconf 86' lang='lat' dir='ltr'>aut</span> <span class='ocrx_word' id='word_1_105' title='bbox 367 2063 531 2161; x_wconf 87' lang='lat' dir='ltr'>sescuplo</span> <span class='ocrx_word' id='word_1_106' title='bbox 573 2075 779 2136; x_wconf 86' lang='lat' dir='ltr'>¹anteeunt</span> <span class='ocrx_word' id='word_1_107' title='bbox 812 2075 876 2136; x_wconf 89' lang='lat' dir='ltr'>aut</span> <span class='ocrx_word' id='word_1_108' title='bbox 914 2061 1038 2161; x_wconf 86' lang='lat' dir='ltr'>duplo.</span> <span class='ocrx_word' id='word_1_109' title='bbox 1119 2061 1177 2134; x_wconf 90' lang='lat' dir='ltr'>Ex</span> <span class='ocrx_word' id='word_1_110' title='bbox 1222 2062 1356 2158; x_wconf 91' lang='lat' dir='ltr'>quibus</span> 
     </span>
     <span class='ocr_line' id='line_1_16' title="bbox 257 2176 1357 2278; baseline 0.002 -30"><span class='ocrx_word' id='word_1_111' title='bbox 257 2177 371 2275; x_wconf 89' lang='lat' dir='ltr'>magis</span> <span class='ocrx_word' id='word_1_112' title='bbox 391 2178 485 2250; x_wconf 86' lang='lat' dir='ltr'>mele</span> <span class='ocrx_word' id='word_1_113' title='bbox 508 2191 544 2256; x_wconf 87' lang='lat' dir='ltr'>et</span> <span class='ocrx_word' id='word_1_114' title='bbox 570 2178 734 2278; x_wconf 87' lang='lat' dir='ltr'>rhythmi</span> <span class='ocrx_word' id='word_1_115' title='bbox 760 2177 953 2278; x_wconf 91' lang='lat' dir='ltr'>lyricorum</span> <span class='ocrx_word' id='word_1_116' title='bbox 984 2176 1226 2263; x_wconf 90' lang='lat' dir='ltr'>modulorum,</span> <span class='ocrx_word' id='word_1_117' title='bbox 1243 2203 1357 2274; x_wconf 87' lang='lat' dir='ltr'>quam</span> 
     </span>
     <span class='ocr_line' id='line_1_17' title="bbox 211 2293 1357 2393; baseline -0.002 -27"><span class='ocrx_word' id='word_1_118' title='bbox 211 2313 244 2366; x_wconf 79' lang='lat'>⁶0</span> <span class='ocrx_word' id='word_1_119' title='bbox 257 2308 371 2366; x_wconf 90' lang='lat' dir='ltr'>metra</span> <span class='ocrx_word' id='word_1_120' title='bbox 384 2293 529 2366; x_wconf 86' lang='lat' dir='ltr'>formari</span> <span class='ocrx_word' id='word_1_121' title='bbox 549 2307 729 2393; x_wconf 89' lang='lat' dir='ltr'>potemnt.</span> <span class='ocrx_word' id='word_1_122' title='bbox 767 2293 956 2392; x_wconf 90' lang='lat' dir='ltr'>Incipiunt</span> <span class='ocrx_word' id='word_1_123' title='bbox 973 2307 1094 2367; x_wconf 89' lang='lat' dir='ltr'>autem</span> <span class='ocrx_word' id='word_1_124' title='bbox 1114 2307 1150 2366; x_wconf 89' lang='lat' dir='ltr'>et</span> <span class='ocrx_word' id='word_1_125' title='bbox 1167 2293 1357 2392; x_wconf 89' lang='lat' dir='ltr'>porrigun-</span> 
     </span>
     <span class='ocr_line' id='line_1_18' title="bbox 256 2407 1365 2509; baseline -0.002 -27"><span class='ocrx_word' id='word_1_126' title='bbox 256 2421 315 2482; x_wconf 90' lang='lat' dir='ltr'>tur</span> <span class='ocrx_word' id='word_1_127' title='bbox 352 2423 514 2507; x_wconf 86' lang='lat' dir='ltr'>tempora</span> <span class='ocrx_word' id='word_1_128' title='bbox 553 2409 589 2482; x_wconf 91' lang='lat' dir='ltr'>in</span> <span class='ocrx_word' id='word_1_129' title='bbox 629 2409 889 2509; x_wconf 87' lang='lat' dir='ltr'>pentasyllabis</span> <span class='ocrx_word' id='word_1_130' title='bbox 921 2435 941 2482; x_wconf 90' lang='lat' dir='ltr'>a</span> <span class='ocrx_word' id='word_1_131' title='bbox 971 2410 1133 2507; x_wconf 89' lang='lat' dir='ltr'>quinque</span> <span class='ocrx_word' id='word_1_132' title='bbox 1165 2435 1281 2507; x_wconf 90' lang='lat' dir='ltr'>usque</span> <span class='ocrx_word' id='word_1_133' title='bbox 1310 2407 1365 2480; x_wconf 87' lang='lat' dir='ltr'>ad</span> 
     </span>
     <span class='ocr_line' id='line_1_19' title="bbox 256 2522 1358 2626; baseline 0 -30"><span class='ocrx_word' id='word_1_134' title='bbox 256 2523 393 2612; x_wconf 87' lang='lat' dir='ltr'>decem,</span> <span class='ocrx_word' id='word_1_135' title='bbox 411 2522 446 2596; x_wconf 94' lang='lat' dir='ltr'>id</span> <span class='ocrx_word' id='word_1_136' title='bbox 463 2535 529 2613; x_wconf 89' lang='lat' dir='ltr'>est,</span> <span class='ocrx_word' id='word_1_137' title='bbox 548 2551 568 2600; x_wconf 89' lang='lat' dir='ltr'>a</span> <span class='ocrx_word' id='word_1_138' title='bbox 585 2539 796 2623; x_wconf 87' lang='lat' dir='ltr'>pentasemo</span> <span class='ocrx_word' id='word_1_139' title='bbox 821 2524 866 2598; x_wconf 92' lang='lat' dir='ltr'>ad</span> <span class='ocrx_word' id='word_1_140' title='bbox 893 2523 1123 2598; x_wconf 82' lang='lat' dir='ltr'>deessemum</span> <span class='ocrx_word' id='word_1_141' title='bbox 1147 2533 1270 2626; x_wconf 72' lang='grc' dir='ltr'><strong><em>χοονικῇ</em></strong></span> <span class='ocrx_word' id='word_1_142' title='bbox 1296 2555 1358 2596; x_wconf 82' lang='lat' dir='ltr'>sra-</span> 
     </span>
     <span class='ocr_line' id='line_1_20' title="bbox 253 2639 1358 2739; baseline 0.002 -27"><span class='ocrx_word' id='word_1_143' title='bbox 253 2643 407 2738; x_wconf 74' lang='grc' dir='ltr'>ρανξῆσει,</span> <span class='ocrx_word' id='word_1_144' title='bbox 434 2653 475 2714; x_wconf 91' lang='lat' dir='ltr'>ut</span> <span class='ocrx_word' id='word_1_145' title='bbox 501 2640 547 2712; x_wconf 91' lang='lat' dir='ltr'>sit</span> <span class='ocrx_word' id='word_1_146' title='bbox 576 2655 817 2739; x_wconf 82' lang='lat' dir='ltr'>peritasemus,</span> <span class='ocrx_word' id='word_1_147' title='bbox 836 2639 1120 2737; x_wconf 81' lang='lat' dir='ltr'>Philopolemus,</span> <span class='ocrx_word' id='word_1_148' title='bbox 1144 2669 1165 2714; x_wconf 88' lang='lat' dir='ltr'>e</span> <span class='ocrx_word' id='word_1_149' title='bbox 1195 2642 1358 2738; x_wconf 88' lang='lat' dir='ltr'>quinque</span> 
     </span>
     <span class='ocr_line' id='line_1_21' title="bbox 211 2756 1358 2855; baseline 0.003 -31"><span class='ocrx_word' id='word_1_150' title='bbox 211 2773 239 2824; x_wconf 81' lang='lat'>61</span> <span class='ocrx_word' id='word_1_151' title='bbox 256 2757 423 2830; x_wconf 89' lang='lat' dir='ltr'>brevibus</span> <span class='ocrx_word' id='word_1_152' title='bbox 441 2783 466 2830; x_wconf 89' lang='lat' dir='ltr'>o</span> <span class='ocrx_word' id='word_1_153' title='bbox 482 2783 506 2829; x_wconf 84' lang='lat' dir='ltr'>a</span> <span class='ocrx_word' id='word_1_154' title='bbox 523 2782 546 2830; x_wconf 88' lang='grc' dir='ltr'><em>α</em></span> <span class='ocrx_word' id='word_1_155' title='bbox 563 2783 587 2832; x_wconf 87' lang='lat' dir='ltr'>a</span> <span class='ocrx_word' id='word_1_156' title='bbox 604 2783 638 2830; x_wconf 86' lang='lat' dir='ltr'>o.</span> <span class='ocrx_word' id='word_1_157' title='bbox 681 2756 904 2832; x_wconf 85' lang='lat' dir='ltr'>Decasemus</span> <span class='ocrx_word' id='word_1_158' title='bbox 922 2771 1041 2828; x_wconf 82' lang='lat' dir='ltr'>autem</span> <span class='ocrx_word' id='word_1_159' title='bbox 1061 2783 1082 2828; x_wconf 92' lang='lat' dir='ltr'>e</span> <span class='ocrx_word' id='word_1_160' title='bbox 1099 2757 1258 2855; x_wconf 88' lang='lat' dir='ltr'>quinque</span> <span class='ocrx_word' id='word_1_161' title='bbox 1277 2757 1358 2829; x_wconf 90' lang='lat' dir='ltr'>lon-</span> 
     </span>
     <span class='ocr_line' id='line_1_22' title="bbox 256 2873 1359 2972; baseline 0 -26"><span class='ocrx_word' id='word_1_162' title='bbox 256 2874 324 2972; x_wconf 91' lang='lat' dir='ltr'>gis,</span> <span class='ocrx_word' id='word_1_163' title='bbox 342 2888 381 2948; x_wconf 91' lang='lat' dir='ltr'>ut</span> <span class='ocrx_word' id='word_1_164' title='bbox 396 2873 656 2960; x_wconf 76' lang='lat' dir='ltr'>Atroxirlides‚</span> <span class='ocrx_word' id='word_1_165' title='bbox 670 2873 772 2970; x_wconf 90' lang='lat' dir='ltr'>cujus</span> <span class='ocrx_word' id='word_1_166' title='bbox 797 2901 911 2947; x_wconf 86' lang='lat' dir='ltr'>canon</span> <span class='ocrx_word' id='word_1_167' title='bbox 931 2899 995 2972; x_wconf 89' lang='lat' dir='ltr'>per</span> <span class='ocrx_word' id='word_1_168' title='bbox 1017 2873 1179 2970; x_wconf 86' lang='lat' dir='ltr'>quinque</span> <span class='ocrx_word' id='word_1_169' title='bbox 1198 2873 1359 2946; x_wconf 83' lang='lat' dir='ltr'>bbbbb</span> 
     </span>
     <span class='ocr_line' id='line_1_23' title="bbox 257 2989 1358 3088; baseline 0.001 -27"><span class='ocrx_word' id='word_1_170' title='bbox 257 2991 466 3087; x_wconf 86' lang='lat' dir='ltr'>signabitur.</span> <span class='ocrx_word' id='word_1_171' title='bbox 517 2991 612 3064; x_wconf 87' lang='lat' dir='ltr'>Item</span> <span class='ocrx_word' id='word_1_172' title='bbox 641 2989 861 3088; x_wconf 86' lang='lat' dir='ltr'>hexasyllabi</span> <span class='ocrx_word' id='word_1_173' title='bbox 882 2989 927 3061; x_wconf 89' lang='lat' dir='ltr'>ab</span> <span class='ocrx_word' id='word_1_174' title='bbox 946 2989 1140 3062; x_wconf 88' lang='lat' dir='ltr'>hexasemo</span> <span class='ocrx_word' id='word_1_175' title='bbox 1157 2989 1201 3062; x_wconf 90' lang='lat' dir='ltr'>ad</span> <span class='ocrx_word' id='word_1_176' title='bbox 1220 2989 1358 3062; x_wconf 89' lang='lat' dir='ltr'>duode-</span> 
     </span>
     <span class='ocr_line' id='line_1_24' title="bbox 256 3103 1359 3206; baseline 0.003 -31"><span class='ocrx_word' id='word_1_177' title='bbox 256 3131 439 3182; x_wconf 83' lang='lat' dir='ltr'>easemum</span> <span class='ocrx_word' id='word_1_178' title='bbox 468 3115 591 3206; x_wconf 70' lang='lat' dir='ltr'>ypostsy&#39;i</span> <span class='ocrx_word' id='word_1_179' title='bbox 616 3109 812 3204; x_wconf 77' lang='grc' dir='ltr'><strong><em>παραυξῆσει,</em></strong></span> <span class='ocrx_word' id='word_1_180' title='bbox 835 3119 875 3179; x_wconf 84' lang='lat' dir='ltr'>ut</span> <span class='ocrx_word' id='word_1_181' title='bbox 902 3103 1220 3202; x_wconf 68' lang='lat' dir='ltr'>Menelaopltorw,</span> <span class='ocrx_word' id='word_1_182' title='bbox 1245 3133 1265 3178; x_wconf 87' lang='lat' dir='ltr'>e</span> <span class='ocrx_word' id='word_1_183' title='bbox 1293 3130 1359 3178; x_wconf 81' lang='lat' dir='ltr'>sex</span> 
     </span>
     <span class='ocr_line' id='line_1_25' title="bbox 257 3219 1360 3320; baseline 0.003 -31"><span class='ocrx_word' id='word_1_184' title='bbox 257 3219 435 3308; x_wconf 89' lang='lat' dir='ltr'>brevibus,</span> <span class='ocrx_word' id='word_1_185' title='bbox 454 3219 561 3315; x_wconf 89' lang='lat' dir='ltr'>hujus</span> <span class='ocrx_word' id='word_1_186' title='bbox 579 3246 707 3305; x_wconf 90' lang='lat' dir='ltr'>canon,</span> <span class='ocrx_word' id='word_1_187' title='bbox 727 3246 749 3294; x_wconf 83' lang='lat' dir='ltr'>u</span> <span class='ocrx_word' id='word_1_188' title='bbox 768 3246 790 3292; x_wconf 88' lang='lat' dir='ltr'>o</span> <span class='ocrx_word' id='word_1_189' title='bbox 809 3245 871 3294; x_wconf 83' lang='grc' dir='ltr'>αα</span> <span class='ocrx_word' id='word_1_190' title='bbox 889 3245 912 3292; x_wconf 87' lang='lat' dir='ltr'>o</span> <span class='ocrx_word' id='word_1_191' title='bbox 929 3244 965 3305; x_wconf 87' lang='lat' dir='ltr'>o,</span> <span class='ocrx_word' id='word_1_192' title='bbox 985 3219 1045 3316; x_wconf 92' lang='lat' dir='ltr'>qui</span> <span class='ocrx_word' id='word_1_193' title='bbox 1065 3235 1120 3292; x_wconf 85' lang='lat' dir='ltr'>est</span> <span class='ocrx_word' id='word_1_194' title='bbox 1136 3220 1271 3320; x_wconf 90' lang='lat' dir='ltr'>duplex</span> <span class='ocrx_word' id='word_1_195' title='bbox 1296 3220 1360 3292; x_wconf 91' lang='lat' dir='ltr'>tri-</span> 
     </span>
     <span class='ocr_line' id='line_1_26' title="bbox 212 3333 1361 3435; baseline 0.004 -32"><span class='ocrx_word' id='word_1_196' title='bbox 212 3343 242 3392; x_wconf 86' lang='lat'>⁶²</span> <span class='ocrx_word' id='word_1_197' title='bbox 257 3333 421 3406; x_wconf 88' lang='lat' dir='ltr'>braehus.</span> <span class='ocrx_word' id='word_1_198' title='bbox 473 3334 575 3406; x_wconf 88' lang='lat' dir='ltr'>Alter</span> <span class='ocrx_word' id='word_1_199' title='bbox 597 3361 618 3408; x_wconf 90' lang='lat' dir='ltr'>e</span> <span class='ocrx_word' id='word_1_200' title='bbox 640 3359 702 3406; x_wconf 87' lang='lat' dir='ltr'>sex</span> <span class='ocrx_word' id='word_1_201' title='bbox 731 3335 846 3432; x_wconf 91' lang='lat' dir='ltr'>longis</span> <span class='ocrx_word' id='word_1_202' title='bbox 874 3335 1007 3432; x_wconf 90' lang='lat' dir='ltr'>quibus</span> <span class='ocrx_word' id='word_1_203' title='bbox 1037 3349 1200 3435; x_wconf 88' lang='lat' dir='ltr'>tempora</span> <span class='ocrx_word' id='word_1_204' title='bbox 1222 3335 1361 3410; x_wconf 85' lang='lat' dir='ltr'>duode-</span> 
     </span>
     <span class='ocr_line' id='line_1_27' title="bbox 256 3446 1360 3552; baseline 0.007 -34"><span class='ocrx_word' id='word_1_205' title='bbox 256 3446 327 3518; x_wconf 89' lang='lat' dir='ltr'>cim</span> <span class='ocrx_word' id='word_1_206' title='bbox 357 3448 568 3538; x_wconf 87' lang='lat' dir='ltr'>subsistunt,</span> <span class='ocrx_word' id='word_1_207' title='bbox 595 3461 634 3522; x_wconf 93' lang='lat' dir='ltr'>ut</span> <span class='ocrx_word' id='word_1_208' title='bbox 653 3447 1025 3539; x_wconf 62' lang='lat' dir='ltr'>Collrblochermedes,</span> <span class='ocrx_word' id='word_1_209' title='bbox 1051 3453 1112 3548; x_wconf 93' lang='lat' dir='ltr'>qui</span> <span class='ocrx_word' id='word_1_210' title='bbox 1141 3467 1196 3524; x_wconf 88' lang='lat' dir='ltr'>est</span> <span class='ocrx_word' id='word_1_211' title='bbox 1222 3452 1360 3552; x_wconf 83' lang='lat' dir='ltr'>duplex</span> 
     </span>
     <span class='ocr_line' id='line_1_28' title="bbox 256 3562 1361 3664; baseline 0.004 -28"><span class='ocrx_word' id='word_1_212' title='bbox 256 3562 444 3653; x_wconf 89' lang='lat' dir='ltr'>molossus,</span> <span class='ocrx_word' id='word_1_213' title='bbox 461 3578 525 3637; x_wconf 75' lang='lat' dir='ltr'>ret</span> <span class='ocrx_word' id='word_1_214' title='bbox 542 3563 612 3638; x_wconf 91' lang='lat' dir='ltr'>hoc</span> <span class='ocrx_word' id='word_1_215' title='bbox 629 3593 766 3640; x_wconf 89' lang='lat' dir='ltr'>canone</span> <span class='ocrx_word' id='word_1_216' title='bbox 793 3565 993 3664; x_wconf 87' lang='lat' dir='ltr'>signabitur</span> <span class='ocrx_word' id='word_1_217' title='bbox 1009 3567 1030 3640; x_wconf 82' lang='lat' dir='ltr'>b</span> <span class='ocrx_word' id='word_1_218' title='bbox 1048 3565 1068 3640; x_wconf 89' lang='lat' dir='ltr'>b</span> <span class='ocrx_word' id='word_1_219' title='bbox 1086 3567 1107 3640; x_wconf 86' lang='lat' dir='ltr'>b</span> <span class='ocrx_word' id='word_1_220' title='bbox 1125 3567 1146 3640; x_wconf 80' lang='lat' dir='ltr'>b</span> <span class='ocrx_word' id='word_1_221' title='bbox 1163 3569 1184 3642; x_wconf 86' lang='lat' dir='ltr'>b</span> <span class='ocrx_word' id='word_1_222' title='bbox 1203 3568 1235 3656; x_wconf 82' lang='lat' dir='ltr'>h,</span> <span class='ocrx_word' id='word_1_223' title='bbox 1254 3581 1295 3642; x_wconf 92' lang='lat' dir='ltr'>ut</span> <span class='ocrx_word' id='word_1_224' title='bbox 1312 3568 1361 3640; x_wconf 83' lang='lat' dir='ltr'>sit</span> 
     </span>
     <span class='ocr_line' id='line_1_29' title="bbox 256 3677 550 3754; baseline 0.017 -4"><span class='ocrx_word' id='word_1_225' title='bbox 256 3677 550 3754; x_wconf 85' lang='lat' dir='ltr'>duodecasemus.</span> 
     </span>
     <span class='ocr_line' id='line_1_30' title="bbox 212 3791 1464 3897; baseline 0.01 -37"><span class='ocrx_word' id='word_1_226' title='bbox 212 3809 243 3872; x_wconf 79' lang='lat'>⁶³</span> <span class='ocrx_word' id='word_1_227' title='bbox 307 3791 393 3866; x_wconf 92' lang='lat' dir='ltr'>Non</span> <span class='ocrx_word' id='word_1_228' title='bbox 420 3821 528 3893; x_wconf 86' lang='lat' dir='ltr'>parva</span> <span class='ocrx_word' id='word_1_229' title='bbox 554 3810 676 3872; x_wconf 88' lang='lat' dir='ltr'>autem</span> <span class='ocrx_word' id='word_1_230' title='bbox 702 3797 738 3870; x_wconf 94' lang='lat' dir='ltr'>in</span> <span class='ocrx_word' id='word_1_231' title='bbox 756 3798 1014 3897; x_wconf 84' lang='lat' dir='ltr'>pentasyllabis</span> <span class='ocrx_word' id='word_1_232' title='bbox 1032 3796 1243 3896; x_wconf 86' lang='lat' dir='ltr'>copulandis</span> <span class='ocrx_word' id='word_1_233' title='bbox 1260 3825 1362 3897; x_wconf 81' lang='lat' dir='ltr'>quoe-</span> <span class='ocrx_word' id='word_1_234' title='bbox 1459 3873 1464 3880; x_wconf 73' lang='grc'>,</span> 
     </span>
     <span class='ocr_line' id='line_1_31' title="bbox 257 3907 1362 4012; baseline 0.005 -32"><span class='ocrx_word' id='word_1_235' title='bbox 257 3907 326 3980; x_wconf 89' lang='lat' dir='ltr'>stio</span> <span class='ocrx_word' id='word_1_236' title='bbox 344 3921 408 3995; x_wconf 91' lang='lat' dir='ltr'>est,</span> <span class='ocrx_word' id='word_1_237' title='bbox 427 3935 497 4007; x_wconf 89' lang='lat' dir='ltr'>qua</span> <span class='ocrx_word' id='word_1_238' title='bbox 523 3911 743 4010; x_wconf 89' lang='lat' dir='ltr'>colliguntur</span> <span class='ocrx_word' id='word_1_239' title='bbox 768 3912 975 3987; x_wconf 85' lang='lat' dir='ltr'>differentiae</span> <span class='ocrx_word' id='word_1_240' title='bbox 1002 3915 1222 4012; x_wconf 82' lang='lat' dir='ltr'>figurarum3</span> <span class='ocrx_word' id='word_1_241' title='bbox 1257 3941 1362 3986; x_wconf 91' lang='lat' dir='ltr'>nam-</span> 
     </span>
     <span class='ocr_line' id='line_1_32' title="bbox 256 4024 1362 4128; baseline 0.005 -32"><span class='ocrx_word' id='word_1_242' title='bbox 256 4051 328 4123; x_wconf 87' lang='lat' dir='ltr'>quo</span> <span class='ocrx_word' id='word_1_243' title='bbox 354 4024 500 4098; x_wconf 89' lang='lat' dir='ltr'>interest</span> <span class='ocrx_word' id='word_1_244' title='bbox 535 4024 691 4098; x_wconf 85' lang='lat' dir='ltr'>mediam</span> <span class='ocrx_word' id='word_1_245' title='bbox 719 4028 895 4126; x_wconf 91' lang='lat' dir='ltr'>syllabam</span> <span class='ocrx_word' id='word_1_246' title='bbox 925 4029 982 4102; x_wconf 91' lang='lat' dir='ltr'>cui</span> <span class='ocrx_word' id='word_1_247' title='bbox 1014 4029 1107 4128; x_wconf 86' lang='lat' dir='ltr'>parti</span> <span class='ocrx_word' id='word_1_248' title='bbox 1136 4029 1223 4102; x_wconf 86' lang='lat' dir='ltr'>velis</span> <span class='ocrx_word' id='word_1_249' title='bbox 1252 4029 1362 4103; x_wconf 88' lang='lat' dir='ltr'>adne-</span> 
     </span>
     <span class='ocr_line' id='line_1_33' title="bbox 212 4139 1363 4244; baseline 0.006 -34"><span class='ocrx_word' id='word_1_250' title='bbox 212 4155 363 4218; x_wconf 67' lang='lat' dir='ltr'>6sctere.</span> <span class='ocrx_word' id='word_1_251' title='bbox 414 4139 525 4212; x_wconf 92' lang='lat' dir='ltr'>Aliud</span> <span class='ocrx_word' id='word_1_252' title='bbox 553 4155 607 4213; x_wconf 90' lang='lat' dir='ltr'>est</span> <span class='ocrx_word' id='word_1_253' title='bbox 629 4142 726 4215; x_wconf 91' lang='lat' dir='ltr'>enim</span> <span class='ocrx_word' id='word_1_254' title='bbox 750 4143 779 4215; x_wconf 90' lang='lat' dir='ltr'>si</span> <span class='ocrx_word' id='word_1_255' title='bbox 796 4141 935 4217; x_wconf 90' lang='lat' dir='ltr'>duabus</span> <span class='ocrx_word' id='word_1_256' title='bbox 959 4143 1244 4244; x_wconf 78' lang='lat' dir='ltr'>praecedentibus</span> <span class='ocrx_word' id='word_1_257' title='bbox 1268 4144 1363 4219; x_wconf 90' lang='lat' dir='ltr'>soci-</span> 
     </span>
     <span class='ocr_line' id='line_1_34' title="bbox 258 4255 1363 4359; baseline 0.006 -32"><span class='ocrx_word' id='word_1_258' title='bbox 258 4269 316 4327; x_wconf 85' lang='lat' dir='ltr'>ata</span> <span class='ocrx_word' id='word_1_259' title='bbox 349 4255 459 4329; x_wconf 87' lang='lat' dir='ltr'>faciat</span> <span class='ocrx_word' id='word_1_260' title='bbox 488 4255 783 4353; x_wconf 89' lang='lat' dir='ltr'>conjunctionem</span> <span class='ocrx_word' id='word_1_261' title='bbox 817 4285 862 4332; x_wconf 88' lang='lat' dir='ltr'>ex</span> <span class='ocrx_word' id='word_1_262' title='bbox 892 4259 1079 4358; x_wconf 90' lang='lat' dir='ltr'>trisyllabo</span> <span class='ocrx_word' id='word_1_263' title='bbox 1108 4273 1146 4332; x_wconf 89' lang='lat' dir='ltr'>et</span> <span class='ocrx_word' id='word_1_264' title='bbox 1171 4257 1363 4359; x_wconf 90' lang='lat' dir='ltr'>disyllabo,</span> 
     </span>
    </p>
   </div>
   <div class='ocr_carea' id='block_1_4' title="bbox 259 4431 1364 4587">
    <p class='ocr_par' dir='ltr' id='par_1_4' title="bbox 259 4431 1364 4587">
     <span class='ocr_line' id='line_1_35' title="bbox 299 4431 1364 4510; baseline 0.003 -20"><span class='ocrx_word' id='word_1_265' title='bbox 299 4431 400 4506; x_wconf 83' lang='lat' dir='ltr'>uxm]</span> <span class='ocrx_word' id='word_1_266' title='bbox 417 4451 471 4490; x_wconf 82' lang='lat' dir='ltr'>xvi</span> <span class='ocrx_word' id='word_1_267' title='bbox 487 4433 518 4490; x_wconf 90' lang='lat' dir='ltr'>P.</span> <span class='ocrx_word' id='word_1_268' title='bbox 600 4433 687 4508; x_wconf 71' lang='lat' dir='ltr'>rsit]</span> <span class='ocrx_word' id='word_1_269' title='bbox 704 4445 748 4492; x_wconf 82' lang='lat' dir='ltr'>est</span> <span class='ocrx_word' id='word_1_270' title='bbox 762 4435 794 4494; x_wconf 88' lang='lat' dir='ltr'>P.</span> <span class='ocrx_word' id='word_1_271' title='bbox 877 4437 1172 4510; x_wconf 80' lang='lat' dir='ltr'>¹auteunt]aoteum</span> <span class='ocrx_word' id='word_1_272' title='bbox 1189 4436 1220 4493; x_wconf 89' lang='lat' dir='ltr'>P.</span> <span class='ocrx_word' id='word_1_273' title='bbox 1303 4445 1364 4494; x_wconf 79' lang='lat' dir='ltr'>tet</span> 
     </span>
     <span class='ocr_line' id='line_1_36' title="bbox 259 4512 440 4587; baseline -0.006 -17"><span class='ocrx_word' id='word_1_274' title='bbox 259 4512 326 4587; x_wconf 91' lang='lat' dir='ltr'>hoc]</span> <span class='ocrx_word' id='word_1_275' title='bbox 342 4513 396 4572; x_wconf 89' lang='lat' dir='ltr'>hoc</span> <span class='ocrx_word' id='word_1_276' title='bbox 410 4513 440 4570; x_wconf 88' lang='lat' dir='ltr'>P.</span> 
     </span>
    </p>
   </div>
   <div class='ocr_carea' id='block_1_5' title="bbox 0 0 1522 5084">
    <p class='ocr_par' dir='ltr' id='par_1_5' title="bbox 0 0 1522 5084">
     <span class='ocr_line' id='line_1_37' title="bbox 0 0 1522 5084; baseline 0 0"><span class='ocrx_word' id='word_1_277' title='bbox 0 0 1522 5084; x_wconf 95' lang='lat' dir='ltr'> </span> 
     </span>
    </p>
   </div>
  </div>
 </body>
</html>
