3076 5140
296 395 366 454 212
682 373 802 450 Marlr'
822 373 1000 450 Victorini
1249 399 1327 450 ars.
1350 400 1412 450 ιν.

251 635 282 686 93
294 563 356 663 qui
375 575 517 638 constat
534 587 579 636 ex
598 560 675 636 basi
693 561 810 634 ionica
826 573 864 636 et
881 560 1048 636 trochaeis
1066 561 1193 636 tribus.
1227 560 1414 635 Similiter
1520 613 1521 644 ,

297 697 333 754 et
351 705 459 780 quem
479 705 588 778 supra
605 679 723 779 posui,

401 794 533 868 Trivia
550 805 693 868 rotetur
709 795 817 882 orbis,

298 913 326 984 si
354 911 436 1010 quis
464 909 625 1008 ¹adjiciat
651 913 768 986 semu
800 912 963 1010 quotiens
991 909 1060 998 laic,
1085 908 1187 981 dabit
1217 909 1410 1006 integrum
1520 965 1521 982 ,

299 1027 459 1102 ionicum
478 1025 699 1124 hujusmodi,

402 1139 531 1216 Cernis
548 1143 712 1242 quotiens
728 1141 787 1216 lu'c
808 1142 942 1216 Triviae
958 1151 1101 1214 rotetur
1116 1139 1238 1213 orbis.-

299 1256 396 1355 quod
415 1257 520 1330 colon
549 1257 797 1356 pyrrhichium
816 1271 854 1330 et
870 1257 1049 1330 trochaeos
1067 1269 1208 1328 tantum
1224 1268 1297 1326 tres
1315 1255 1410 1326 reci·

302 1374 367 1474 pit,
383 1375 493 1461 velut,

504 1491 545 1565 V
540 1489 727 1587 alacrique
743 1487 925 1563 kPlurebus
942 1514 1011 1562 uae

502 1605 688 1704 Rapidum
702 1615 872 1702 pererret
887 1605 1019 1678 orbem.

303 1705 371 1796 Ita,
501 1801 654 1902 Segeles
671 1829 788 1878 meam
808 1803 977 1876 laborata.

303 1951 400 2026 Nam
421 1951 523 2049 parili
545 1949 653 2024 modo
671 1953 788 2026 solent
805 1950 915 2052 pedes
941 1950 1049 2024 ionici
1070 1964 1111 2024 ut
1133 1950 1247 2038 binas,
1265 1951 1315 2022 ita
1332 1951 1409 2023 sin-

303 2067 405 2166 gulas
432 2067 588 2164 syllabas
611 2068 756 2142 alternis
781 2069 931 2158 vicibus,
952 2080 1015 2140 aut
1038 2067 1155 2167 longis
1182 2069 1317 2156 breves,
1342 2083 1409 2140 aut

303 2181 471 2255 brevibus
499 2183 624 2281 longas
643 2181 841 2270 adnectere,
859 2181 1093 2280 ld‘versusque
1121 2183 1197 2256 basi
1221 2183 1410 2256 trochaica

303 2297 526 2396 frequentius
544 2297 719 2372 claudere.
765 2298 824 2372 Ex
844 2299 913 2372 hcc
931 2299 1210 2374 Galliambicum
1229 2299 1328 2398 quod
1344 2325 1411 2372 vo-

304 2428 389 2488 cant
407 2429 574 2504 metrum,
592 2415 752 2488 emollita
770 2442 811 2488 ac
831 2415 984 2490 tremula
1002 2414 1247 2488 modulatione
1273 2414 1410 2490 forma-

304 2543 383 2604 tum
416 2555 560 2604 manare
589 2528 797 2603 dinoscitur.
848 2531 947 2605 Nam
983 2531 1010 2603 si
1042 2557 1187 2604 comma
1214 2531 1410 2629 superioris

304 2645 467 2720 versiculi
484 2645 680 2744 repetendo
697 2645 945 2742 geminaveris,
959 2648 1008 2721 ita
1025 2661 1148 2720 tamen
1166 2647 1408 2744 assequentis

304 2762 473 2835 clausulae
501 2760 668 2834 ultimam
698 2761 871 2860 syllabam
904 2761 1104 2852 subtrahas,
1129 2787 1271 2834 versum
1290 2761 1409 2835 Galli-

305 2875 488 2948 ambicum
507 2874 651 2965 efficies,
668 2875 730 2966 sic,

403 2989 556 3090 Segetae
571 3017 691 3066 meum
709 2991 878 3079 laborem
894 3005 1036 3094 segetes
1052 3019 1152 3068 mas
1169 2993 1280 3067 labar.

276 3105 390 3226 ⁵Hoc
415 3133 527 3205 genus
556 3110 657 3182 metri
685 3111 844 3183 maxime
866 3109 1043 3184 desiderat
1070 3111 1222 3210 separari
1251 3110 1289 3183 in
1316 3109 1408 3186 duas

258 3177 274 3228 9
303 3221 492 3312 clausulas,
507 3237 707 3320 tamquam,

503 3337 626 3434 Super
643 3341 721 3414 ulta
738 3352 862 3415 vectas
874 3341 979 3414 Attis
992 3369 1004 3414 .·

303 3447 448 3536 dehinc,

508 3549 630 3623 Celeri
646 3563 729 3625 rate
745 3555 874 3626 marla.

305 3675 414 3758 Quod
428 3677 574 3772 quidam
592 3679 845 3770 Metroiacum‚
858 3711 902 3758 eo
914 3685 1010 3782 quod
1025 3684 1132 3758 deum
1151 3687 1273 3760 matris
1291 3689 1405 3762 canti-

304 3793 372 3865 bus
390 3805 515 3891 aptum
546 3795 603 3886 sit,
622 3797 821 3896 meritoque
844 3800 952 3873 etiam
978 3802 1225 3876 Galliambum
1250 3805 1406 3878 aGallis

306 3906 477 3980 ministris
495 3908 583 4002 deae,
600 3911 836 4010 appellarunt,
854 3929 895 3988 ut
912 3943 1032 3990 versus
1050 3918 1108 3990 isti
1128 3933 1313 4011 testantur,

257 2373 290 2420 94

305 4139 313 4182 l
327 4139 454 4216 adjiciat]
468 4141 552 4200 adicit
567 4144 598 4200 Ρ.
649 4141 664 4184 k
680 4145 818 4222 Phoebus]
836 4149 991 4228 dephoebus
1006 4153 1038 4209 P.
1088 4148 1122 4193 ¹¹¹¹
1135 4153 1258 4226 rcrsum]
1270 4171 1366 4210 versus
1376 4153 1407 4209 P.

347 4359 396 4421 95.
410 4349 602 4423 metretarum]
615 4349 649 4408 Id
664 4365 708 4409 est
721 4375 837 4429 μητρφα-
878 4366 995 4413 ansatre
1010 4375 1122 4435 magna,
1137 4369 1170 4414 ut
1183 4355 1261 4415 dicit
1301 4359 1408 4416 Exem-

305 4425 344 4481 alr
359 4445 491 4504 expressa
504 4425 612 4486 scilicet
625 4442 636 4485 t
648 4433 723 4507 quod
739 4458 756 4490 u
770 4431 835 4490 sub·
878 4434 924 4510 pla
945 4449 1039 4494 autem
1062 4451 1130 4495 sunt
1147 4437 1320 4496 Terentianl.
1343 4439 1407 4495 CA-

305 4505 446 4574 sctlbltur,
463 4527 527 4566 cum
548 4510 585 4566 sit
604 4512 713 4585 μητρόἲος
732 4521 838 4589 μητρᾷος
878 4513 978 4573 MER.
