3012 5084
321 363 366 476 us
705 399 826 476 Marii
846 399 1029 474 Wetorini
1302 421 1400 473 uns.
1419 423 1458 471 1.

319 599 374 660 est
394 585 617 658 nominativo
634 611 731 671 casu,
749 599 789 658 ut
805 583 942 658 obsidio
958 609 1103 681 quoque
1119 594 1157 655 et
1173 581 1334 656 obliuio:
1368 581 1454 654 sed

319 714 507 800 poetarum
526 699 670 774 licentia
686 701 805 800 primo
818 699 902 773 fecit
916 700 1087 800 contagio
1103 711 1141 772 et
1157 697 1300 782 oblivio,
1322 709 1454 795 post-

319 841 362 888 ea
387 815 458 888 dici
487 815 600 914 coepit
623 830 660 888 et
676 815 859 901 oblivium,
876 828 912 888 et
935 816 1122 904 obsidium,
1138 828 1176 888 et
1199 814 1448 912 contagium.

261 953 306 1006 ¹07
320 933 414 1005 Cum
434 931 684 1030 antiquitatem
708 932 817 1031 igitur
842 929 1016 1030 posterior
1040 927 1262 1003 consuetudo
1286 929 1448 1016 vincat,

319 1073 382 1120 vos
405 1061 487 1120 utro
514 1047 622 1119 modo
648 1047 817 1146 scriptam
846 1072 971 1120 vocem
1004 1046 1097 1118 hanc
1125 1043 1348 1130 inveneritis,
1380 1044 1445 1116 ita

319 1161 521 1260 relinquite,
539 1161 627 1234 dum
651 1189 722 1235 non
746 1161 916 1261 ignoretis
946 1162 991 1234 ab
1014 1161 1171 1259 antiquis
1194 1158 1442 1232 nominativo

261 1305 307 1354 roa
320 1277 393 1352 ltoe
409 1279 576 1377 contagio
592 1277 744 1350 dietum.
794 1277 882 1350 Non
906 1291 971 1366 est,
988 1291 1029 1352 ut
1052 1276 1282 1360 emendastis,
1300 1300 1439 1372 porca

320 1393 586 1492 '‘prodrlonea,
604 1391 664 1466 sed
687 1393 915 1490 procidam,
934 1417 1015 1490 quae
1031 1393 1175 1490 lingum
1196 1403 1215 1454 5
1224 1415 1336 1464 causa
1354 1388 1439 1461 im-

321 1508 486 1580 molatur.
525 1507 598 1591 Qui
615 1507 734 1604 'justa
757 1507 929 1581 defuncto
947 1535 1019 1581 non
1039 1508 1211 1594 fecerunt,
1229 1520 1292 1579 aut
1310 1505 1350 1577 in
1371 1503 1433 1576 fa-

320 1621 448 1696 ciendo
471 1635 677 1722 peccarunt,
696 1623 751 1694 his
778 1649 888 1720 porca
910 1625 1144 1710 contrahitur,
1162 1649 1271 1721 quam
1299 1621 1432 1694 omni-

320 1739 388 1810 bus
406 1739 507 1809 annis
525 1737 702 1809 immolari
721 1753 894 1837 oporteat,
913 1753 1106 1836 antequam
1134 1763 1264 1810 novam
1283 1749 1429 1833 *quam

319 1851 448 1952 dapem
465 1865 600 1924 mereat
611 1851 656 1924 de
674 1851 766 1924 bsuo
779 1855 943 1953 capiant:
967 1855 1185 1952 procidatis
1198 1853 1305 1938 dicta,
1320 1851 1426 1949 quod

320 1983 403 2040 ante
420 1967 569 2040 oaeditur
585 1992 695 2064 quam
712 1967 850 2067 frugem
871 1970 1060 2068 ecapiant:
1088 1983 1123 2043 at
1141 1969 1213 2056 illa,
1226 1993 1307 2064 quae
1326 1981 1363 2038 et
1382 1966 1424 2037 in

319 2107 357 2154 re
382 2095 418 2154 et
444 2083 481 2154 in
508 2095 683 2181 prasente
708 2097 863 2173 mortuo,
890 2109 999 2180 quem
1026 2083 1202 2158 condituri
1228 2097 1323 2171 sunt,
1348 2082 1427 2154 im-

321 2196 488 2283 molatur,
514 2197 598 2292 quia
616 2223 663 2270 ex
680 2223 722 2270 ea
738 2223 865 2298 capere
882 2225 954 2272 non
979 2199 1120 2300 possint
1136 2198 1181 2272 ad
1198 2196 1295 2296 quod
1317 2196 1425 2291 justa

261 2311 465 2400 ¹⁰9faciant,
491 2322 745 2409 prosentoneo
772 2327 930 2388 vooatur.
981 2313 1131 2388 Parilia
1152 2311 1323 2387 dicuntur
1344 2337 1421 2382 non

321 2424 477 2514 Palilia,
491 2451 563 2499 non
581 2453 602 2498 a
618 2425 717 2500 Pale
740 2427 818 2515 dea,
837 2429 898 2502 sed
920 2429 1018 2528 qnod
1044 2457 1087 2503 eo
1114 2443 1277 2530 tempore
1294 2427 1422 2501 omnia

322 2555 397 2614 sata
421 2543 634 2639 arboresque
650 2555 687 2615 et
711 2544 830 2618 herbae
847 2545 1059 2645 parturiant,
1076 2545 1298 2646 pariantque.
1339 2543 1421 2616 No-

320 2657 474 2732 vensiles
499 2659 572 2730 sive
601 2685 665 2757 per
691 2659 707 2733 l
727 2661 801 2733 sive
826 2663 940 2760 perd
965 2661 1216 2736 scribendum:
1250 2685 1418 2733 eommu-

322 2774 468 2874 nionem
495 2775 591 2849 enim
620 2773 851 2850 dhabuemnt
880 2778 1007 2851 litterae
1037 2778 1094 2850 hoe
1121 2775 1216 2876 apud
1240 2774 1418 2872 antiquos,

321 2903 363 2962 ut
380 2891 555 2991 dingnom
581 2908 618 2964 et
643 2891 820 2993 linguam,
844 2909 881 2966 et
902 2893 1074 2967 domlrms
1098 2904 1156 2963 eet
1182 2890 1353 2977 lacrimis,
1377 2902 1417 2960 et

323 2999 577 3102 'Capitodium
606 3023 642 3080 et
671 3007 904 3106 Capitolium,
934 3023 971 3081 et
995 3005 1088 3081 sella
1104 3034 1125 3080 a
1144 3007 1239 3096 aede,
1257 3004 1353 3080 olere
1368 3003 1415 3076 ab

264 3119 440 3192 noodore.
490 3121 587 3194 “Est
605 3139 640 3194 et
658 3123 868 3197 communio
885 3149 967 3197 cum
987 3123 1149 3196 Graecis.
1175 3121 1413 3206 nosloerimoe,

276 3317 278 3324 Ι
323 3234 386 3322 illl,
416 3235 547 3334 icinpva:
578 3236 676 3311 olere
699 3241 853 3314 iioie‘rat:
884 3239 1056 3314 meditari
1079 3245 1224 3333 μελετᾶν.
1274 3235 1414 3310 Noven-

321 3347 407 3421 siles
432 3365 565 3440 autem,
582 3377 673 3448 quos
697 3355 815 3430 Graeci
837 3357 981 3442 mma,
1007 3367 1089 3454 post
1114 3351 1281 3425 novutdii
1297 3377 1316 3423 a
1331 3377 1414 3424 con-

323 3462 483 3554 sidendo,
497 3465 532 3538 id
551 3479 617 3557 est,
629 3468 755 3542 eadern
771 3470 854 3544 sede
866 3471 1020 3572 praediti.
1062 3469 1173 3543 Sorir
1189 3481 1308 3540 autem
1323 3465 1413 3540 Sou-

322 3580 394 3666 ris,
416 3579 490 3652 avis
526 3579 660 3655 tributa
686 3583 841 3658 Saturno
869 3587 914 3660 ab
943 3585 1159 3683 auguribus:
1198 3583 1284 3680 quia
1309 3580 1413 3654 tardi-

323 3695 400 3782 tati,
426 3709 463 3768 et
492 3698 672 3784 vetustati,
699 3713 736 3771 et
765 3705 941 3775 senectuti
972 3699 1161 3774 convenit:
1198 3723 1282 3772 nam
1313 3697 1408 3771 etin

363 3952 379 3984 ¹
394 3941 580 4020 precidanea]
596 3945 815 4022 pradicaneaP.
896 3947 1037 4020 tosussa]
1053 3945 1182 4004 oausaP.
1254 3953 1269 3986 ⁸
1279 3943 1409 4022 Justsde·

323 4050 458 4124 functo]
448 4063 530 4126 Juxta
543 4049 721 4110 defuncteP
804 4051 925 4130 ⁸quasi]
945 4053 1076 4128 qnamP.
1158 4047 1338 4128 bserapem]
1358 4070 1407 4108 suo

322 4131 437 4208 capiant
450 4132 480 4187 P
553 4139 566 4172 ⁰
580 4130 685 4210 capnt]
701 4147 814 4209 capiant
827 4134 858 4191 P
928 4129 944 4176 d
959 4132 1118 4190 habuerunt
1132 4129 1232 4189 littere
1247 4131 1303 4204 hae]
1318 4129 1407 4191 habuit

322 4209 459 4268 litteraP.
550 4221 607 4270 et
622 4211 758 4288 lacrimis]
776 4213 946 4272 lacrimisP.
1039 4211 1051 4255 f
1063 4209 1243 4288 Capitodium
1258 4224 1287 4269 et
1300 4209 1403 4290 Capito

322 4288 405 4363 lium]
422 4290 607 4368 Kapitodinm
623 4305 652 4351 et
666 4293 844 4370 Kapitolium
860 4295 891 4352 P.
974 4295 1058 4352 sEst
1072 4293 1114 4368 et]
1132 4293 1172 4349 Et
1186 4293 1217 4348 P

459 4510 524 4550 110.
547 4495 630 4550 Sorix
644 4495 753 4567 antem]
776 4495 821 4553 nl.
837 4497 919 4553 Sorir
932 4506 982 4554 out
997 4497 1107 4554 Sauria.
1150 4494 1282 4553 COMM.
1329 4539 1343 4558 .
