2980 5142
288 397 362 456 458
745 381 936 454 Diomedis
1243 403 1324 454 mss.
1344 403 1397 452 rrs.

290 565 398 664 igitur
424 563 582 648 nomina,
599 561 730 660 quibus
749 563 915 636 universa
930 561 1099 636 dictionis
1125 561 1229 661 sylva
1253 563 1399 660 'eopio-

290 681 429 754 sissima
462 691 528 764 cst,
559 705 631 750 non
668 677 748 776 plus
782 705 892 775 quam
929 705 994 778 per
1026 679 1221 751 duodecim
1260 679 1398 750 litteras

291 799 434 870 ultimas
453 795 605 894 syllabas
626 793 779 866 liniunt:
806 795 966 894 quinque
983 797 1134 884 vocales,
1153 821 1188 884 a,
1206 821 1239 880 e,
1259 797 1284 882 ἱ,
1303 823 1338 886 ο,
1356 824 1397 878 a;

290 941 350 986 sex
381 911 623 1000 semivocales,
641 909 665 996 l,
684 937 731 1000 m,
748 937 784 996 ss,
802 939 835 999 r,
851 939 881 1000 s,
903 935 941 1002 a,
967 937 1074 984 unam
1105 925 1264 998 mutam,
1289 921 1332 994 t;
1361 927 1399 984 ut

289 1029 451 1116 Sisenna,
477 1026 624 1116 mouile,
651 1025 779 1128 sinapi,
810 1029 949 1114 Cicero,
979 1054 1076 1112 veru,
1106 1029 1248 1116 consul,
1280 1055 1400 1101 scam-

288 1169 388 1230 num,
414 1159 553 1242 pecten,
570 1141 702 1230 Caesar,
720 1143 858 1228 Livius,
886 1145 986 1230 silex,
1013 1159 1132 1244 caput.
1185 1145 1270 1242 Age
1299 1172 1398 1218 nunc

288 1259 453 1332 omnium
475 1257 665 1331 nominum
685 1259 931 1332 extremitates
949 1287 1013 1360 per
1029 1287 1155 1334 omnes
1174 1285 1298 1349 casus,
1317 1287 1399 1356 quae

289 1375 360 1448 sint
378 1371 616 1474 producenda
632 1375 687 1446 vel
706 1375 950 1475 corripiendas,
967 1401 1202 1476 exponemus.

259 1635 273 1684 3
528 1587 593 1662 De
610 1591 828 1664 nominativo
845 1615 932 1664 cusu
948 1590 1144 1691 singulari.

339 1737 475 1812 Omnia
502 1739 662 1826 nomina,
687 1739 847 1837 exeeptis
874 1739 1143 1838 monosyllabis,
1159 1765 1249 1811 casu
1276 1741 1396 1813 nomi-

287 1853 409 1928 nativo
427 1855 610 1952 singulari,
629 1855 833 1928 memoratis
862 1855 989 1929 litteris
1015 1855 1206 1928 duodecim
1235 1858 1390 1929 novissi-

288 1971 357 2044 mis
376 1969 601 2056 ⁸terminata,
619 1969 882 2070 corripiuntur:
909 1987 1039 2071 praeter
1062 1999 1103 2044 ea
1130 1999 1211 2068 quae
1228 1999 1251 2044 ο
1272 1973 1391 2045 littera

288 2087 476 2176 finiuntur,
503 2101 543 2160 ut
567 2085 680 2160 Cato:
716 2085 939 2184 ”syllabave
965 2115 1013 2176 es,
1035 2103 1074 2160 ut
1101 2087 1265 2178 Alcides,
1289 2089 1391 2174 fides,

288 2201 423 2274 nubes:
451 2203 505 2274 vel
526 2227 578 2286 us,
597 2217 637 2274 ut
655 2201 850 2290 Maecenas,
867 2201 1050 2292 *facilitas
1067 2203 1223 2275 AEneas:
1252 2205 1309 2276 vel
1335 2231 1390 2292 ers,

289 2317 429 2390 utlien.
484 2317 576 2390 Item
598 2318 723 2390 Graeca
742 2316 778 2388 in
797 2341 846 2406 os,
865 2333 905 2391 ut
924 2317 1037 2391 heros.
1089 2319 1387 2417 Femininaquo-

288 2461 361 2532 que
385 2434 608 2508 nominativo
626 2461 646 2506 e
662 2434 779 2507 littera
798 2433 911 2522 linita,
929 2447 969 2508 ut
986 2431 1128 2524 hCirce,
1142 2433 1266 2524 Dirce,
1280 2435 1389 2507 Phoe-

287 2575 378 2622 nrcc.

257 2765 272 2808 4
552 2721 618 2798 De
631 2724 800 2823 genetivo
818 2749 904 2798 earu
920 2723 1114 2824 singulari.

336 2879 471 2952 Omnia
498 2879 646 2952 nomina
668 2879 775 2952 trium
804 2907 975 2978 generum
995 2909 1080 2956 casu
1102 2879 1281 2982 genetivo,
1298 2893 1381 2955 ‘nu-

286 3021 386 3069 mero
412 2997 595 3095 singulari,
613 2995 871 3094 producuntur,
888 3025 968 3096 quae
992 2999 1027 3071 in
1056 2999 1119 3073 has
1136 2997 1295 3072 “litteras
1313 3000 1385 3098 syl-

287 3111 428 3187 labasve
446 3113 663 3186 deferuntur.
716 3113 759 3186 ln
778 3139 806 3186 a
830 3115 1040 3200 masculina,
1059 3131 1099 3189 ut
1123 3113 1228 3210 hujus
1253 3129 1386 3213 poetae,

286 3461 304 3516 b
326 3377 547 3514 tpopiosiasinra
565 3377 1036 3518 ‘⁸¹’⁰⁰⁰1Piu⁵q⁰⁸m·dffleiim
1056 3377 1143 3474 literis
1163 3378 1277 3516 ultipnas
1300 3379 1384 3456 sylla.

306 3477 336 3514 m
376 3471 466 3525 rrrsrnt,
502 3477 548 3514 arn
571 3479 606 3517 ue
626 3479 714 3518 vocar
738 3479 900 3518 us-semss
966 3480 972 3516 r
1013 3481 1026 3516 s
1114 3480 1171 3517 sesa
1188 3479 1216 3516 ss
1247 3479 1303 3517 nors

285 3555 365 3613 quam
388 3555 439 3610 per
457 3477 597 3596 driodedim
621 3543 733 3598 ullinrus
758 3544 884 3614 (ultimas
899 3545 949 3614 Α.)
976 3461 1226 3616 lilldrdiopsyllalas
1240 3462 1385 3617 finissilili

285 3621 402 3694 quinque
415 3619 732 3678 vacula-semivocales
743 3624 812 3679 ΑΒ.
842 3623 914 3679 Mox
929 3641 1010 3678 traam
1024 3631 1128 3679 mutam
1142 3623 1213 3680 Α.Β.
1224 3624 1289 3697 plor
1300 3641 1384 3696 quam

283 3717 334 3776 per
349 3715 400 3756 xrr
415 3701 526 3758 ultimas
540 3702 633 3758 literm
646 3721 693 3760 ser
706 3706 1000 3760 semivocales—ursam
1014 3710 1116 3760 mulam
1128 3703 1201 3760 Vea.
1264 3712 1278 3744 ¹
1293 3703 1381 3760 oorri·

285 3779 419 3859 pientur:
445 3795 544 3859 praeter
558 3781 606 3838 illa
620 3801 682 3860 qnae
697 3803 713 3839 ο
727 3783 806 3841 litera
821 3783 967 3848 finiuntur,
983 3795 1014 3840 ut
1028 3801 1102 3840 caro.
1127 3796 1156 3840 et
1170 3803 1234 3860 quas
1246 3783 1381 3860 syllabas]

286 3865 432 3919 terminata
456 3863 642 3937 corripiuntur
660 3871 761 3937 prater
781 3885 814 3921 aa
835 3873 967 3940 qua-ut
983 3865 1061 3922 Calo.
1095 3863 1382 3938 saluberrimae.

286 3945 432 4000 terminata
447 3946 642 4017 corripiuntur.
672 3947 779 4018 syllaba
792 3965 824 4003 vs
838 3955 876 4002 est
890 3952 921 4001 ul
935 3947 1045 4002 Alcides
1059 3945 1093 4002 B.
1137 3945 1229 4020 Supra
1248 3963 1382 4000 mensoru-

286 4023 319 4078 tls
334 4025 352 4079 l.
368 4027 396 4082 cl.
409 4025 547 4100 predictis
560 4025 710 4080 annosioris
724 4026 795 4082 Ven.
810 4025 858 4104 qui
874 4045 938 4082 mos
954 4033 1024 4082 cato.
1160 4034 1191 4068 ⁸⁸
1206 4036 1236 4082 et
1249 4043 1314 4101 quae
1327 4023 1382 4101 syl·

285 4099 348 4158 laba
362 4105 405 4178 es]
421 4105 528 4180 syllaba
542 4123 569 4160 es
584 4104 655 4162 Ven.
841 4117 857 4149 ⁸
871 4105 999 4174 facultas,
1015 4108 1124 4163 Aeneas
1139 4105 1180 4163 rel
1195 4105 1246 4176 eu]
1254 4105 1382 4181 facilitas

285 4181 399 4246 AErrens.
415 4189 443 4241 ia
458 4205 491 4242 sss
506 4185 574 4242 ΑΒ.
581 4184 710 4260 facilitas
724 4185 758 4242 C.
861 4183 987 4260 bCirce]
1007 4187 1101 4242 Circae
1116 4189 1149 4243 Α.
1245 4187 1381 4242 ⁰numeri

284 4259 447 4338 singularia]
466 4275 578 4322 numero
591 4267 727 4338 singulari
742 4265 848 4324 A.B.C.
939 4263 1089 4343 ‘lsyllabas
1103 4265 1199 4324 literas
1213 4265 1258 4338 ve]
1276 4267 1384 4322 littsrm

283 4339 403 4413 syllabas
423 4361 455 4400 oe
469 4345 576 4412 ΑΜ.
617 4345 692 4402 Tum
714 4349 864 4404 masculina
886 4355 913 4404 et
924 4347 1062 4424 feminina
1081 4355 1112 4404 ul
1136 4346 1217 4419 liujus
1232 4348 1330 4404 AEneoe
1349 4365 1381 4402 ae

285 4417 504 4494 liujusjortuaa.
520 4427 549 4480 ia
564 4428 573 4479 ι’
586 4425 737 4482 mmculiaa
752 4433 783 4480 ut
794 4431 874 4498 pueri
889 4429 958 4486 AB.
974 4437 1006 4484 ul
1016 4431 1097 4500 pueri
1111 4431 1145 4486 C.
1169 4429 1241 4485 Mox
1256 4435 1287 4483 at
1302 4425 1383 4500 lsrq'm

280 4506 368 4572 polla
381 4515 439 4553 oras.
457 4501 527 4552 Ven.
541 4503 574 4552 C.
