3076 5140
115 337 245 400 esna.
454 323 661 400 Demetris
677 319 913 399 Horatianis.
1164 337 1232 400 2³1

120 509 212 593 ιιίὶιιὶ
231 509 396 607 adjectis
413 507 556 584 duobus
572 505 726 608 pedibus
746 509 809 582 fiet
827 507 1046 596 hexameter,
1064 509 1124 600 iba,

218 625 406 700 Minima
421 627 475 700 sic
492 622 736 726 citoflnminc
753 625 981 699 constiterint
998 633 1034 698 et
1050 633 1168 700 acuto.

126 739 273 842 Recipit
291 755 333 818 et
350 743 499 818 alteram
517 739 744 831 divisionem,
758 753 798 814 ut
824 739 869 815 ad
895 740 986 814 duos
1011 739 1177 841 dactylos
1199 755 1236 816 et
1248 765 1279 814 4³

129 857 368 957 semipedem,
389 857 450 956 qui
478 869 641 956 estpars
669 853 819 930 dimidia
845 856 1075 955 pentametri,
1093 855 1237 954 adjicis-

132 985 185 1044 tar
201 1001 307 1048 nuuc
324 974 489 1061 creticus,
506 999 607 1048 nunc
628 970 922 1070 amphibrachys,
939 973 1114 1068 quianon
1141 1000 1237 1046 sem·

135 1113 193 1184 per
209 1089 249 1162 in
269 1090 380 1188 longa
403 1089 553 1189 syllaba,
571 1087 632 1162 sed
658 1085 839 1160 interdum
858 1103 894 1162 et
915 1088 952 1160 'm
977 1087 1074 1162 brevi
1093 1087 1234 1162 desinit.

138 1201 465 1304 Hendscasyllsbis
488 1206 599 1304 igitur
623 1201 779 1277 Alcaicis
805 1225 891 1276 usus
917 1217 972 1276 est
1000 1203 1091 1276 libro
1118 1203 1236 1302 primo

139 1320 279 1417 septies,
296 1319 456 1396 secundo
472 1320 604 1408 decies,
619 1320 727 1394 tertio
743 1318 873 1407 decies,
890 1334 1019 1418 quarto
1035 1335 1101 1392 ter.
1131 1317 1235 1392 Idem
1277 1385 1280 1390 .

143 1431 298 1510 dimetris
317 1437 482 1512 iambicis
500 1434 847 1536 hypercatalecticis‚
864 1449 904 1508 ut
922 1435 994 1525 hic,

286 1553 397 1628 Silvc
415 1553 622 1628 nbormnes
636 1551 809 1652 geluque,

147 1692 225 1742 nsua
242 1683 295 1744 at
311 1670 405 1742 libro
424 1669 545 1768 primo
566 1669 709 1766 septies,
725 1665 885 1740 secundo
901 1665 1031 1752 decies,
1049 1667 1156 1740 tertio
1171 1693 1237 1740 un-

147 1779 270 1872 decies,
285 1799 413 1882 quarto
430 1799 495 1858 ter.
545 1782 752 1860 ‘'Primetris
769 1807 915 1880 quoque
930 1781 1043 1882 epicis
1061 1783 1235 1884 hyperca-
1247 1823 1280 1869 44

149 1899 288 1991 talectis,
304 1915 345 1974 ut
362 1915 416 1974 est
434 1900 507 1988 hic,

288 2015 463 2089 Flumina
480 2015 708 2090 constiterint
724 2024 842 2104 arato,

152 2151 228 2202 usus
250 2146 301 2206 est
326 2133 418 2206 libro
441 2132 559 2232 primo
577 2131 1005 2220 v11,secundox,tertio
1027 2154 1083 2217 xi,
1109 2145 1237 2228 quarto

152 2255 208 2318 tar.

196 2361 342 2436 Decima
359 2363 428 2436 ode
445 2389 528 2436 cum
547 2361 667 2462 epodo
683 2375 749 2450 est,
766 2361 868 2458 cujus
887 2363 1046 2451 initium,
1251 2402 1282 2451 44

288 2474 638 2578 Mercurisncnnde
653 2503 763 2576 nepos
779 2477 960 2552 Atlantis.

154 2586 310 2668 'Constat
335 2609 457 2667 autem
487 2593 789 2692 hendecasyllabo
813 2593 1009 2694 sepphim,
1033 2595 1175 2693 dequo
1201 2597 1237 2670 in

155 2708 296 2781 secunda
319 2709 388 2782 ode
410 2708 492 2782 libri
519 2709 626 2808 primi
655 2709 864 2806 plenissime
888 2708 1133 2802 disseruimus,
1150 2713 1238 2810 &qui

154 2835 209 2909 est,

286 2921 377 2996 Jam
393 2923 486 2996 sctis
502 2923 614 2996 terris
630 2923 725 2998 nivis
741 2932 850 3020 atque
867 2923 966 2998 dirc.

156 3049 263 3148 Hujus
293 3081 459 3128 mensura
489 3067 616 3152 quarto
647 3054 731 3128 colo
756 3055 1005 3130 concluditur:
1040 3071 1111 3130 tres
1142 3059 1238 3132 enim

155 3170 206 3264 qui
238 3185 321 3244 aunt
354 3197 457 3270 parcs
491 3169 779 3268 hendecasyllabi
817 3171 990 3258 existunt,
1020 3174 1080 3269 qni
1121 3175 1240 3274 epodo

156 3285 364 3374 clauduntur,
381 3284 479 3383 quod
506 3297 664 3358 metrum
692 3300 838 3359 vocatur
864 3285 1067 3359 l'dimmrcn
1097 3289 1239 3388 spicon,

157 3399 223 3474 ideo
251 3402 346 3502 quod
376 3402 466 3476 duos
496 3401 606 3501 pedes
638 3403 765 3474 heroos
794 3402 957 3501 accipias,
987 3402 1171 3503 dactylum
1203 3420 1240 3478 et

157 3519 351 3614 spondeum.
403 3517 669 3616 Monostropha
696 3531 816 3590 autem
836 3532 1010 3591 vocantur
1028 3520 1105 3593 haec
1123 3547 1240 3594 asma·
1252 3542 1284 3602 46

157 3634 291 3721 tall'de
307 3661 380 3732 qun
406 3635 450 3708 ad
474 3635 627 3734 primam
656 3633 829 3734 strophen
847 3647 964 3707 cetera
991 3635 1239 3735 irespondent.
1364 3695 1369 3706 .

158 3747 242 3825 Idem
261 3751 322 3825 ¹‘ct
333 3751 378 3824 de
395 3751 609 3825 duodecima
622 3751 691 3824 ode
708 3751 847 3824 dictum
866 3751 932 3824 sit:
959 3748 1084 3849 '‘lquae
1099 3769 1240 3826 constat

157 3865 288 3966 nsque
306 3867 609 3966 hendecasyllabo
626 3867 821 3967 Sapphico,
839 3865 941 3962 cujus
960 3867 1117 3957 initium,

289 3985 408 4062 Quem
425 3984 545 4057 virum
563 3993 629 4057 cut
647 3983 758 4057 beron
776 3981 860 4081 lyra
873 3980 936 4054 'vet
950 3983 1039 4055 acri.

195 4097 394 4174 Undecima
412 4097 480 4172 ode
497 4099 693 4199 lyricorum
712 4111 914 4172 asmatum:
1253 4125 1285 4176 47

186 4293 281 4376 dQui]
303 4301 379 4376 qaod
395 4300 427 4358 P.
571 4297 890 4374 ⁰'lb-insessis--qnnrtc
904 4307 948 4354 ter
959 4295 991 4353 Ρ.
1006 4295 1093 4352 babet
1107 4293 1135 4352 in
1151 4315 1239 4378 marg.

157 4374 297 4454 sconem]
314 4391 534 4439 consistentem
550 4379 582 4435 P.
672 4379 764 4458 squi]
780 4377 854 4454 quod
871 4377 901 4435 P.
991 4373 1177 4450 hdimenon]
1196 4377 1240 4436 dl·

157 4477 249 4517 moeron
266 4463 296 4518 Ρ.
338 4458 371 4503 hh
384 4463 420 4518 de
433 4460 503 4536 qua]
518 4459 564 4516 An
575 4459 636 4516 ideo
649 4463 748 4532 meod?
768 4475 851 4535 supra
865 4459 1058 4533 10.qncninm.
1100 4451 1109 4498 ¹
1125 4475 1240 4534 sapon·

156 4539 223 4616 dent]
241 4542 414 4620 respondent
427 4538 473 4600 xii
490 4541 520 4598 P.
601 4535 661 4598 ¹¹et
675 4539 725 4615 de]
742 4539 777 4598 de
791 4557 850 4597 om.
866 4539 896 4595 P.
979 4534 1013 4578 Η(
1027 4535 1102 4611 quas]
1118 4537 1194 4612 qnod
1209 4537 1240 4594 Ρ.
