3124 5120
168 427 253 476 cae.
266 418 302 478 3.
342 403 408 476 De
423 427 565 476 summ
581 404 726 477 numeri
742 431 821 503 qua
837 414 1035 480 metrorum
1054 405 1120 502 85c.
1209 421 1275 484 143

167 587 204 660 id
219 601 286 673 est,
296 586 489 686 dactylico,
502 587 729 688 anapaestico,
739 588 996 677 choriambico,
1008 589 1277 692 ¹‘antispastieu

167 719 204 778 et
222 705 351 778 ionicis
368 704 524 792 duobus,
541 707 630 778 fient
655 705 781 777 harum
810 704 1093 802 permixtionem
1113 707 1276 782 differen-

167 821 230 893 tiae
248 837 343 893 octo.
384 821 463 892 Pari
483 820 621 895 ratione
639 821 667 894 si
688 819 733 894 sit
751 817 975 892 trochaicum
994 821 1121 894 ccteris
1139 823 1302 910 metrias

167 951 210 1008 ut
236 961 344 1034 supra
367 934 413 1010 de
434 935 591 1010 iambico
612 935 784 1024 diximus,
809 935 1056 1034 conjugatum,
1081 939 1170 1010 fient
1194 939 1274 1014 aliae

168 1050 383 1124 differentias
399 1065 495 1140 octo,
513 1079 556 1125 ac
580 1051 752 1149 deinceps
778 1049 807 1122 si
833 1077 896 1150 per
913 1052 1035 1126 omnia
1053 1051 1187 1151 pedum
1211 1081 1274 1154 ge-

168 1191 253 1238 nera
272 1165 438 1238 similiter
455 1168 519 1238 fiat
541 1166 609 1240 ista
627 1164 891 1264 conjugationis
918 1167 1183 1267 multiplicatio,
1200 1197 1272 1244 non

168 1281 280 1354 dubie
296 1281 433 1354 clarum
453 1281 521 1354 erit
537 1281 630 1354 effici
648 1281 864 1354 differentias
883 1305 997 1354 nxnn
1017 1283 1054 1354 in
1073 1283 1174 1356 omni
1190 1299 1273 1358 octo

169 1413 365 1469 metrorum
396 1396 649 1497 principalium
681 1422 837 1484 summa,
864 1395 966 1492 cujus
1001 1397 1051 1471 rei
1082 1397 1272 1474 edocendas

168 1512 284 1610 gratia
301 1511 410 1584 etiam
430 1511 595 1610 quaedam
624 1513 678 1586 sui
705 1511 845 1610 generis
869 1515 1035 1613 exempla
1058 1541 1271 1615 proponam.

169 1627 267 1700 Nam
288 1627 316 1700 si
334 1654 379 1700 ex
396 1627 539 1702 duobus
557 1629 734 1716 iambicis,
755 1627 852 1725 ¹quae
869 1636 1071 1728 πενθημμερῆ
1087 1643 1300 1722 vocantur,s

168 1769 292 1816 versus
311 1769 402 1816 unus
419 1744 605 1832 formetur,
625 1746 688 1816 fiet
706 1743 929 1842 Sapphicum
948 1745 1168 1843 hujusmodi,

272 1857 380 1932 Meas
392 1885 463 1956 per
478 1885 598 1958 equor
616 1860 723 1932 Ionia
734 1859 869 1956 proles.

169 1973 265 2046 Item
293 1974 322 2046 si
348 2001 393 2047 ex
419 1973 561 2048 duobus
586 1975 751 2048 iambicis
777 1975 940 2049 dimetris
967 1977 1181 2052 catalecticis
1207 1980 1270 2052 liat

169 2089 376 2188 permixtio,
400 2091 444 2164 fit
471 2103 626 2164 metrum
655 2089 751 2190 quod
780 2091 1037 2166 AEschrionion
1063 2092 1206 2183 dicitur,
1229 2107 1271 2168 ut

168 2219 237 2294 est,

271 2321 408 2395 Amore
424 2347 482 2394 me
497 2322 643 2422 subegit,
658 2331 694 2394 et
710 2321 817 2420 igneo
819 2319 967 2419 firrore.

169 2435 346 2508 Similiter
361 2437 434 2510 duo
448 2436 626 2537 dactylica
644 2437 672 2510 si
692 2437 891 2536 conjungas
907 2445 1123 2536 πενθνμνμερῆ,
1141 2440 1183 2511 fit
1199 2441 1298 2513 ele-⁴

167 2550 269 2649 giam
288 2552 371 2642 tale,
528 2567 530 2572 ’

272 2664 414 2740 Lactea
430 2667 640 2766 sanguineis
657 2666 739 2742 lilio
755 2668 864 2740 misto
880 2667 985 2740 rosis.
1318 2747 1321 2756 ,

167 2780 236 2852 Vel
263 2781 290 2854 si
320 2782 534 2880 anapaestica
559 2785 750 2880 ἑφθημιμερῆ
774 2783 998 2881 copulentur,
1024 2783 1086 2856 fiet
1112 2795 1267 2856 metrum

167 2896 264 2993 quod
281 2896 476 2996 παροιμιακὸν
493 2897 704 2996 appellatur,
720 2898 843 2987 veluti,

220 3011 295 3084 Sed
309 3013 468 3112 Iapygio
483 3013 578 3086 vodo
596 3011 711 3086 Ponti
725 3013 813 3086 vieti
827 3038 941 3110 prope
958 3011 1079 3086 litoris
1095 3023 1209 3087 octos.

167 3126 264 3199 Item
291 3154 336 3200 ex
363 3126 504 3200 duobus
530 3127 710 3216 trochaeis‚
733 3140 845 3226 ¹³¹quae
871 3131 1062 3227 lpdqprpeplj
1084 3155 1270 3229 nuncupa-

169 3270 262 3334 mus,
279 3247 320 3316 fit
337 3258 492 3318 metrum
512 3243 739 3342 Euripidion,
757 3244 854 3341 quod
872 3259 927 3318 est
943 3247 1026 3333 tale,

218 3358 356 3434 Ptaeoe
375 3361 577 3432 carminum
589 3369 728 3456 poteris,
747 3386 827 3442 cam
843 3387 967 3434 sorore
981 3359 1188 3461 sissovens.

216 3475 289 3548 Sed
306 3493 343 3546 et
358 3475 473 3548 multa
491 3475 559 3548 alia
577 3503 640 3574 per
657 3475 798 3574 singula
817 3490 1012 3550 metrorum
1027 3503 1168 3576 genera,
1185 3501 1295 3575 quaes

166 3592 332 3690 persequi
360 3591 445 3665 satis
473 3591 655 3690 prolixum
692 3603 819 3681 nesset,
850 3593 916 3666 sub
945 3592 1154 3688 hujusmodi
1184 3619 1269 3666 con-

168 3706 322 3780 nexione
366 3707 573 3780 miscentur.
623 3705 759 3779 Verum
807 3705 883 3780 haec
926 3708 1130 3804 conjuncta,
1167 3725 1269 3804 ⁰quae

169 3821 298 3895 Graece
338 3825 543 3920 ἀσυνάρτητα,
578 3847 651 3895 noa
691 3823 894 3920 composite,
933 3823 1177 3913 nominantur,
1219 3824 1269 3896 ita

168 3937 326 4037 perlecta
350 3952 445 4023 sunt,
468 3951 507 4012 ut
525 3939 630 4012 facile
648 3939 694 4010 sit
716 3963 1010 4035 unamquamque
1033 3951 1171 4037 partem
1199 3939 1268 4012 coli

168 4053 466 4128 determinatione
491 4053 650 4154 adsequi,
670 4055 774 4151 cujus
802 4056 848 4130 sit
869 4069 931 4129 aut
958 4057 1181 4156 proceritatis
1208 4071 1270 4129 aut

169 4170 319 4267 generis.
364 4170 433 4242 Illa
451 4185 570 4244 autem
590 4197 671 4269 quae
688 4171 808 4244 Graeci
828 4177 1042 4268 συγκεχυμένα
1058 4187 1095 4246 et
1111 4149 1298 4266 ddepdmsss

170 4315 261 4372 νοντα,
287 4311 367 4383 quae
398 4311 462 4357 nos
493 4283 644 4386 corffusa
670 4300 706 4360 et
733 4283 972 4387 immanifesta
998 4288 1163 4374 dicimus,
1195 4313 1269 4359 non

208 4457 411 4538 kautispasto]
429 4460 613 4540 antispastico
628 4464 658 4520 P.
734 4462 833 4542 lquae]
851 4462 898 4540 qui
913 4465 944 4520 Ρ.
1018 4474 1042 4506 ¹²¹
1056 4465 1132 4539 qoae]
1148 4461 1223 4540 (ruod
1238 4463 1270 4521 Ρ.

170 4551 185 4581 ²¹
199 4541 286 4616 esset]
303 4547 350 4600 eet
364 4541 396 4600 Ρ.
480 4545 683 4618 Miserrima]
701 4564 764 4620 quas
778 4562 869 4623 grace
883 4565 1044 4618 ασνναρτητα
1058 4543 1088 4599 Ρ.

545 4893 565 4972 Nis
