3124 5120
139 461 208 510 car.
224 453 281 528 19.
354 435 426 508 De
440 445 533 509 tome
548 435 624 510 sive
638 435 812 509 incisione
827 459 1006 510 umanum.
1182 445 1228 526 87

137 620 210 718 plat.
234 603 361 694 Erunt
381 618 492 716 igitur
506 621 564 692 hae
576 617 657 691 duae
670 617 885 717 principales
901 631 1020 706 tornae,
1035 631 1074 690 ut
1090 615 1229 692 dictum

137 749 192 823 sat,
208 735 343 808 heroici
363 758 488 807 versus
507 733 709 822 incisiones,
726 732 857 829 quibus
875 731 1040 804 similiter
1056 743 1093 804 ct
1110 729 1231 804 '’iam-

41 929 42 932 ,
137 849 198 922 bici
214 877 340 924 versus
366 849 520 922 trimetri
539 847 759 920 dividuntur.
805 845 875 919 Sed
895 845 950 918 his
968 845 1004 918 in
1024 845 1133 918 heroo
1149 843 1258 920 duaes

38 1029 39 1040 .
137 965 205 1038 aliae
221 966 418 1039 accedunt.
461 963 558 1038 Nam
578 963 606 1037 si
626 963 752 1036 harum
772 974 935 1034 neutram
956 961 1143 1050 inveneris,
1161 975 1232 1034 ter-

137 1079 216 1152 tium
242 1081 475 1153 ¹'trocheum
502 1079 538 1152 in
564 1105 669 1152 versu
697 1075 897 1176 conquires,
923 1074 957 1148 id
981 1089 1046 1165 est,
1078 1076 1232 1176 penthe-

137 1193 302 1268 mimeren
323 1194 529 1293 ⁰disyllabo
546 1193 726 1266 clausam:
744 1205 784 1264 ut
801 1205 867 1276 est,

223 1309 433 1408 Irffandum
451 1309 595 1405 regino.

136 1421 221 1496 Nam
244 1423 432 1522 percussis
448 1421 589 1496 duobus
614 1419 776 1520 pedibus,
793 1421 920 1494 tertius
944 1447 1008 1520 pes
1033 1421 1260 1498 Ptrochoeusa

137 1551 183 1609 est
206 1540 311 1638 gina,
346 1539 406 1612 cui
440 1540 632 1634 conjuncta
665 1536 780 1608 brevis
798 1535 851 1636 ja
878 1534 1077 1608 secundum
1113 1535 1229 1636 legem

137 1679 245 1728 versus
271 1653 503 1728 ahexametri
529 1653 713 1752 dactylum
738 1651 909 1750 complet,
933 1651 994 1724 bes
1016 1663 1137 1723 autem
1162 1651 1233 1752 syl-

137 1765 208 1840 laba
220 1783 256 1841 et
269 1795 422 1842 sensum
438 1768 628 1868 superioris
643 1769 711 1841 coli
726 1770 892 1866 integrat,
906 1781 947 1840 ut
961 1767 1232 1867 liat¹hephthe-

138 1883 307 1974 mimeres,
325 1899 367 1956 et
390 1885 573 1981 sequentis
597 1883 698 1982 pedis
725 1883 867 1956 initium
890 1881 1040 1956 inducit.
1089 1881 1229 1958 Eodem
1246 1907 1277 1944 ιο

138 1997 236 2070 modo
263 2013 303 2072 et
331 2013 482 2096 quartus
514 1997 711 2072 ‘trochaeus
740 1997 947 2097 accipietur,
971 1997 1032 2096 qui
1067 2023 1146 2070 raro
1171 1997 1233 2070 ad·

33 2155 34 2177 r
139 2109 276 2184 modurn
297 2111 509 2214 reperietur,
524 2127 566 2186 ut
582 2127 648 2202 est,

183 2224 272 2302 Qua
285 2253 368 2326 pas
385 2227 496 2328 longo
511 2227 703 2302 remiserat
719 2252 825 2301 armo
841 2251 977 2300 novare
990 2225 1184 2323 parabant.

140 2335 288 2418 Quartus
316 2369 382 2440 pes
407 2343 586 2416 trochaeus
611 2367 727 2430 anna,
756 2341 854 2436 (vide
877 2341 1229 2440 hephthemimerem
1246 2373 1273 2409 ιι

140 2449 326 2551 ‘disyllabo
356 2457 525 2546 clausam,
550 2471 591 2530 ut
620 2459 753 2556 supra,)
784 2457 841 2530 cui
876 2455 1014 2530 adnexa
1043 2456 1159 2528 brevis
1185 2481 1231 2528 no

141 2567 267 2661 syllaba
283 2571 497 2669 'dactylum
515 2571 595 2670 lege
610 2571 742 2644 heroici
760 2598 881 2644 versus
898 2571 1037 2669 implet.
1088 2569 1229 2644 Harum
1246 2604 1275 2640 ιι

142 2679 166 2748 ai
191 2685 329 2758 nullam
360 2685 397 2756 in
430 2683 640 2759 hexametro
669 2687 827 2785 speciem
862 2686 1051 2775 inveneris,
1080 2685 1230 2758 heroum

143 2815 272 2870 versum
291 2799 378 2896 jure
396 2825 437 2872 ac
456 2800 583 2874 merito
600 2801 760 2900 negabis.
810 2800 1084 2897 Nonnunquam
1109 2815 1230 2874 sutem
1245 2839 1274 2888 13

143 2912 262 3000 evenit,
290 2926 335 2986 ut
362 2913 399 2986 in
426 2914 553 2988 eodem
581 2943 683 2990 versu
715 2917 834 3016 plures
869 2915 1072 3004 incisiones,
1102 2915 1232 3004 idest,

142 3026 461 3118 penthemimeren,
493 3043 530 3101 et
573 3031 924 3130 bephthemimcren,
954 3043 991 3102 et
1032 3057 1110 3103 earn
1149 3055 1231 3128 quae

143 3153 256 3230 quarta
283 3157 450 3216 'casura
471 3156 609 3242 partem
633 3145 803 3218 orationis
826 3145 998 3218 terminat
1018 3150 1141 3242 (quam
1167 3143 1227 3216 ba-

143 3251 266 3330 calicon
286 3257 404 3330 Graeci
423 3257 565 3356 dicunt)
586 3260 849 3359 ²‘reperiamusz
876 3272 929 3348 ut,

206 3372 330 3446 Arma
345 3374 536 3474 virumque
554 3400 643 3448 cano
666 3373 784 3472 Phaia
801 3375 865 3474 qui
875 3374 1019 3471 primas
1036 3373 1082 3446 ab
1097 3375 1183 3448 oris.

142 3477 228 3560 Nam
243 3487 302 3588 ja
319 3489 382 3586 qui
398 3515 462 3586 pes
487 3489 644 3562 inversu
663 3505 811 3586 quartus
833 3515 911 3562 eam
935 3487 1147 3562 divisionem
1168 3514 1275 3574 ers-14

142 3596 253 3693 plicat,
274 3627 381 3698 quam
411 3605 600 3678 bucolicon
617 3604 735 3677 vocari
756 3603 894 3678 dictum
912 3617 977 3694 est,
994 3605 1061 3676 sub
1077 3629 1149 3702 qua
1167 3631 1231 3704 pe-

36 3809 37 3820 *
144 3709 218 3788 dum
237 3719 466 3816 percussione
484 3746 608 3793 sensus
626 3720 806 3819 impletur.
857 3719 954 3794 Nam
978 3719 1131 3794 bucolici
1155 3745 1273 3807 meu,

36 3827 37 3866 l
144 3825 180 3896 tri
206 3830 283 3904 lroec
313 3832 370 3904 lex
397 3847 463 3922 est,
490 3859 600 3930 quam
631 3861 696 3934 per
722 3861 830 3908 omne
860 3861 951 3934 opus
977 3839 1033 3908 sui
1060 3833 1230 3908 carminis

177 4063 199 4096 ¹¹¹
212 4056 330 4115 lambici
345 4059 388 4131 et]
405 4057 523 4118 lambini
539 4079 632 4118 versus
646 4061 677 4119 P.
794 4071 810 4104 ὓ
823 4063 1004 4134 Trochoeum]
1020 4061 1181 4119 Trocheum
1196 4061 1229 4120 P.

145 4127 205 4190 Mox
220 4137 462 4195 Penthemimerin
476 4139 521 4196 ed.
537 4141 617 4196 Csrn.
680 4141 873 4218 ⁰dissyllabo]
892 4141 1029 4218 disyllabo
1046 4141 1076 4198 Ρ.
1126 4141 1230 4196 PTro.

146 4209 241 4290 theos]
253 4217 400 4275 Trocbeus
415 4219 446 4276 P.
528 4230 544 4274 q
558 4218 712 4278 hexametri
725 4219 882 4296 dactylum]
897 4219 1034 4280 exametri
1048 4219 1183 4279 dactilum
1198 4219 1229 4276 P.

144 4295 154 4326 ¹
166 4289 428 4371 bepbthsmimeres]
440 4297 657 4374 eptbenrimeres
669 4301 825 4359 Patmos.
839 4299 1085 4378 nephthemimen's
1096 4299 1229 4358 ed.Cam.

145 4379 168 4424 tt
180 4370 225 4430 iul'.
341 4377 534 4450 'Troclraeus]
552 4379 681 4438 trocheus
694 4381 726 4438 P.
841 4379 1029 4459 tdisrytlsbo]
1046 4379 1184 4456 disyllabo
1198 4379 1229 4436 P.

145 4447 324 4530 'lt-stylum]
339 4455 487 4514 Dactilum
502 4457 534 4514 P.
614 4469 637 4502 ¹
651 4459 769 4534 mura]
786 4477 886 4519 cesura
900 4461 930 4520 P.
1013 4471 1029 4504 ¹
1044 4459 1227 4538 reperiamus]

38 4603 39 4618 χ
146 4533 307 4606 reperiantur
320 4535 352 4593 P.
