3100 5142
116 437 199 486 cnr.
210 427 244 488 3.
472 413 537 486 De
554 411 733 512 dactylica
750 421 878 486 metra.
1148 423 1220 500 ⁹⁵9

17 639 18 656 .
116 595 380 672 observandum
400 609 467 684 est,
487 609 526 670 ut
549 597 586 668 in
612 610 764 694 utraque
782 621 903 670 versus
921 593 1096 668 divisione
1117 593 1222 666 finita

116 715 163 787 sit
178 741 260 814 pars
277 710 462 801 orationis,
481 725 520 784 ut
538 725 593 784 est
609 709 699 785 illud
716 711 970 812 virgilianum,

243 829 429 892 Entemam
442 827 528 906 tulit,
543 837 601 892 ant
615 849 711 892 cruor
724 827 776 892 lla
790 827 828 892 de
842 829 951 914 stipite
964 835 1083 890 manat.

118 939 175 1012 ‘et
192 937 282 1012 illud
302 937 446 1024 iterum,
1179 911 1193 938 ⁸

249 1055 312 1120 Cur'
325 1076 390 1118 non
404 1054 508 1118 didas
522 1053 737 1140 Hylasprrer‚
753 1059 783 1114 ct
797 1051 936 1115 Latonia
950 1049 1056 1113 Delon

17 1237 18 1240 ,
120 1165 208 1240 Hoc
245 1179 402 1239 metrum
431 1163 586 1238 divisum
612 1163 721 1238 faciet
750 1189 814 1262 per
842 1162 1002 1262 singulas
1030 1159 1222 1234 divisiones
1234 1171 1267 1230 4⁶

121 1309 203 1356 suas
235 1281 309 1354 duo
343 1281 508 1366 dimetra,
538 1280 583 1354 de
619 1277 751 1377 quibus
782 1275 1021 1377 opportunius
1050 1275 1222 1348 tractabo.

120 1398 232 1470 Nunc
266 1397 437 1494 quoniam
474 1397 702 1470 hexametras
736 1395 872 1492 species
909 1405 1079 1490 quattuor
1117 1387 1233 1491 metri*

123 1513 289 1611 dactylici
317 1513 563 1601 tractavimus,
586 1534 808 1608 consequens
831 1521 897 1597 est,
914 1522 955 1580 ut
972 1505 1066 1580 sicut
1084 1503 1224 1576 ordina-

123 1629 239 1702 vimus
256 1627 303 1700 de
319 1627 553 1726 pentametris
570 1627 776 1698 doceamus.

149 1843 210 1916 De
222 1852 453 1941 pentametro
469 1842 616 1941 integro
633 1839 832 1914 acatalecto
850 1831 1192 1911 monoschematiato.
1236 1867 1269 1918 47

172 1975 240 2047 Est
281 1989 438 2048 metrum
481 1975 664 2072 integrum
701 1980 971 2070 pentametram
1006 1964 1224 2064 dactylicam

127 2091 219 2186 quod
246 2117 389 2190 semper
414 2088 575 2188 quinque
600 2087 753 2188 dactylis
779 2075 941 2175 constat,
953 2085 1058 2184 quale
1084 2098 1138 2154 est
1164 2109 1226 2155 ex-

126 2208 288 2307 emplum
310 2207 480 2280 Graecum
499 2205 601 2295 illud,
672 2283 676 2291 ,

208 2333 423 2395 εΔΕΙΚΟΝΑ
446 2333 684 2394 ΗΦΑΛΗΝΕΝ
707 2331 830 2392 ΗΠΓΩ
852 2326 1164 2390 ΜΟΝΟΝΩΛΗΤΟ.

126 2439 256 2513 Latina
274 2439 443 2538 exempla
462 2441 552 2524 haec,
868 2535 872 2544 .

254 2547 385 2618 Italiam
399 2556 562 2641 sequimur
561 2553 752 2640 figientem
766 2561 796 2616 et
810 2551 979 2623 volvimur,

126 2655 173 2731 et,

258 2739 525 2826 Qaadmpedaatc
536 2747 661 2824 patrem
676 2737 782 2800 sonitu
796 2736 900 2821 quatit
913 2733 1050 2821 artgula,

125 2839 172 2916 et,
255 2923 389 2988 Attalo
404 2922 575 2986 terribilem
589 2921 727 2986 sonitum
740 2919 853 3005 procat
867 2939 929 2982 are
942 2919 995 2984 cit.

129 3035 229 3107 Huic
250 3047 365 3106 metro
382 3033 541 3107 detracta
557 3033 696 3131 syllaba
710 3031 904 3105 novissima
921 3027 1052 3103 hfaciet
1071 3044 1226 3102 metrum

128 3149 325 3222 Simmiam
345 3149 407 3222 sic.

190 3333 257 3404 De
273 3341 388 3404 metro
406 3329 557 3404 Simmio
570 3341 799 3428 pentametro
816 3327 1161 3404 monosclernatr'sto.
1243 3356 1275 3413 4s

177 3455 371 3530 Simmiam
390 3467 545 3526 metrum
563 3451 828 3554 pentametrum
845 3451 1229 3526 monoschematistum

130 3584 194 3660 est,
211 3581 355 3642 constat
380 3569 477 3641 enirn
505 3595 648 3666 semper
673 3583 843 3667 quattuor
862 3567 1014 3666 dactylis
1040 3581 1077 3640 et
1102 3567 1231 3663 quinto

130 3685 221 3783 pede
256 3683 393 3780 syllaba
426 3683 654 3756 indifferenti.
720 3683 829 3756 Unde
859 3684 958 3781 quasi
989 3683 1136 3780 quintus
1167 3709 1230 3780 pes

131 3801 316 3873 schemata
342 3797 452 3871 habet
477 3811 657 3896 quattuor.
718 3799 817 3872 Nam
850 3813 910 3872 aut
941 3797 1122 3898 spondeus
1152 3796 1231 3883 erit,

132 3928 192 3987 aut
217 3913 438 4014 pariambus,
464 3913 499 3986 id
526 3929 581 3987 est
604 3915 847 4014 pyrrhichius,
864 3927 926 3986 aut
953 3913 1143 4002 trochaeus,
1170 3925 1231 3983 aut

132 4029 285 4102 iambus.
337 4028 397 4102 De
415 4029 518 4126 cujus
536 4029 781 4102 schematibus
798 4042 969 4126 quattuor
985 4027 1115 4100 Latina
1132 4026 1233 4098 dabi-

134 4171 225 4235 mus,
245 4171 329 4218 nam
348 4147 519 4219 Graecum
536 4171 651 4218 unum
669 4145 809 4245 repperi
827 4146 957 4235 solum,

172 4370 225 4430 ¹et
239 4369 321 4446 illud]
337 4371 385 4431 sic
399 4372 435 4430 L.
459 4374 497 4430 Et
509 4391 566 4430 orn.
583 4371 742 4432 Putschlus.
875 4381 892 4426 s
906 4383 1039 4447 corrupta
1053 4371 1136 4428 rerba
1151 4368 1233 4429 resti.

135 4479 347 4625 sueppequpdo,
362 4461 992 4539 aeruossaaoemuernrtueuoutnsao
1007 4467 1043 4525 L.
1161 4466 1177 4510 h
1192 4467 1234 4524 ta-

136 4562 190 4606 cret
232 4553 288 4606 ecit
331 4591 338 4608 .

636 4648 728 4716 ala
