<?xml version="1.0" encoding="UTF-8"?>
<!DOCTYPE html PUBLIC "-//W3C//DTD XHTML 1.0 Transitional//EN"
    "http://www.w3.org/TR/xhtml1/DTD/xhtml1-transitional.dtd">
<html xmlns="http://www.w3.org/1999/xhtml" xml:lang="en" lang="en">
 <head>
  <title>
</title>
<meta http-equiv="Content-Type" content="text/html;charset=utf-8" />
  <meta name='ocr-system' content='tesseract 3.04.00' />
  <meta name='ocr-capabilities' content='ocr_page ocr_carea ocr_par ocr_line ocrx_word'/>
</head>
<body>
  <div class='ocr_page' id='page_1' title='image "./scriptoreslatin00gaisgoog_0555.png"; bbox 0 0 2970 5134; ppageno 0'>
   <div class='ocr_carea' id='block_1_1' title="bbox 33 423 794 510">
    <p class='ocr_par' dir='ltr' id='par_1_1' title="bbox 33 423 794 510">
     <span class='ocr_line' id='line_1_1' title="bbox 33 423 794 510; baseline 0.003 -24"><span class='ocrx_word' id='word_1_1' title='bbox 33 443 133 488; x_wconf 69' lang='lat' dir='ltr'>cae.</span> <span class='ocrx_word' id='word_1_2' title='bbox 158 445 212 488; x_wconf 78' lang='grc' dir='ltr'>ιν.</span> <span class='ocrx_word' id='word_1_3' title='bbox 444 423 794 510; x_wconf 77' lang='lat' dir='ltr'>Demetroduclyliea.</span> 
     </span>
    </p>
   </div>
   <div class='ocr_carea' id='block_1_2' title="bbox 348 661 896 748">
    <p class='ocr_par' dir='ltr' id='par_1_2' title="bbox 348 661 896 748">
     <span class='ocr_line' id='line_1_2' title="bbox 348 661 896 748; baseline 0.002 -23"><span class='ocrx_word' id='word_1_4' title='bbox 348 661 432 725; x_wconf 79' lang='lat' dir='ltr'>Car.</span> <span class='ocrx_word' id='word_1_5' title='bbox 449 662 508 725; x_wconf 91' lang='lat' dir='ltr'>IV.</span> <span class='ocrx_word' id='word_1_6' title='bbox 553 661 896 748; x_wconf 75' lang='lat' dir='ltr'>Demetrodactylico.</span> 
     </span>
    </p>
   </div>
   <div class='ocr_carea' id='block_1_3' title="bbox 42 793 1175 1190">
    <p class='ocr_par' dir='ltr' id='par_1_3' title="bbox 42 793 1175 1190">
     <span class='ocr_line' id='line_1_3' title="bbox 97 793 1175 882; baseline 0.003 -22"><span class='ocrx_word' id='word_1_7' title='bbox 97 796 258 860; x_wconf 85' lang='lat' dir='ltr'>Metram</span> <span class='ocrx_word' id='word_1_8' title='bbox 273 793 462 882; x_wconf 88' lang='lat' dir='ltr'>dactylicum</span> <span class='ocrx_word' id='word_1_9' title='bbox 478 794 694 858; x_wconf 86' lang='lat' dir='ltr'>hexametrum</span> <span class='ocrx_word' id='word_1_10' title='bbox 703 793 864 859; x_wconf 88' lang='lat' dir='ltr'>inventurn</span> <span class='ocrx_word' id='word_1_11' title='bbox 882 795 1028 882; x_wconf 88' lang='lat' dir='ltr'>primitus</span> <span class='ocrx_word' id='word_1_12' title='bbox 1041 797 1082 862; x_wconf 83' lang='lat' dir='ltr'>ab</span> <span class='ocrx_word' id='word_1_13' title='bbox 1091 799 1175 863; x_wconf 69' lang='lat' dir='ltr'>woe-</span> 
     </span>
     <span class='ocr_line' id='line_1_4' title="bbox 42 893 1173 982; baseline 0.003 -22"><span class='ocrx_word' id='word_1_14' title='bbox 42 895 144 982; x_wconf 89' lang='lat' dir='ltr'>pheo</span> <span class='ocrx_word' id='word_1_15' title='bbox 163 896 283 962; x_wconf 78' lang='lat' dir='ltr'>Critias</span> <span class='ocrx_word' id='word_1_16' title='bbox 304 895 423 974; x_wconf 78' lang='lat' dir='ltr'>amerit,</span> <span class='ocrx_word' id='word_1_17' title='bbox 437 893 638 960; x_wconf 78' lang='lat' dir='ltr'>Democritus</span> <span class='ocrx_word' id='word_1_18' title='bbox 658 917 678 958; x_wconf 88' lang='lat' dir='ltr'>a</span> <span class='ocrx_word' id='word_1_19' title='bbox 701 893 838 972; x_wconf 71' lang='lat' dir='ltr'>Musaeo,</span> <span class='ocrx_word' id='word_1_20' title='bbox 859 895 1031 962; x_wconf 87' lang='lat' dir='ltr'>¹Persinus</span> <span class='ocrx_word' id='word_1_21' title='bbox 1044 921 1064 962; x_wconf 82' lang='lat' dir='ltr'>e</span> <span class='ocrx_word' id='word_1_22' title='bbox 1078 899 1173 978; x_wconf 88' lang='lat' dir='ltr'>Lino,</span> 
     </span>
     <span class='ocr_line' id='line_1_5' title="bbox 44 996 1174 1085; baseline 0.003 -23"><span class='ocrx_word' id='word_1_23' title='bbox 44 997 219 1085; x_wconf 80' lang='lat' dir='ltr'>permulti</span> <span class='ocrx_word' id='word_1_24' title='bbox 233 998 273 1062; x_wconf 85' lang='lat' dir='ltr'>ab</span> <span class='ocrx_word' id='word_1_25' title='bbox 289 999 443 1076; x_wconf 84' lang='lat' dir='ltr'>Homero,</span> <span class='ocrx_word' id='word_1_26' title='bbox 456 996 528 1082; x_wconf 70' lang='lat' dir='ltr'>tqui</span> <span class='ocrx_word' id='word_1_27' title='bbox 543 997 696 1083; x_wconf 84' lang='lat' dir='ltr'>profecto,</span> <span class='ocrx_word' id='word_1_28' title='bbox 711 1019 783 1061; x_wconf 90' lang='lat' dir='ltr'>oum</span> <span class='ocrx_word' id='word_1_29' title='bbox 798 997 930 1062; x_wconf 87' lang='lat' dir='ltr'>heroum</span> <span class='ocrx_word' id='word_1_30' title='bbox 940 999 1023 1064; x_wconf 79' lang='lat' dir='ltr'>facta</span> <span class='ocrx_word' id='word_1_31' title='bbox 1037 1002 1174 1066; x_wconf 85' lang='lat' dir='ltr'>carmine</span> 
     </span>
     <span class='ocr_line' id='line_1_6' title="bbox 47 1099 1174 1190; baseline 0.002 -26"><span class='ocrx_word' id='word_1_32' title='bbox 47 1123 117 1164; x_wconf 90' lang='lat' dir='ltr'>suo</span> <span class='ocrx_word' id='word_1_33' title='bbox 141 1099 306 1188; x_wconf 84' lang='lat' dir='ltr'>explicare</span> <span class='ocrx_word' id='word_1_34' title='bbox 320 1099 424 1179; x_wconf 85' lang='lat' dir='ltr'>vellet,</span> <span class='ocrx_word' id='word_1_35' title='bbox 439 1099 529 1164; x_wconf 90' lang='lat' dir='ltr'>metri</span> <span class='ocrx_word' id='word_1_36' title='bbox 552 1099 660 1185; x_wconf 87' lang='lat' dir='ltr'>hujus,</span> <span class='ocrx_word' id='word_1_37' title='bbox 675 1101 762 1185; x_wconf 91' lang='lat' dir='ltr'>quod</span> <span class='ocrx_word' id='word_1_38' title='bbox 784 1100 895 1164; x_wconf 86' lang='lat' dir='ltr'>ceteris</span> <span class='ocrx_word' id='word_1_39' title='bbox 913 1102 1061 1166; x_wconf 88' lang='lat' dir='ltr'>omnibus</span> <span class='ocrx_word' id='word_1_40' title='bbox 1081 1102 1174 1190; x_wconf 79' lang='lat' dir='ltr'>longe</span> 
     </span>
    </p>
   </div>
   <div class='ocr_carea' id='block_1_4' title="bbox 48 1201 1237 1897">
    <p class='ocr_par' dir='ltr' id='par_1_4' title="bbox 48 1201 1237 1897">
     <span class='ocr_line' id='line_1_7' title="bbox 48 1201 1172 1290; baseline 0.002 -23"><span class='ocrx_word' id='word_1_41' title='bbox 48 1202 234 1289; x_wconf 83' lang='lat' dir='ltr'>pulchrius</span> <span class='ocrx_word' id='word_1_42' title='bbox 247 1201 420 1288; x_wconf 79' lang='lat' dir='ltr'>celsiusque</span> <span class='ocrx_word' id='word_1_43' title='bbox 435 1215 492 1278; x_wconf 82' lang='lat' dir='ltr'>est,</span> <span class='ocrx_word' id='word_1_44' title='bbox 502 1214 559 1264; x_wconf 86' lang='lat' dir='ltr'>eut</span> <span class='ocrx_word' id='word_1_45' title='bbox 573 1213 714 1286; x_wconf 83' lang='lat' dir='ltr'>repertor</span> <span class='ocrx_word' id='word_1_46' title='bbox 726 1214 784 1265; x_wconf 89' lang='lat' dir='ltr'>eut</span> <span class='ocrx_word' id='word_1_47' title='bbox 798 1215 882 1266; x_wconf 89' lang='lat' dir='ltr'>certe</span> <span class='ocrx_word' id='word_1_48' title='bbox 894 1201 1086 1290; x_wconf 75' lang='lat' dir='ltr'>adprobator</span> <span class='ocrx_word' id='word_1_49' title='bbox 1100 1205 1172 1269; x_wconf 83' lang='lat' dir='ltr'>luit.</span> 
     </span>
     <span class='ocr_line' id='line_1_8' title="bbox 51 1301 1200 1388; baseline 0 -18"><span class='ocrx_word' id='word_1_50' title='bbox 51 1307 205 1370; x_wconf 76' lang='lat' dir='ltr'>Constat</span> <span class='ocrx_word' id='word_1_51' title='bbox 225 1318 330 1369; x_wconf 83' lang='lat' dir='ltr'>autern</span> <span class='ocrx_word' id='word_1_52' title='bbox 354 1317 488 1368; x_wconf 89' lang='lat' dir='ltr'>metrum</span> <span class='ocrx_word' id='word_1_53' title='bbox 512 1301 701 1388; x_wconf 90' lang='lat' dir='ltr'>dactylicum</span> <span class='ocrx_word' id='word_1_54' title='bbox 720 1302 937 1368; x_wconf 88' lang='lat' dir='ltr'>hexametrum</span> <span class='ocrx_word' id='word_1_55' title='bbox 959 1303 1118 1369; x_wconf 90' lang='lat' dir='ltr'>heroicum</span> <span class='ocrx_word' id='word_1_56' title='bbox 1133 1325 1200 1370; x_wconf 82' lang='lat' dir='ltr'>ex2</span> 
     </span>
     <span class='ocr_line' id='line_1_9' title="bbox 52 1403 1174 1494; baseline 0.001 -24"><span class='ocrx_word' id='word_1_57' title='bbox 52 1406 198 1494; x_wconf 79' lang='lat' dir='ltr'>dactylo</span> <span class='ocrx_word' id='word_1_58' title='bbox 216 1421 248 1470; x_wconf 90' lang='lat' dir='ltr'>et</span> <span class='ocrx_word' id='word_1_59' title='bbox 270 1405 402 1492; x_wconf 86' lang='lat' dir='ltr'>epondio</span> <span class='ocrx_word' id='word_1_60' title='bbox 417 1404 466 1468; x_wconf 88' lang='lat' dir='ltr'>vel</span> <span class='ocrx_word' id='word_1_61' title='bbox 487 1403 635 1481; x_wconf 78' lang='lat' dir='ltr'>trochaeo,</span> <span class='ocrx_word' id='word_1_62' title='bbox 651 1403 695 1468; x_wconf 88' lang='lat' dir='ltr'>ite</span> <span class='ocrx_word' id='word_1_63' title='bbox 715 1416 751 1468; x_wconf 90' lang='lat' dir='ltr'>ut</span> <span class='ocrx_word' id='word_1_64' title='bbox 770 1405 900 1492; x_wconf 89' lang='lat' dir='ltr'>recipiat</span> <span class='ocrx_word' id='word_1_65' title='bbox 915 1405 1082 1492; x_wconf 79' lang='lat' dir='ltr'>spondium</span> <span class='ocrx_word' id='word_1_66' title='bbox 1099 1407 1174 1472; x_wconf 86' lang='lat' dir='ltr'>locis</span> 
     </span>
     <span class='ocr_line' id='line_1_10' title="bbox 54 1505 1237 1594; baseline 0.001 -22"><span class='ocrx_word' id='word_1_67' title='bbox 54 1509 229 1588; x_wconf 87' lang='lat' dir='ltr'>omnibus,</span> <span class='ocrx_word' id='word_1_68' title='bbox 243 1507 403 1594; x_wconf 77' lang='lat' dir='ltr'>dactylum</span> <span class='ocrx_word' id='word_1_69' title='bbox 426 1506 500 1572; x_wconf 90' lang='lat' dir='ltr'>locis</span> <span class='ocrx_word' id='word_1_70' title='bbox 521 1505 668 1570; x_wconf 91' lang='lat' dir='ltr'>omnibus</span> <span class='ocrx_word' id='word_1_71' title='bbox 688 1521 803 1592; x_wconf 78' lang='lat' dir='ltr'>praeter</span> <span class='ocrx_word' id='word_1_72' title='bbox 825 1506 982 1582; x_wconf 88' lang='lat' dir='ltr'>ultimum,</span> <span class='ocrx_word' id='word_1_73' title='bbox 999 1508 1171 1574; x_wconf 80' lang='lat' dir='ltr'>trochaeum</span> <span class='ocrx_word' id='word_1_74' title='bbox 1234 1515 1237 1521; x_wconf 86' lang='lat'>&#39;</span> 
     </span>
     <span class='ocr_line' id='line_1_11' title="bbox 57 1606 875 1693; baseline 0 -21"><span class='ocrx_word' id='word_1_75' title='bbox 57 1633 141 1675; x_wconf 90' lang='lat' dir='ltr'>vero</span> <span class='ocrx_word' id='word_1_76' title='bbox 157 1609 230 1676; x_wconf 92' lang='lat' dir='ltr'>loco</span> <span class='ocrx_word' id='word_1_77' title='bbox 244 1621 366 1674; x_wconf 87' lang='lat' dir='ltr'>tanturn</span> <span class='ocrx_word' id='word_1_78' title='bbox 382 1607 504 1672; x_wconf 90' lang='lat' dir='ltr'>ultimo.</span> <span class='ocrx_word' id='word_1_79' title='bbox 551 1606 662 1692; x_wconf 89' lang='lat' dir='ltr'>Hujus</span> <span class='ocrx_word' id='word_1_80' title='bbox 676 1606 875 1693; x_wconf 86' lang='lat' dir='ltr'>exemplum:</span> 
     </span>
     <span class='ocr_line' id='line_1_12' title="bbox 235 1710 998 1786; baseline 0.003 -16"><span class='ocrx_word' id='word_1_81' title='bbox 235 1713 338 1770; x_wconf 72' lang='lat' dir='ltr'>&#39;Antra</span> <span class='ocrx_word' id='word_1_82' title='bbox 351 1716 493 1786; x_wconf 82' lang='lat' dir='ltr'>uirumque</span> <span class='ocrx_word' id='word_1_83' title='bbox 506 1729 583 1777; x_wconf 88' lang='lat' dir='ltr'>cuno,</span> <span class='ocrx_word' id='word_1_84' title='bbox 603 1710 692 1784; x_wconf 82' lang='lat' dir='ltr'>Trajoe</span> <span class='ocrx_word' id='word_1_85' title='bbox 705 1713 753 1785; x_wconf 85' lang='lat' dir='ltr'>qui</span> <span class='ocrx_word' id='word_1_86' title='bbox 763 1715 870 1786; x_wconf 82' lang='lat' dir='ltr'>printua</span> <span class='ocrx_word' id='word_1_87' title='bbox 883 1716 919 1770; x_wconf 87' lang='lat' dir='ltr'>ab</span> <span class='ocrx_word' id='word_1_88' title='bbox 933 1718 998 1772; x_wconf 87' lang='lat' dir='ltr'>oris.</span> 
     </span>
     <span class='ocr_line' id='line_1_13' title="bbox 110 1805 1199 1897; baseline 0.001 -25"><span class='ocrx_word' id='word_1_89' title='bbox 110 1810 259 1874; x_wconf 90' lang='lat' dir='ltr'>Metrum</span> <span class='ocrx_word' id='word_1_90' title='bbox 274 1806 462 1896; x_wconf 84' lang='lat' dir='ltr'>dactylicum</span> <span class='ocrx_word' id='word_1_91' title='bbox 478 1819 709 1893; x_wconf 85' lang='lat' dir='ltr'>pentametrum</span> <span class='ocrx_word' id='word_1_92' title='bbox 727 1805 855 1894; x_wconf 70' lang='lat' dir='ltr'>arecipit</span> <span class='ocrx_word' id='word_1_93' title='bbox 870 1806 967 1894; x_wconf 84' lang='lat' dir='ltr'>pedes</span> <span class='ocrx_word' id='word_1_94' title='bbox 981 1808 1055 1872; x_wconf 88' lang='lat' dir='ltr'>hos:</span> <span class='ocrx_word' id='word_1_95' title='bbox 1080 1831 1199 1897; x_wconf 76' lang='lat' dir='ltr'>spon-³</span> 
     </span>
    </p>
   </div>
   <div class='ocr_carea' id='block_1_5' title="bbox 64 2007 1170 4658">
    <p class='ocr_par' dir='ltr' id='par_1_5' title="bbox 64 2007 1170 4658">
     <span class='ocr_line' id='line_1_14' title="bbox 64 2007 1170 2088; baseline 0.002 -19"><span class='ocrx_word' id='word_1_96' title='bbox 64 2007 528 2088; x_wconf 85' lang='lat' dir='ltr'>Guelpb.omissam‚correctoris</span> <span class='ocrx_word' id='word_1_97' title='bbox 543 2027 602 2064; x_wconf 85' lang='lat' dir='ltr'>rua-</span> <span class='ocrx_word' id='word_1_98' title='bbox 641 2008 707 2068; x_wconf 83' lang='lat' dir='ltr'>alibi</span> <span class='ocrx_word' id='word_1_99' title='bbox 728 2009 822 2068; x_wconf 88' lang='lat' dir='ltr'>littera</span> <span class='ocrx_word' id='word_1_100' title='bbox 843 2011 861 2068; x_wconf 86' lang='lat' dir='ltr'>b</span> <span class='ocrx_word' id='word_1_101' title='bbox 881 2011 997 2078; x_wconf 86' lang='lat' dir='ltr'>omisso,</span> <span class='ocrx_word' id='word_1_102' title='bbox 1024 2023 1085 2070; x_wconf 92' lang='lat' dir='ltr'>tum</span> <span class='ocrx_word' id='word_1_103' title='bbox 1115 2014 1170 2071; x_wconf 88' lang='lat' dir='ltr'>hoc</span> 
     </span>
     <span class='ocr_line' id='line_1_15' title="bbox 66 2087 1170 2170; baseline 0.001 -21"><span class='ocrx_word' id='word_1_104' title='bbox 66 2111 123 2150; x_wconf 91' lang='lat' dir='ltr'>nus</span> <span class='ocrx_word' id='word_1_105' title='bbox 147 2090 261 2170; x_wconf 77' lang='lat' dir='ltr'>adjecit.</span> <span class='ocrx_word' id='word_1_106' title='bbox 303 2089 398 2147; x_wconf 81' lang='lat' dir='ltr'>Facile</span> <span class='ocrx_word' id='word_1_107' title='bbox 423 2091 517 2165; x_wconf 84' lang='lat' dir='ltr'>itaque</span> <span class='ocrx_word' id='word_1_108' title='bbox 542 2087 600 2146; x_wconf 85' lang='lat' dir='ltr'>fieri</span> <span class='ocrx_word' id='word_1_109' title='bbox 642 2088 704 2168; x_wconf 85' lang='lat' dir='ltr'>ipso</span> <span class='ocrx_word' id='word_1_110' title='bbox 740 2091 831 2168; x_wconf 83' lang='lat' dir='ltr'>capite</span> <span class='ocrx_word' id='word_1_111' title='bbox 865 2101 1042 2160; x_wconf 70' lang='lat' dir='ltr'>exametrum,</span> <span class='ocrx_word' id='word_1_112' title='bbox 1071 2112 1170 2160; x_wconf 84' lang='lat' dir='ltr'>omero,</span> 
     </span>
     <span class='ocr_line' id='line_1_16' title="bbox 68 2169 1170 2249; baseline 0.002 -21"><span class='ocrx_word' id='word_1_113' title='bbox 68 2169 176 2249; x_wconf 83' lang='lat' dir='ltr'>potuit,</span> <span class='ocrx_word' id='word_1_114' title='bbox 203 2182 236 2227; x_wconf 90' lang='lat' dir='ltr'>ut</span> <span class='ocrx_word' id='word_1_115' title='bbox 257 2169 422 2229; x_wconf 81' lang='lat' dir='ltr'>rotabulum</span> <span class='ocrx_word' id='word_1_116' title='bbox 438 2170 599 2226; x_wconf 79' lang='lat' dir='ltr'>rubdutinc·</span> <span class='ocrx_word' id='word_1_117' title='bbox 642 2173 887 2246; x_wconf 76' lang='lat' dir='ltr'>endecasyllabum,</span> <span class='ocrx_word' id='word_1_118' title='bbox 912 2177 1041 2238; x_wconf 83' lang='lat' dir='ltr'>oratiam,</span> <span class='ocrx_word' id='word_1_119' title='bbox 1071 2178 1170 2238; x_wconf 70' lang='lat' dir='ltr'>mairo,</span> 
     </span>
     <span class='ocr_line' id='line_1_17' title="bbox 69 2248 1169 2324; baseline 0.001 -15"><span class='ocrx_word' id='word_1_120' title='bbox 69 2256 172 2309; x_wconf 65' lang='lat' dir='ltr'>nonem</span> <span class='ocrx_word' id='word_1_121' title='bbox 193 2251 222 2307; x_wconf 91' lang='lat' dir='ltr'>in</span> <span class='ocrx_word' id='word_1_122' title='bbox 245 2250 317 2310; x_wconf 88' lang='lat' dir='ltr'>libro</span> <span class='ocrx_word' id='word_1_123' title='bbox 343 2251 431 2308; x_wconf 86' lang='lat' dir='ltr'>Paris.</span> <span class='ocrx_word' id='word_1_124' title='bbox 453 2248 596 2306; x_wconf 88' lang='lat' dir='ltr'>omittere-</span> <span class='ocrx_word' id='word_1_125' title='bbox 639 2259 828 2324; x_wconf 85' lang='lat' dir='ltr'>eptumetrum,</span> <span class='ocrx_word' id='word_1_126' title='bbox 850 2255 957 2322; x_wconf 79' lang='lat' dir='ltr'>corinti,</span> <span class='ocrx_word' id='word_1_127' title='bbox 981 2257 1085 2320; x_wconf 67' lang='lat' dir='ltr'>trucem,</span> <span class='ocrx_word' id='word_1_128' title='bbox 1111 2261 1169 2310; x_wconf 79' lang='lat' dir='ltr'>tro·</span> 
     </span>
     <span class='ocr_line' id='line_1_18' title="bbox 67 2331 1049 2408; baseline 0 -20"><span class='ocrx_word' id='word_1_129' title='bbox 67 2345 125 2390; x_wconf 88' lang='lat' dir='ltr'>tur.</span> <span class='ocrx_word' id='word_1_130' title='bbox 147 2331 265 2389; x_wconf 85' lang='lat' dir='ltr'><strong>HEUS.</strong></span> <span class='ocrx_word' id='word_1_131' title='bbox 641 2349 687 2388; x_wconf 83' lang='lat' dir='ltr'>ceo</span> <span class='ocrx_word' id='word_1_132' title='bbox 701 2333 905 2408; x_wconf 86' lang='lat' dir='ltr'>scriptaerant.</span> <span class='ocrx_word' id='word_1_133' title='bbox 929 2333 1049 2390; x_wconf 86' lang='lat' dir='ltr'>HEUS.</span> 
     </span>
     <span class='ocr_line' id='line_1_19' title="bbox 113 2406 1169 2486; baseline 0.002 -19"><span class='ocrx_word' id='word_1_134' title='bbox 113 2409 259 2486; x_wconf 73' lang='lat' dir='ltr'>&#39;OrpbeoJ</span> <span class='ocrx_word' id='word_1_135' title='bbox 274 2407 412 2468; x_wconf 83' lang='lat' dir='ltr'>Similiter</span> <span class='ocrx_word' id='word_1_136' title='bbox 419 2406 597 2467; x_wconf 83' lang='lat' dir='ltr'>Mar.Victo·</span> <span class='ocrx_word' id='word_1_137' title='bbox 680 2414 799 2467; x_wconf 67' lang='lat' dir='ltr'>smne</span> <span class='ocrx_word' id='word_1_138' title='bbox 817 2414 970 2486; x_wconf 84' lang='lat' dir='ltr'>uirumque]</span> <span class='ocrx_word' id='word_1_139' title='bbox 996 2412 1169 2470; x_wconf 81' lang='lat' dir='ltr'>Grammati-</span> 
     </span>
     <span class='ocr_line' id='line_1_20' title="bbox 72 2489 1169 2566; baseline 0.001 -18"><span class='ocrx_word' id='word_1_140' title='bbox 72 2491 151 2549; x_wconf 87' lang='lat' dir='ltr'>rinus</span> <span class='ocrx_word' id='word_1_141' title='bbox 177 2493 240 2548; x_wconf 85' lang='lat' dir='ltr'>Art.</span> <span class='ocrx_word' id='word_1_142' title='bbox 269 2491 390 2547; x_wconf 83' lang='lat' dir='ltr'>Grumm.</span> <span class='ocrx_word' id='word_1_143' title='bbox 417 2491 439 2546; x_wconf 94' lang='lat' dir='ltr'>l.</span> <span class='ocrx_word' id='word_1_144' title='bbox 469 2509 495 2566; x_wconf 84' lang='lat' dir='ltr'>p.</span> <span class='ocrx_word' id='word_1_145' title='bbox 513 2505 600 2564; x_wconf 84' lang='lat'><strong>2494.</strong></span> <span class='ocrx_word' id='word_1_146' title='bbox 641 2507 692 2546; x_wconf 88' lang='lat' dir='ltr'>cus</span> <span class='ocrx_word' id='word_1_147' title='bbox 713 2489 813 2566; x_wconf 83' lang='lat' dir='ltr'>aliquis</span> <span class='ocrx_word' id='word_1_148' title='bbox 833 2491 863 2546; x_wconf 91' lang='lat' dir='ltr'>in</span> <span class='ocrx_word' id='word_1_149' title='bbox 885 2491 1018 2548; x_wconf 88' lang='lat' dir='ltr'>omnibus</span> <span class='ocrx_word' id='word_1_150' title='bbox 1034 2493 1169 2560; x_wconf 84' lang='lat' dir='ltr'>versibus,</span> 
     </span>
     <span class='ocr_line' id='line_1_21' title="bbox 75 2569 1169 2646; baseline -0.001 -16"><span class='ocrx_word' id='word_1_151' title='bbox 75 2572 141 2630; x_wconf 81' lang='lat' dir='ltr'>Hoc</span> <span class='ocrx_word' id='word_1_152' title='bbox 153 2573 264 2646; x_wconf 80' lang='lat' dir='ltr'>quidam</span> <span class='ocrx_word' id='word_1_153' title='bbox 278 2591 296 2627; x_wconf 93' lang='lat' dir='ltr'>a</span> <span class='ocrx_word' id='word_1_154' title='bbox 309 2571 390 2637; x_wconf 81' lang='lat' dir='ltr'>Lina,</span> <span class='ocrx_word' id='word_1_155' title='bbox 401 2571 536 2644; x_wconf 74' lang='lat' dir='ltr'>Apollinis</span> <span class='ocrx_word' id='word_1_156' title='bbox 549 2587 600 2624; x_wconf 84' lang='lat' dir='ltr'>un·</span> <span class='ocrx_word' id='word_1_157' title='bbox 641 2589 712 2646; x_wconf 84' lang='lat' dir='ltr'>quos</span> <span class='ocrx_word' id='word_1_158' title='bbox 725 2569 890 2627; x_wconf 84' lang='lat' dir='ltr'>Theodorus</span> <span class='ocrx_word' id='word_1_159' title='bbox 906 2585 1058 2628; x_wconf 85' lang='lat' dir='ltr'>metrorum</span> <span class='ocrx_word' id='word_1_160' title='bbox 1076 2591 1169 2630; x_wconf 87' lang='lat' dir='ltr'>exem·</span> 
     </span>
     <span class='ocr_line' id='line_1_22' title="bbox 74 2649 1169 2729; baseline -0.001 -20"><span class='ocrx_word' id='word_1_161' title='bbox 74 2654 168 2719; x_wconf 68' lang='lat' dir='ltr'>ticine.</span> <span class='ocrx_word' id='word_1_162' title='bbox 182 2653 233 2708; x_wconf 84' lang='lat' dir='ltr'>alii</span> <span class='ocrx_word' id='word_1_163' title='bbox 245 2652 280 2708; x_wconf 89' lang='lat' dir='ltr'>ab</span> <span class='ocrx_word' id='word_1_164' title='bbox 296 2651 412 2726; x_wconf 73' lang='lat' dir='ltr'>orpheo,</span> <span class='ocrx_word' id='word_1_165' title='bbox 428 2651 552 2706; x_wconf 79' lang='lat' dir='ltr'>nonnulli</span> <span class='ocrx_word' id='word_1_166' title='bbox 566 2650 601 2706; x_wconf 89' lang='lat' dir='ltr'>ab</span> <span class='ocrx_word' id='word_1_167' title='bbox 642 2649 689 2728; x_wconf 89' lang='lat' dir='ltr'>plu</span> <span class='ocrx_word' id='word_1_168' title='bbox 701 2649 825 2719; x_wconf 85' lang='lat' dir='ltr'>dederat,</span> <span class='ocrx_word' id='word_1_169' title='bbox 840 2649 967 2729; x_wconf 84' lang='lat' dir='ltr'>singulos</span> <span class='ocrx_word' id='word_1_170' title='bbox 982 2651 1068 2728; x_wconf 87' lang='lat' dir='ltr'>pedes</span> <span class='ocrx_word' id='word_1_171' title='bbox 1082 2651 1169 2708; x_wconf 89' lang='lat' dir='ltr'>inter-</span> 
     </span>
     <span class='ocr_line' id='line_1_23' title="bbox 77 2729 1169 2809; baseline -0.001 -19"><span class='ocrx_word' id='word_1_172' title='bbox 77 2735 196 2790; x_wconf 86' lang='lat' dir='ltr'>Homero</span> <span class='ocrx_word' id='word_1_173' title='bbox 209 2734 346 2788; x_wconf 80' lang='lat' dir='ltr'>inuentum</span> <span class='ocrx_word' id='word_1_174' title='bbox 358 2737 468 2805; x_wconf 82' lang='lat' dir='ltr'>putant.</span> <span class='ocrx_word' id='word_1_175' title='bbox 494 2729 599 2786; x_wconf 85' lang='lat' dir='ltr'>Linum</span> <span class='ocrx_word' id='word_1_176' title='bbox 642 2729 743 2806; x_wconf 84' lang='lat' dir='ltr'>positis</span> <span class='ocrx_word' id='word_1_177' title='bbox 758 2731 870 2807; x_wconf 88' lang='lat' dir='ltr'>punctis</span> <span class='ocrx_word' id='word_1_178' title='bbox 886 2736 1053 2809; x_wconf 84' lang='lat' dir='ltr'>sejunxerat.</span> <span class='ocrx_word' id='word_1_179' title='bbox 1098 2731 1169 2789; x_wconf 87' lang='lat' dir='ltr'>lnde</span> 
     </span>
     <span class='ocr_line' id='line_1_24' title="bbox 76 2810 1168 2968; baseline 0 -19"><span class='ocrx_word' id='word_1_180' title='bbox 74 2815 374 2950; x_wconf 53' lang='lat' dir='ltr'>:trutttllt&#39;</span> <span class='ocrx_word' id='word_1_181' title='bbox 389 2821 599 2968; x_wconf 59' lang='lat' dir='ltr'>“trttgtt</span> <span class='ocrx_word' id='word_1_182' title='bbox 641 2810 1168 2968; x_wconf 52' lang='lat' dir='ltr'>tamtan”tetmaris</span> 
     </span>
     <span class='ocr_line' id='line_1_25' title="bbox 79 2971 1169 3047; baseline -0.001 -17"><span class='ocrx_word' id='word_1_183' title='bbox 79 2971 294 3030; x_wconf 80' lang='lat' dir='ltr'><strong>RUHNKEN.</strong></span> <span class='ocrx_word' id='word_1_184' title='bbox 641 2981 749 3047; x_wconf 83' lang='lat' dir='ltr'>guntur</span> <span class='ocrx_word' id='word_1_185' title='bbox 762 2971 817 3028; x_wconf 85' lang='lat' dir='ltr'>ista</span> <span class='ocrx_word' id='word_1_186' title='bbox 831 2973 932 3030; x_wconf 80' lang='lat' dir='ltr'>verba:</span> <span class='ocrx_word' id='word_1_187' title='bbox 953 2974 1001 3030; x_wconf 87' lang='lat' dir='ltr'>De</span> <span class='ocrx_word' id='word_1_188' title='bbox 1014 2979 1169 3029; x_wconf 82' lang='lat' dir='ltr'>atramento</span> 
     </span>
     <span class='ocr_line' id='line_1_26' title="bbox 118 3049 1169 3127; baseline 0 -17"><span class='ocrx_word' id='word_1_189' title='bbox 118 3061 131 3090; x_wconf 84' lang='lat'>¹</span> <span class='ocrx_word' id='word_1_190' title='bbox 146 3053 286 3127; x_wconf 76' lang='lat' dir='ltr'>Peninus]</span> <span class='ocrx_word' id='word_1_191' title='bbox 304 3050 467 3111; x_wconf 79' lang='lat' dir='ltr'>Temeraria</span> <span class='ocrx_word' id='word_1_192' title='bbox 487 3049 600 3125; x_wconf 86' lang='lat' dir='ltr'>conjec·</span> <span class='ocrx_word' id='word_1_193' title='bbox 641 3055 755 3120; x_wconf 73' lang='lat' dir='ltr'>noenu,</span> <span class='ocrx_word' id='word_1_194' title='bbox 770 3053 864 3118; x_wconf 78' lang='lat' dir='ltr'>lector,</span> <span class='ocrx_word' id='word_1_195' title='bbox 880 3071 933 3109; x_wconf 89' lang='lat' dir='ltr'>non</span> <span class='ocrx_word' id='word_1_196' title='bbox 948 3071 1031 3109; x_wconf 78' lang='lat' dir='ltr'>causa</span> <span class='ocrx_word' id='word_1_197' title='bbox 1045 3071 1169 3110; x_wconf 83' lang='lat' dir='ltr'>senmum</span> 
     </span>
     <span class='ocr_line' id='line_1_27' title="bbox 80 3132 1169 3210; baseline -0.004 -18"><span class='ocrx_word' id='word_1_198' title='bbox 80 3145 141 3192; x_wconf 84' lang='lat' dir='ltr'>tura</span> <span class='ocrx_word' id='word_1_199' title='bbox 166 3133 195 3191; x_wconf 92' lang='lat' dir='ltr'>in</span> <span class='ocrx_word' id='word_1_200' title='bbox 224 3135 353 3190; x_wconf 81' lang='lat' dir='ltr'>Perseum</span> <span class='ocrx_word' id='word_1_201' title='bbox 384 3132 599 3210; x_wconf 83' lang='lat' dir='ltr'>grammaticum</span> <span class='ocrx_word' id='word_1_202' title='bbox 637 3139 754 3208; x_wconf 80' lang='lat' dir='ltr'>punctos</span> <span class='ocrx_word' id='word_1_203' title='bbox 774 3135 920 3200; x_wconf 69' lang='lat' dir='ltr'>aduaticos,</span> <span class='ocrx_word' id='word_1_204' title='bbox 935 3135 983 3190; x_wconf 82' lang='lat' dir='ltr'>aad</span> <span class='ocrx_word' id='word_1_205' title='bbox 999 3135 1100 3207; x_wconf 85' lang='lat' dir='ltr'>pedum</span> <span class='ocrx_word' id='word_1_206' title='bbox 1120 3135 1169 3190; x_wconf 87' lang='lat' dir='ltr'>de·</span> 
     </span>
     <span class='ocr_line' id='line_1_28' title="bbox 81 3211 1168 3288; baseline -0.002 -18"><span class='ocrx_word' id='word_1_207' title='bbox 81 3211 244 3272; x_wconf 85' lang='lat' dir='ltr'>incideram:</span> <span class='ocrx_word' id='word_1_208' title='bbox 288 3213 337 3270; x_wconf 87' lang='lat' dir='ltr'>sed</span> <span class='ocrx_word' id='word_1_209' title='bbox 366 3213 402 3269; x_wconf 89' lang='lat' dir='ltr'>ab</span> <span class='ocrx_word' id='word_1_210' title='bbox 429 3211 600 3269; x_wconf 84' lang='lat' dir='ltr'>amicissimo</span> <span class='ocrx_word' id='word_1_211' title='bbox 640 3215 819 3288; x_wconf 57' lang='lat' dir='ltr'>medonem</span> <span class='ocrx_word' id='word_1_212' title='bbox 848 3216 986 3270; x_wconf 80' lang='lat' dir='ltr'>lustratos.</span> <span class='ocrx_word' id='word_1_213' title='bbox 1037 3213 1110 3270; x_wconf 82' lang='lat' dir='ltr'>Haec</span> <span class='ocrx_word' id='word_1_214' title='bbox 1139 3213 1168 3268; x_wconf 91' lang='lat' dir='ltr'>in</span> 
     </span>
     <span class='ocr_line' id='line_1_29' title="bbox 83 3291 1170 3371; baseline -0.001 -20"><span class='ocrx_word' id='word_1_215' title='bbox 83 3294 149 3351; x_wconf 82' lang='lat' dir='ltr'>milti</span> <span class='ocrx_word' id='word_1_216' title='bbox 170 3291 340 3351; x_wconf 82' lang='lat' dir='ltr'>lluhnltenio</span> <span class='ocrx_word' id='word_1_217' title='bbox 363 3292 527 3350; x_wconf 83' lang='lat' dir='ltr'>admonitus</span> <span class='ocrx_word' id='word_1_218' title='bbox 551 3311 600 3370; x_wconf 75' lang='lat' dir='ltr'>ag·</span> <span class='ocrx_word' id='word_1_219' title='bbox 642 3292 728 3350; x_wconf 89' lang='lat' dir='ltr'>Paris.</span> <span class='ocrx_word' id='word_1_220' title='bbox 763 3295 803 3350; x_wconf 84' lang='lat' dir='ltr'>ite</span> <span class='ocrx_word' id='word_1_221' title='bbox 830 3305 1077 3371; x_wconf 73' lang='lat' dir='ltr'>concepta&#39;sunt:</span> <span class='ocrx_word' id='word_1_222' title='bbox 1123 3293 1170 3350; x_wconf 89' lang='lat' dir='ltr'>De</span> 
     </span>
     <span class='ocr_line' id='line_1_30' title="bbox 84 3372 1169 3449; baseline 0 -19"><span class='ocrx_word' id='word_1_223' title='bbox 84 3393 164 3431; x_wconf 87' lang='lat' dir='ltr'>nosco</span> <span class='ocrx_word' id='word_1_224' title='bbox 184 3375 336 3442; x_wconf 81' lang='lat' dir='ltr'>Perrinum,</span> <span class='ocrx_word' id='word_1_225' title='bbox 357 3372 522 3449; x_wconf 88' lang='lat' dir='ltr'>scriptorem</span> <span class='ocrx_word' id='word_1_226' title='bbox 542 3373 599 3429; x_wconf 88' lang='lat' dir='ltr'>Or·</span> <span class='ocrx_word' id='word_1_227' title='bbox 641 3381 811 3431; x_wconf 81' lang='lat' dir='ltr'>atramentro</span> <span class='ocrx_word' id='word_1_228' title='bbox 825 3377 938 3442; x_wconf 79' lang='lat' dir='ltr'>noceria,</span> <span class='ocrx_word' id='word_1_229' title='bbox 955 3375 1049 3441; x_wconf 77' lang='lat' dir='ltr'>laetor,</span> <span class='ocrx_word' id='word_1_230' title='bbox 1063 3377 1092 3430; x_wconf 83' lang='lat' dir='ltr'>in</span> <span class='ocrx_word' id='word_1_231' title='bbox 1109 3392 1169 3430; x_wconf 88' lang='lat' dir='ltr'>oer-</span> 
     </span>
     <span class='ocr_line' id='line_1_31' title="bbox 84 3452 1168 3532; baseline -0.001 -21"><span class='ocrx_word' id='word_1_232' title='bbox 84 3453 200 3532; x_wconf 88' lang='lat' dir='ltr'>phicum.</span> <span class='ocrx_word' id='word_1_233' title='bbox 223 3454 315 3531; x_wconf 77' lang='lat' dir='ltr'>Hujus</span> <span class='ocrx_word' id='word_1_234' title='bbox 330 3452 496 3510; x_wconf 88' lang='lat' dir='ltr'>memoriam</span> <span class='ocrx_word' id='word_1_235' title='bbox 512 3470 601 3531; x_wconf 87' lang='lat' dir='ltr'>prope</span> <span class='ocrx_word' id='word_1_236' title='bbox 641 3455 713 3510; x_wconf 80' lang='lat' dir='ltr'>n&#39;bus</span> <span class='ocrx_word' id='word_1_237' title='bbox 740 3463 850 3511; x_wconf 78' lang='lat' dir='ltr'>cunetae</span> <span class='ocrx_word' id='word_1_238' title='bbox 876 3473 931 3512; x_wconf 91' lang='lat' dir='ltr'>non</span> <span class='ocrx_word' id='word_1_239' title='bbox 958 3473 1041 3512; x_wconf 80' lang='lat' dir='ltr'>causa</span> <span class='ocrx_word' id='word_1_240' title='bbox 1067 3473 1168 3520; x_wconf 80' lang='lat' dir='ltr'>sensus,</span> 
     </span>
     <span class='ocr_line' id='line_1_32' title="bbox 84 3531 1168 3610; baseline 0.002 -20"><span class='ocrx_word' id='word_1_241' title='bbox 84 3533 242 3592; x_wconf 79' lang='lat' dir='ltr'>exstinctam</span> <span class='ocrx_word' id='word_1_242' title='bbox 264 3534 407 3591; x_wconf 85' lang='lat' dir='ltr'>renovavit</span> <span class='ocrx_word' id='word_1_243' title='bbox 429 3531 458 3590; x_wconf 92' lang='lat' dir='ltr'>in</span> <span class='ocrx_word' id='word_1_244' title='bbox 480 3531 600 3591; x_wconf 83' lang='lat' dir='ltr'>adnota-</span> <span class='ocrx_word' id='word_1_245' title='bbox 641 3536 688 3590; x_wconf 85' lang='lat' dir='ltr'>sed</span> <span class='ocrx_word' id='word_1_246' title='bbox 700 3537 856 3602; x_wconf 80' lang='lat' dir='ltr'>scaneinnir,</span> <span class='ocrx_word' id='word_1_247' title='bbox 871 3555 925 3592; x_wconf 80' lang='lat' dir='ltr'>esee</span> <span class='ocrx_word' id='word_1_248' title='bbox 943 3537 1055 3610; x_wconf 77' lang='lat' dir='ltr'>positos.</span> <span class='ocrx_word' id='word_1_249' title='bbox 1099 3535 1168 3592; x_wconf 86' lang='lat' dir='ltr'>Bar·</span> 
     </span>
     <span class='ocr_line' id='line_1_33' title="bbox 86 3613 1167 3694; baseline 0 -22"><span class='ocrx_word' id='word_1_250' title='bbox 86 3615 158 3672; x_wconf 90' lang='lat' dir='ltr'>tione</span> <span class='ocrx_word' id='word_1_251' title='bbox 181 3614 215 3672; x_wconf 83' lang='lat' dir='ltr'>ad</span> <span class='ocrx_word' id='word_1_252' title='bbox 245 3613 391 3672; x_wconf 89' lang='lat' dir='ltr'>Pollucem</span> <span class='ocrx_word' id='word_1_253' title='bbox 420 3613 476 3672; x_wconf 88' lang='lat' dir='ltr'>1x.</span> <span class='ocrx_word' id='word_1_254' title='bbox 494 3631 543 3690; x_wconf 84' lang='lat'>93.</span> <span class='ocrx_word' id='word_1_255' title='bbox 572 3633 600 3692; x_wconf 88' lang='lat' dir='ltr'>p.</span> <span class='ocrx_word' id='word_1_256' title='bbox 642 3613 840 3673; x_wconf 87' lang='lat' dir='ltr'>barihominis</span> <span class='ocrx_word' id='word_1_257' title='bbox 861 3629 943 3694; x_wconf 88' lang='lat' dir='ltr'>turpe</span> <span class='ocrx_word' id='word_1_258' title='bbox 961 3629 1167 3681; x_wconf 78' lang='lat' dir='ltr'>conamentum,</span> 
     </span>
     <span class='ocr_line' id='line_1_34' title="bbox 91 3693 1168 3773; baseline 0 -22"><span class='ocrx_word' id='word_1_259' title='bbox 91 3694 167 3768; x_wconf 83' lang='lat'>1076.</span> <span class='ocrx_word' id='word_1_260' title='bbox 201 3693 266 3752; x_wconf 83' lang='lat' dir='ltr'>Tib.</span> <span class='ocrx_word' id='word_1_261' title='bbox 292 3693 533 3761; x_wconf 83' lang='lat' dir='ltr'>llamsterhusius,</span> <span class='ocrx_word' id='word_1_262' title='bbox 555 3693 600 3751; x_wconf 90' lang='lat' dir='ltr'>cui</span> <span class='ocrx_word' id='word_1_263' title='bbox 643 3714 679 3753; x_wconf 91' lang='lat' dir='ltr'>ne</span> <span class='ocrx_word' id='word_1_264' title='bbox 714 3715 812 3773; x_wconf 88' lang='lat' dir='ltr'>puram</span> <span class='ocrx_word' id='word_1_265' title='bbox 840 3695 984 3755; x_wconf 84' lang='lat' dir='ltr'>Tbeodori</span> <span class='ocrx_word' id='word_1_266' title='bbox 1014 3696 1168 3754; x_wconf 90' lang='lat' dir='ltr'>dictionem</span> 
     </span>
     <span class='ocr_line' id='line_1_35' title="bbox 89 3773 1168 3854; baseline -0.002 -22"><span class='ocrx_word' id='word_1_267' title='bbox 89 3775 140 3833; x_wconf 88' lang='lat' dir='ltr'>riro</span> <span class='ocrx_word' id='word_1_268' title='bbox 160 3787 186 3832; x_wconf 80' lang='lat' dir='ltr'>et</span> <span class='ocrx_word' id='word_1_269' title='bbox 205 3773 287 3832; x_wconf 79' lang='lat' dir='ltr'>annis</span> <span class='ocrx_word' id='word_1_270' title='bbox 307 3785 337 3832; x_wconf 85' lang='lat' dir='ltr'>et</span> <span class='ocrx_word' id='word_1_271' title='bbox 358 3773 465 3832; x_wconf 89' lang='lat' dir='ltr'>meritis</span> <span class='ocrx_word' id='word_1_272' title='bbox 486 3791 599 3832; x_wconf 85' lang='lat' dir='ltr'>venera·</span> <span class='ocrx_word' id='word_1_273' title='bbox 642 3775 774 3854; x_wconf 82' lang='lat' dir='ltr'>contagio</span> <span class='ocrx_word' id='word_1_274' title='bbox 789 3775 936 3854; x_wconf 86' lang='lat' dir='ltr'>pollueret,</span> <span class='ocrx_word' id='word_1_275' title='bbox 949 3777 1027 3833; x_wconf 87' lang='lat' dir='ltr'>uncis</span> <span class='ocrx_word' id='word_1_276' title='bbox 1038 3781 1098 3852; x_wconf 83' lang='lat' dir='ltr'>jem</span> <span class='ocrx_word' id='word_1_277' title='bbox 1111 3773 1168 3851; x_wconf 88' lang='lat' dir='ltr'>pri·</span> 
     </span>
     <span class='ocr_line' id='line_1_36' title="bbox 88 3851 1168 3934; baseline 0 -22"><span class='ocrx_word' id='word_1_278' title='bbox 88 3854 132 3912; x_wconf 92' lang='lat' dir='ltr'>bili</span> <span class='ocrx_word' id='word_1_279' title='bbox 145 3867 280 3934; x_wconf 85' lang='lat' dir='ltr'>optemus,</span> <span class='ocrx_word' id='word_1_280' title='bbox 293 3867 323 3911; x_wconf 93' lang='lat' dir='ltr'>ut</span> <span class='ocrx_word' id='word_1_281' title='bbox 337 3853 446 3932; x_wconf 86' lang='lat' dir='ltr'>placida</span> <span class='ocrx_word' id='word_1_282' title='bbox 460 3866 545 3932; x_wconf 85' lang='lat' dir='ltr'>atque</span> <span class='ocrx_word' id='word_1_283' title='bbox 558 3851 600 3910; x_wconf 90' lang='lat' dir='ltr'>hi·</span> <span class='ocrx_word' id='word_1_284' title='bbox 643 3856 707 3913; x_wconf 87' lang='lat' dir='ltr'>dem</span> <span class='ocrx_word' id='word_1_285' title='bbox 729 3855 898 3914; x_wconf 78' lang='lat' dir='ltr'>incluserant</span> <span class='ocrx_word' id='word_1_286' title='bbox 912 3877 919 3912; x_wconf 79' lang='lat' dir='ltr'><em>z</em></span> <span class='ocrx_word' id='word_1_287' title='bbox 943 3873 1019 3911; x_wconf 90' lang='lat' dir='ltr'>nunc</span> <span class='ocrx_word' id='word_1_288' title='bbox 1033 3873 1106 3921; x_wconf 85' lang='lat' dir='ltr'>vero,</span> <span class='ocrx_word' id='word_1_289' title='bbox 1121 3872 1168 3912; x_wconf 88' lang='lat' dir='ltr'>ac·</span> 
     </span>
     <span class='ocr_line' id='line_1_37' title="bbox 89 3932 1167 4010; baseline -0.002 -16"><span class='ocrx_word' id='word_1_290' title='bbox 89 3933 280 3994; x_wconf 79' lang='lat' dir='ltr'>larinenectute</span> <span class='ocrx_word' id='word_1_291' title='bbox 295 3935 460 4010; x_wconf 82' lang='lat' dir='ltr'>perfruatur.</span> <span class='ocrx_word' id='word_1_292' title='bbox 483 3933 601 3992; x_wconf 74' lang='lat' dir='ltr'>Heus,</span> <span class='ocrx_word' id='word_1_293' title='bbox 642 3935 762 3994; x_wconf 90' lang='lat' dir='ltr'>cedente</span> <span class='ocrx_word' id='word_1_294' title='bbox 777 3936 864 3995; x_wconf 89' lang='lat' dir='ltr'>celeb.</span> <span class='ocrx_word' id='word_1_295' title='bbox 880 3932 1044 3994; x_wconf 88' lang='lat' dir='ltr'>Ruhnkeaii</span> <span class='ocrx_word' id='word_1_296' title='bbox 1069 3945 1167 3992; x_wconf 87' lang='lat' dir='ltr'>aucto·</span> 
     </span>
     <span class='ocr_line' id='line_1_38' title="bbox 126 4013 1166 4092; baseline 0 -20"><span class='ocrx_word' id='word_1_297' title='bbox 126 4019 200 4090; x_wconf 65' lang='lat' dir='ltr'>tnui</span> <span class='ocrx_word' id='word_1_298' title='bbox 231 4013 354 4091; x_wconf 85' lang='lat' dir='ltr'>prosecta</span> <span class='ocrx_word' id='word_1_299' title='bbox 381 4033 442 4072; x_wconf 88' lang='lat' dir='ltr'>eum</span> <span class='ocrx_word' id='word_1_300' title='bbox 472 4015 597 4088; x_wconf 63' lang='lat' dir='ltr'>moun]</span> <span class='ocrx_word' id='word_1_301' title='bbox 641 4015 734 4082; x_wconf 84' lang='lat' dir='ltr'>ritate,</span> <span class='ocrx_word' id='word_1_302' title='bbox 763 4035 820 4074; x_wconf 91' lang='lat' dir='ltr'>una</span> <span class='ocrx_word' id='word_1_303' title='bbox 847 4035 912 4074; x_wconf 90' lang='lat' dir='ltr'>curn</span> <span class='ocrx_word' id='word_1_304' title='bbox 942 4015 1056 4092; x_wconf 86' lang='lat' dir='ltr'>punctis</span> <span class='ocrx_word' id='word_1_305' title='bbox 1087 4013 1166 4072; x_wconf 86' lang='lat' dir='ltr'>erasi.</span> 
     </span>
     <span class='ocr_line' id='line_1_39' title="bbox 92 4093 761 4155; baseline -0.003 -1"><span class='ocrx_word' id='word_1_306' title='bbox 92 4096 132 4154; x_wconf 82' lang='lat' dir='ltr'>Sic</span> <span class='ocrx_word' id='word_1_307' title='bbox 144 4096 285 4155; x_wconf 86' lang='lat' dir='ltr'>emendare</span> <span class='ocrx_word' id='word_1_308' title='bbox 298 4115 357 4154; x_wconf 88' lang='lat' dir='ltr'>non</span> <span class='ocrx_word' id='word_1_309' title='bbox 372 4093 498 4152; x_wconf 84' lang='lat' dir='ltr'>dubitavi</span> <span class='ocrx_word' id='word_1_310' title='bbox 509 4093 599 4152; x_wconf 84' lang='lat' dir='ltr'>mani·</span> <span class='ocrx_word' id='word_1_311' title='bbox 643 4095 761 4154; x_wconf 87' lang='lat' dir='ltr'>HEUS.</span> 
     </span>
     <span class='ocr_line' id='line_1_40' title="bbox 92 4173 1167 4254; baseline -0.003 -19"><span class='ocrx_word' id='word_1_312' title='bbox 92 4176 179 4236; x_wconf 82' lang='lat' dir='ltr'>lartum</span> <span class='ocrx_word' id='word_1_313' title='bbox 195 4195 316 4234; x_wconf 89' lang='lat' dir='ltr'>errorem</span> <span class='ocrx_word' id='word_1_314' title='bbox 338 4173 505 4254; x_wconf 88' lang='lat' dir='ltr'>scriptorum</span> <span class='ocrx_word' id='word_1_315' title='bbox 522 4175 600 4232; x_wconf 87' lang='lat' dir='ltr'>codi-</span> <span class='ocrx_word' id='word_1_316' title='bbox 683 4185 699 4218; x_wconf 81' lang='lat'>⁸</span> <span class='ocrx_word' id='word_1_317' title='bbox 723 4175 831 4252; x_wconf 77' lang='lat' dir='ltr'>recipit]</span> <span class='ocrx_word' id='word_1_318' title='bbox 856 4177 895 4232; x_wconf 83' lang='lat' dir='ltr'>Et</span> <span class='ocrx_word' id='word_1_319' title='bbox 918 4173 973 4244; x_wconf 83' lang='lat' dir='ltr'>hic&#39;,</span> <span class='ocrx_word' id='word_1_320' title='bbox 995 4186 1025 4232; x_wconf 93' lang='lat' dir='ltr'>et</span> <span class='ocrx_word' id='word_1_321' title='bbox 1045 4193 1073 4230; x_wconf 89' lang='lat' dir='ltr'>a.</span> <span class='ocrx_word' id='word_1_322' title='bbox 1094 4191 1122 4248; x_wconf 89' lang='lat'>4.</span> <span class='ocrx_word' id='word_1_323' title='bbox 1140 4191 1167 4250; x_wconf 86' lang='lat'>7.</span> 
     </span>
     <span class='ocr_line' id='line_1_41' title="bbox 93 4253 1167 4335; baseline -0.006 -19"><span class='ocrx_word' id='word_1_324' title='bbox 93 4277 156 4326; x_wconf 86' lang='lat' dir='ltr'>cum,</span> <span class='ocrx_word' id='word_1_325' title='bbox 178 4259 203 4314; x_wconf 90' lang='lat' dir='ltr'>ia</span> <span class='ocrx_word' id='word_1_326' title='bbox 224 4255 328 4335; x_wconf 86' lang='lat' dir='ltr'>quibus</span> <span class='ocrx_word' id='word_1_327' title='bbox 349 4268 393 4315; x_wconf 85' lang='lat' dir='ltr'>est</span> <span class='ocrx_word' id='word_1_328' title='bbox 413 4260 460 4332; x_wconf 84' lang='lat' dir='ltr'>qui</span> <span class='ocrx_word' id='word_1_329' title='bbox 478 4255 601 4332; x_wconf 81' lang='lat' dir='ltr'>prosecta</span> <span class='ocrx_word' id='word_1_330' title='bbox 646 4273 691 4330; x_wconf 86' lang='lat'>¹3·</span> <span class='ocrx_word' id='word_1_331' title='bbox 706 4275 767 4332; x_wconf 87' lang='lat' dir='ltr'>cap.</span> <span class='ocrx_word' id='word_1_332' title='bbox 783 4256 819 4312; x_wconf 94' lang='lat' dir='ltr'>V.</span> <span class='ocrx_word' id='word_1_333' title='bbox 835 4271 862 4332; x_wconf 86' lang='lat'>5.</span> <span class='ocrx_word' id='word_1_334' title='bbox 877 4257 906 4313; x_wconf 90' lang='lat'>6.</span> <span class='ocrx_word' id='word_1_335' title='bbox 924 4271 950 4329; x_wconf 90' lang='lat'>7.</span> <span class='ocrx_word' id='word_1_336' title='bbox 967 4256 994 4313; x_wconf 86' lang='grc'>8.</span> <span class='ocrx_word' id='word_1_337' title='bbox 1013 4272 1056 4311; x_wconf 86' lang='lat'>11.</span> <span class='ocrx_word' id='word_1_338' title='bbox 1079 4271 1123 4329; x_wconf 79' lang='lat'>13.</span> <span class='ocrx_word' id='word_1_339' title='bbox 1138 4253 1167 4311; x_wconf 90' lang='lat' dir='ltr'>in</span> 
     </span>
     <span class='ocr_line' id='line_1_42' title="bbox 93 4334 1165 4414; baseline -0.004 -20"><span class='ocrx_word' id='word_1_340' title='bbox 93 4357 236 4396; x_wconf 79' lang='lat' dir='ltr'>eumenum.</span> <span class='ocrx_word' id='word_1_341' title='bbox 278 4335 430 4414; x_wconf 77' lang='lat' dir='ltr'>Correptio</span> <span class='ocrx_word' id='word_1_342' title='bbox 449 4336 517 4395; x_wconf 89' lang='lat' dir='ltr'>inde</span> <span class='ocrx_word' id='word_1_343' title='bbox 534 4348 601 4393; x_wconf 84' lang='lat' dir='ltr'>nate</span> <span class='ocrx_word' id='word_1_344' title='bbox 642 4337 705 4394; x_wconf 87' lang='lat' dir='ltr'>MS.</span> <span class='ocrx_word' id='word_1_345' title='bbox 721 4335 844 4412; x_wconf 84' lang='lat' dir='ltr'>Guelph.</span> <span class='ocrx_word' id='word_1_346' title='bbox 860 4338 921 4393; x_wconf 86' lang='lat' dir='ltr'>sine</span> <span class='ocrx_word' id='word_1_347' title='bbox 933 4334 1070 4393; x_wconf 83' lang='lat' dir='ltr'>varietate</span> <span class='ocrx_word' id='word_1_348' title='bbox 1090 4334 1165 4412; x_wconf 85' lang='lat' dir='ltr'>lege·</span> 
     </span>
     <span class='ocr_line' id='line_1_43' title="bbox 94 4413 1167 4495; baseline -0.005 -19"><span class='ocrx_word' id='word_1_349' title='bbox 94 4431 137 4485; x_wconf 82' lang='lat' dir='ltr'>ent,</span> <span class='ocrx_word' id='word_1_350' title='bbox 157 4418 223 4495; x_wconf 86' lang='lat' dir='ltr'>quod</span> <span class='ocrx_word' id='word_1_351' title='bbox 248 4417 377 4476; x_wconf 82' lang='lat' dir='ltr'>librarius</span> <span class='ocrx_word' id='word_1_352' title='bbox 398 4417 499 4495; x_wconf 86' lang='lat' dir='ltr'>aliquis</span> <span class='ocrx_word' id='word_1_353' title='bbox 523 4435 601 4474; x_wconf 88' lang='lat' dir='ltr'>more</span> <span class='ocrx_word' id='word_1_354' title='bbox 643 4418 724 4474; x_wconf 88' lang='lat' dir='ltr'>betur</span> <span class='ocrx_word' id='word_1_355' title='bbox 738 4417 848 4490; x_wconf 81' lang='lat' dir='ltr'>recepit,</span> <span class='ocrx_word' id='word_1_356' title='bbox 862 4415 939 4494; x_wconf 89' lang='lat' dir='ltr'>quod</span> <span class='ocrx_word' id='word_1_357' title='bbox 954 4413 1059 4492; x_wconf 88' lang='lat' dir='ltr'>ubique</span> <span class='ocrx_word' id='word_1_358' title='bbox 1076 4414 1106 4470; x_wconf 91' lang='lat' dir='ltr'>in</span> <span class='ocrx_word' id='word_1_359' title='bbox 1123 4434 1167 4471; x_wconf 90' lang='lat' dir='ltr'>re·</span> 
     </span>
     <span class='ocr_line' id='line_1_44' title="bbox 93 4495 1168 4577; baseline -0.008 -21"><span class='ocrx_word' id='word_1_360' title='bbox 93 4500 131 4556; x_wconf 82' lang='lat' dir='ltr'>sui</span> <span class='ocrx_word' id='word_1_361' title='bbox 148 4498 232 4556; x_wconf 80' lang='lat' dir='ltr'>seculi</span> <span class='ocrx_word' id='word_1_362' title='bbox 252 4499 402 4577; x_wconf 81' lang='lat' dir='ltr'>scripserat</span> <span class='ocrx_word' id='word_1_363' title='bbox 421 4519 482 4557; x_wconf 88' lang='lat' dir='ltr'>cum</span> <span class='ocrx_word' id='word_1_364' title='bbox 497 4517 599 4556; x_wconf 84' lang='lat' dir='ltr'>eroum.</span> <span class='ocrx_word' id='word_1_365' title='bbox 641 4499 708 4573; x_wconf 73' lang='lat' dir='ltr'>cipit</span> <span class='ocrx_word' id='word_1_366' title='bbox 720 4495 1087 4575; x_wconf 85' lang='lat' dir='ltr'>muteri,permotusetia1n</span> <span class='ocrx_word' id='word_1_367' title='bbox 1098 4513 1168 4553; x_wconf 89' lang='lat' dir='ltr'>con.</span> 
     </span>
     <span class='ocr_line' id='line_1_45' title="bbox 97 4575 1147 4658; baseline -0.003 -21"><span class='ocrx_word' id='word_1_368' title='bbox 97 4581 134 4637; x_wconf 81' lang='lat' dir='ltr'>lta</span> <span class='ocrx_word' id='word_1_369' title='bbox 151 4578 174 4636; x_wconf 87' lang='lat' dir='ltr'>iu</span> <span class='ocrx_word' id='word_1_370' title='bbox 188 4580 250 4638; x_wconf 81' lang='lat' dir='ltr'>MS.</span> <span class='ocrx_word' id='word_1_371' title='bbox 268 4578 395 4657; x_wconf 87' lang='lat' dir='ltr'>Guelpb.</span> <span class='ocrx_word' id='word_1_372' title='bbox 417 4598 506 4656; x_wconf 88' lang='lat' dir='ltr'>quum</span> <span class='ocrx_word' id='word_1_373' title='bbox 526 4597 601 4658; x_wconf 76' lang='lat' dir='ltr'>supe</span> <span class='ocrx_word' id='word_1_374' title='bbox 642 4597 726 4638; x_wconf 83' lang='lat' dir='ltr'>seusu</span> <span class='ocrx_word' id='word_1_375' title='bbox 741 4575 804 4638; x_wconf 90' lang='lat' dir='ltr'>libri</span> <span class='ocrx_word' id='word_1_376' title='bbox 818 4575 992 4638; x_wconf 82' lang='lat' dir='ltr'>Parisieusis.</span> <span class='ocrx_word' id='word_1_377' title='bbox 1029 4575 1147 4635; x_wconf 78' lang='lat' dir='ltr'><strong>HEUS.</strong></span> 
     </span>
    </p>
   </div>
   <div class='ocr_carea' id='block_1_6' title="bbox 592 4673 643 4735">
    <p class='ocr_par' dir='ltr' id='par_1_6' title="bbox 592 4673 643 4735">
     <span class='ocr_line' id='line_1_46' title="bbox 592 4673 643 4735; baseline 0 0"><span class='ocrx_word' id='word_1_378' title='bbox 592 4673 643 4735; x_wconf 76' lang='lat' dir='ltr'>az</span> 
     </span>
    </p>
   </div>
   <div class='ocr_carea' id='block_1_7' title="bbox 829 4904 873 4911">
    <p class='ocr_par' dir='ltr' id='par_1_7' title="bbox 829 4904 873 4911">
     <span class='ocr_line' id='line_1_47' title="bbox 829 4904 873 4911; baseline 0 0"><span class='ocrx_word' id='word_1_379' title='bbox 829 4904 873 4911; x_wconf 34' lang='lat'>4.-</span> 
     </span>
    </p>
   </div>
   <div class='ocr_carea' id='block_1_8' title="bbox 0 0 1541 5134">
    <p class='ocr_par' dir='ltr' id='par_1_8' title="bbox 0 0 1541 5134">
     <span class='ocr_line' id='line_1_48' title="bbox 0 0 1541 5134; baseline 0 0"><span class='ocrx_word' id='word_1_380' title='bbox 0 0 1541 5134; x_wconf 95' lang='lat' dir='ltr'> </span> 
     </span>
    </p>
   </div>
   <div class='ocr_carea' id='block_1_9' title="bbox 1189 4972 1290 5114">
    <p class='ocr_par' dir='ltr' id='par_1_9' title="bbox 1185 4970 1290 5114">
     <span class='ocr_line' id='line_1_49' title="bbox 1189 4972 1290 5114; baseline 0 0"><span class='ocrx_word' id='word_1_381' title='bbox 1189 4972 1290 5114; x_wconf 57' lang='lat' dir='ltr'>k</span> 
     </span>
    </p>
   </div>
  </div>
 </body>
</html>
