3012 5084
151 439 234 490 cnr.
252 431 308 490 ιι.
581 415 648 488 De
661 413 835 489 Pedibus.
1203 420 1247 494 61

149 601 336 700 copulatio
360 599 456 674 basis
472 598 615 687 dieitur,
634 601 745 674 veluti
764 599 913 698 quidam
939 627 1080 699 gressus
1105 603 1253 702 pedum,

149 717 227 815 qui,
254 717 282 790 si
308 715 469 812 ejusdem
500 717 652 815 generis,
677 717 716 790 id
744 733 808 802 est,
834 745 937 816 pares
957 718 1076 818 jugati
1110 719 1253 810 fuerint,

149 831 349 932 dipodiam,
378 845 442 905 aut
470 843 513 904 ut
546 833 708 929 quidam,
744 832 1043 932 htantoposliam;
1086 836 1142 908 siu
1180 836 1253 909 diss

150 975 266 1049 pares,
292 961 335 1020 ut
364 947 545 1022 troehaeus
573 974 656 1021 cum
684 949 818 1036 iambo,
845 948 1038 1050 ¹syzygian
1069 951 1251 1026 efficiuutr

150 1067 289 1162 inqua
316 1063 403 1136 arsis
428 1089 557 1151 unum,
584 1063 735 1137 alterum
764 1064 877 1137 thesis
902 1065 1030 1164 pedem
1063 1069 1251 1146 obtinebis.

150 1181 385 1277 Quamquam
408 1179 447 1252 in
473 1177 528 1252 bis
555 1205 830 1278 nonnumquam
856 1183 994 1282 syllaba
1020 1209 1085 1282 pro
1113 1183 1252 1285 integro

150 1296 243 1396 pede
264 1297 302 1369 in
339 1295 466 1369 ultima
500 1294 677 1371 duntaxat
696 1325 829 1373 uersus
859 1313 960 1397 parte
989 1315 1136 1400 accepta
1171 1327 1253 1400 pro-

149 1413 267 1514 priam
292 1413 442 1513 impleat
465 1411 597 1486 thesin.
649 1413 766 1512 Igitur
783 1411 1002 1513 tetrasyllabi
1021 1415 1130 1513 pedes
1141 1413 1253 1492 ¹erunt
1265 1429 1297 1482 ³⁹

149 1555 277 1602 omnes
306 1528 487 1612 sedecim
531 1543 572 1602 ut
600 1529 784 1628 geminato
819 1555 969 1603 numero
995 1557 1038 1602 ea
1067 1531 1251 1606 taxatione

148 1645 367 1743 trisyllabos,
384 1643 485 1743 ¹‘qua
511 1645 563 1718 illi
584 1645 814 1744 ldisyllabos,
832 1645 1057 1719 antecedant.
1101 1647 1147 1720 ln
1171 1650 1251 1746 qui-
1264 1695 1296 1740 40

148 1763 217 1834 bus
244 1761 360 1861 spatia
385 1775 592 1860 temporum
616 1787 636 1833 a
661 1762 891 1836 tetraclirono
912 1762 956 1835 ad
980 1763 1252 1854 octachronum‚

147 1875 185 1948 id
215 1891 283 1962 est,
313 1903 333 1949 a
367 1889 575 1973 ¹¹¹¹quattuor
598 1878 828 1975 temporibus
859 1878 903 1950 ad
929 1891 1015 1951 *octo
1048 1877 1251 1977 producun-

147 2008 227 2067 tur:
254 2017 407 2091 quorum
432 1993 534 2092 origo
552 2005 568 2040 ⁰
588 1991 931 2066 proceleusmaticus
948 2019 968 2066 e
985 2011 1156 2090 quattuor
1174 1995 1251 2066 bre-

145 2111 254 2181 vibus
290 2107 501 2198 subsistens,
537 2122 579 2181 ut
610 2106 808 2193 Minatium
843 2109 992 2182 babebit
1030 2111 1248 2183 contrarium

146 2223 403 2324 Dispondoum
421 2251 444 2296 e
461 2237 631 2321 quattuor
649 2223 776 2322 longis,
794 2225 931 2298 scilicet
948 2239 989 2298 ut
1006 2224 1248 2322 compositum

145 2367 167 2412 a
195 2338 358 2439 spondeo
384 2363 517 2412 nomen
544 2338 714 2430 ostendit,
739 2339 803 2436 qui
825 2341 921 2412 solus
947 2341 985 2412 in
1011 2340 1249 2438 tetrasyllabis

145 2457 398 2542 octachronos,
424 2455 498 2528 sive
522 2469 737 2542 octasemos,
769 2455 961 2544 invenitur,
989 2454 1091 2551 cujus
1126 2480 1250 2527 exem·

146 2573 249 2671 plum
278 2585 295 2619 ⁰
310 2571 532 2660 Callicttdes,
559 2569 655 2644 haud
684 2571 771 2644 alias
801 2597 912 2668 quam
941 2571 1120 2670 spondeus
1158 2571 1250 2642 inter

144 2686 345 2784 disyllabos
372 2687 618 2760 tetracbronos
644 2699 715 2760 est.
780 2687 982 2784 esequitur·
1004 2688 1291 2784 Autispastus341

145 2805 251 2900 cujus
276 2803 395 2904 prima
422 2817 461 2876 et
486 2803 617 2877 ultima
643 2803 770 2888 brevis,
800 2801 929 2876 medius
955 2801 1036 2874 duae
1064 2803 1193 2900 longae,
1211 2801 1248 2874 irl

145 2935 211 3008 est,
240 2933 314 2993 ‘tex
338 2921 460 2992 iambo
477 2934 512 2992 et
536 2919 694 2992 trochaeo
711 2919 947 3018 compositus,
966 2932 1007 2990 ut
1019 2916 1249 3015 Aristippus.

145 3035 249 3108 Huic
275 3035 474 3109 contrarius
501 3049 557 3108 est
576 3035 817 3108 Chorismbus
843 3061 887 3108 ex
917 3035 1035 3134 longa,
1047 3049 1084 3106 et
1109 3033 1248 3109 duabus

146 3148 277 3224 mediis
290 3151 468 3238 brevibus,
480 3168 513 3223 et
533 3152 654 3250 louge,
669 3151 807 3224 scilicet
824 3175 869 3224 ex
887 3152 1065 3224 rtrochaeo
1078 3165 1114 3223 et
1128 3149 1249 3222 iambo

146 3269 349 3367 copulatus,
378 3283 420 3340 ut
448 3267 643 3366 Penelope.
708 3269 871 3351 Quorum
895 3293 1077 3341 mensura
1108 3277 1292 3340 mutatura

146 3399 288 3456 tantum
308 3383 401 3455 inter
421 3407 459 3456 se
484 3399 692 3483 temporum
710 3383 836 3456 ordine
863 3382 957 3483 apud
985 3409 1046 3455 eos
1069 3383 1246 3480 congruit.

146 3499 195 3573 At
211 3499 414 3598 cum'prior
436 3500 552 3574 brevis
577 3501 738 3598 subjecta
765 3499 882 3596 longa,
897 3525 1018 3572 rursus
1036 3499 1151 3572 brevis
1169 3498 1248 3570 lon-

146 3641 189 3714 ga
206 3615 426 3688 terminante
443 3617 685 3716 componitur,
703 3617 772 3690 erit
796 3615 1013 3689 ⁸Diiambus
1032 3641 1107 3713 pes,
1125 3613 1159 3686 id
1181 3628 1247 3703 est,

146 3758 165 3802 e
189 3731 355 3804 tduobus
386 3731 515 3804 iambis
542 3732 744 3818 “adnexum
771 3747 811 3822 ut
829 3731 1042 3805 Simonides.
1108 3727 1290 3801 Rursusss

147 3875 226 3922 cum
243 3847 506 3947 praecedentem
517 3849 691 3946 wlongam
708 3849 869 3945 sequitur
881 3847 1008 3931 brevis,
1021 3844 1245 3943 geminatum

184 4071 430 4149 ¹¹tantopodium:
453 4072 511 4148 sin]
530 4073 739 4152 tautopcdians.
756 4073 785 4131 in
800 4075 832 4134 P.
889 4071 1057 4152 layuygian]
1074 4069 1198 4148 sizyginn
1214 4072 1246 4129 P.

146 4150 242 4232 lqua]
260 4173 347 4230 quam
363 4154 394 4214 P.
475 4151 484 4196 ¹
498 4154 676 4231 dissyllabos]
693 4153 845 4232 disyllabos
860 4156 891 4212 P.
974 4165 998 4196 ¹²¹
1012 4154 1146 4230 quatuor]
1166 4164 1246 4228 quat-

147 4245 207 4291 tuor
219 4237 252 4292 Ρ.
269 4247 299 4291 ct
314 4253 390 4292 mox.
461 4245 476 4276 ¹²
492 4235 773 4314 proceleusmaticus]
791 4235 1043 4312 proceleumaticus
1058 4234 1090 4291 P.
1153 4231 1246 4288 ⁰Cal·

146 4314 263 4388 liclirles]
283 4311 445 4372 Callicudes
459 4316 492 4372 P.
594 4318 769 4394 Psequetur]
788 4317 915 4393 sequitur
928 4316 961 4374 P.
1056 4311 1195 4385 tianrbc]
1212 4331 1246 4369 ex

147 4397 237 4454 ianrbo
253 4397 286 4452 P.
384 4396 549 4470 rtrocbaeo]
566 4397 682 4454 trocheo
697 4398 727 4454 P.
744 4409 773 4454 et
788 4417 862 4455 mox.
959 4407 971 4438 ⁵
985 4394 1136 4467 diiambus]
1155 4393 1245 4449 diam·

146 4476 238 4536 busP.
325 4473 645 4550 ttluobrrs]dusbusl‘.
729 4476 1085 4551 ¹¹rannerus]adnsuusP.
1149 4472 1246 4528 l'lou-

144 4559 219 4632 gam]
236 4559 356 4634 longum
372 4557 404 4614 P.
