2970 5134
27 417 81 460 .P.
106 418 155 460 v.
453 395 620 476 Demetro
633 397 780 460 iambico.
1095 395 1160 460 546

19 563 139 628 imus
160 585 243 649 pes
260 577 444 650 anepoertue
457 579 605 651 ponetur,
619 577 643 610 w
652 578 724 650 poet
737 563 803 628 duo
815 561 922 642 iambi,
936 541 1051 627 deinde
1064 561 1158 650 tylla-

16 703 34 728 ι.
102 665 263 752 Hujus
280 663 480 751 exemplum:
1174 682 1204 717 ¹0

344 786 360 818 ¹
373 777 473 834 Tririoe
486 785 594 836 rotetur
606 780 689 852 ignir,

344 873 670 948 inrumpentem
681 877 728 932 no

346 969 498 1027 ‘Rutilum
510 978 634 1044 pererret
648 971 747 1027 orbem.

15 1081 181 1143 detrum
212 1077 394 1142 iambicum
417 1078 593 1144 trimetrum
615 1079 726 1166 recipit
747 1101 843 1166 cupre
856 1078 955 1145 dictoe
977 1080 1073 1167 pedes
1093 1104 1159 1146 orn-
1173 1107 1200 1141 tt

15 1203 78 1244 tes.
137 1179 280 1264 Hujus
294 1179 492 1268 exemplum:

427 1285 508 1349 Queri
522 1301 551 1368 or
564 1286 717 1342 nestatius.

14 1388 187 1451 Mettum
215 1385 391 1452 iambicum
418 1386 601 1452 Saturnium
622 1386 717 1454 hebet
736 1387 903 1452 iambicum
920 1386 1155 1456 btetrametrum
1173 1412 1202 1448 ιι

14 1487 189 1567 colobon,
208 1503 247 1552 et
265 1501 328 1552 tres
342 1487 504 1552 trocboeoe.
548 1488 660 1574 Hujus
673 1487 870 1584 exemplum:

263 1591 384 1649 Meruie
397 1594 470 1666 quod
483 1609 512 1648 or
525 1599 637 1649 returtoe
650 1610 730 1649 morte
743 1593 822 1650 dulce
835 1599 939 1650 commi.

21 1695 215 1758 cMetrum
249 1692 419 1758 iambicum
451 1692 707 1780 Hipponacteum
737 1692 872 1780 drecipit.
900 1691 996 1802 pedes
1024 1717 1063 1760 ex
1090 1695 1159 1782 lege
1175 1725 1203 1773 ¹3

83 1931 108 1962 v
134 1927 203 1994 port
241 1922 298 1977 duo
332 1920 427 1994 iambi]
465 1918 589 1996 Gueipb.
632 1922 676 1977 tur
704 1921 786 1978 orbis.
839 1921 972 1978 Ceterum
1008 1921 1159 1983 versiculos

43 2010 110 2075 port
123 2003 198 2058 door
213 2002 310 2067 iambi,
326 2019 359 2058 er
375 2019 432 2077 quo
449 2012 590 2058 corrector
633 2000 758 2058 Petronii
781 1999 936 2078 respexime
958 1999 1068 2059 videtur
1089 2002 1158 2060 Pro·

45 2082 163 2218 pffitps
175 2081 287 2138 fecerat
307 2089 370 2156 port
391 2084 459 2138 duee
478 2082 590 2139 iambor.
631 2099 696 2158 tper
704 2077 889 2218 Aqngtngiecpe
900 2079 928 2138 in
940 2080 1072 2218 copuntine,
1079 2081 1158 2174 pund

167 2204 174 2218 .
631 2173 759 2219 eeteu
871 2174 1158 2220 nmemetne.

95 2250 113 2284 ¹
142 2243 247 2298 Tririoe
274 2248 381 2298 rotetur
406 2239 491 2315 ignit]
521 2241 588 2298 Cer·
633 2181 840 2316 2379.pCeieri,
861 2243 945 2306 ridet,
960 2231 1055 2298 rotatu
1072 2239 1078 2320 Ι
1098 2182 1158 2298 ttri-

55 2339 125 2378 men
157 2333 203 2378 ert
232 2319 349 2386 Arbitri,
378 2321 453 2397 quod
489 2319 591 2398 legitur
627 2324 709 2396 pidet
721 2322 778 2376 dier
790 2339 891 2378 meare.
915 2321 1031 2379 HEUS.

58 2401 148 2458 etiem
158 2401 235 2477 opud
243 2400 445 2458 Terentianum
457 2420 486 2478 p.
502 2401 589 2473 2446.
671 2397 688 2443 b
712 2407 901 2456 tetrametrum
922 2401 1046 2474 eolobon]
1069 2400 1156 2458 MSS.

61 2493 92 2538 et
126 2481 202 2557 npud
237 2481 311 2538 Mur.
348 2479 526 2538 Victorinum
562 2500 589 2556 p.
632 2481 772 2554 colophon.
817 2477 929 2536 Deinde
953 2479 1077 2556 Guclph.
1093 2487 1158 2558 ¹trer

65 2560 156 2619 2601.
199 2559 241 2618 lbi
261 2578 353 2618 tereus
373 2559 422 2618 iile
441 2561 589 2637 praegredi·
631 2569 744 2618 troceur.
769 2559 886 2616 HEUS.

66 2654 130 2698 tur:
157 2642 277 2716 Triplici,
299 2643 382 2710 nider,
399 2648 431 2698 ut
449 2649 522 2706 ortu,
541 2639 590 2717 qui
670 2641 821 2698 ⁰Metrurn
838 2639 983 2696 iambicum
998 2641 1156 2714 Hipponac-

69 2719 131 2778 rine
150 2721 229 2779 ruine
247 2721 395 2780 sententie
414 2719 458 2778 vix
479 2732 590 2798 poterut
632 2721 717 2795 teum]
751 2720 796 2776 De
823 2720 878 2778 hoc
905 2717 1094 2777 Terentianus
1128 2739 1156 2796 p.

72 2801 310 2862 nbeste'HEUS.
633 2801 720 2875 243⁶·
744 2801 839 2874 AEque
862 2807 890 2856 et
917 2804 1041 2858 trimetro
1060 2797 1158 2871 jurtrit

114 2883 292 2956 tVoiurrique
307 2881 422 2938 Piurbur
432 2881 492 2954 nrt]
507 2879 589 2956 Apud
632 2883 781 2955 Hipponoo
811 2883 908 2954 pedem
938 2876 943 2959 Ι
976 2881 1158 2938 Nonitrimum

75 2961 267 3020 Terentianum
288 2973 318 3018 et
333 2959 509 3019 Victorinum
528 2959 588 3016 edi·
632 2962 844 3035 trisyllabumer
854 2963 946 3036 primo
958 2961 1040 3028 brevi,
1059 2957 1064 3038 Ι
1084 2961 1158 3016 Lon·

79 3057 124 3099 tur
138 3061 194 3099 ore.
233 3043 424 3110 Mutaverunt,
439 3039 485 3118 qui
509 3041 590 3116 igno·
629 3043 672 3115 gir
695 3043 822 3108 duobus:
852 3041 1038 3098 onerarentur
1061 3058 1158 3096 nomen
1230 3041 1232 3046 '

82 3123 182 3188 rubent,
196 3121 260 3180 teies
273 3119 408 3180 oblatione
421 3139 438 3178 n
452 3121 590 3178 veteribus
631 3130 678 3178 ert.
721 3122 775 3178 Pro
800 3121 987 3178 ontiboccbiru
1010 3121 1057 3212 bip
1077 3123 1157 3211 ⁸onti-

85 3202 299 3340 inmittit
314 3200 591 3358 diffindi
624 3200 1158 3346 bibinii‘iiii'itd}

88 3381 112 3419 c.
126 3376 168 3434 37.
180 3372 207 3418 et
218 3360 407 3438 copiosissime
421 3361 540 3418 Votuius
555 3359 591 3418 de
632 3361 733 3439 pedem
747 3361 938 3418 ontiboecbum
956 3379 973 3418 e
985 3358 1158 3418 Terentiano
1246 3405 1249 3410 ,

90 3441 188 3518 euolog.
201 3440 292 3500 libii.
307 3459 332 3499 o.
348 3457 392 3498 12.
414 3439 504 3508 Adde,
519 3459 591 3516 quos
632 3454 661 3500 et
674 3439 732 3507 bic,
747 3451 777 3498 et
790 3439 851 3497 eliis
864 3439 934 3498 locir
948 3438 1094 3517 appellari,
1109 3439 1158 3516 qni

92 3521 195 3578 iaudent
212 3520 255 3578 viri
274 3521 350 3580 docti
373 3521 409 3580 nd
427 3519 526 3578 Vellei.
541 3519 590 3578 lib.
633 3539 708 3578 nnnc
730 3519 868 3578 Boerbirtr
889 3539 954 3578 cum
978 3519 1158 3582 Quintiliano

94 3602 130 3660 11.
143 3619 164 3658 o.
178 3602 218 3674 78.
229 3613 292 3660 extr.
316 3601 438 3660 ultus,
632 3613 662 3659 et
672 3599 800 3678 pluribus
815 3612 938 3658 vocetur.
956 3599 1055 3658 Simili
1071 3599 1158 3658 modo

132 3682 262 3740 *Renum
275 3689 398 3755 perreret
413 3683 516 3754 orbern]
534 3681 590 3738 Te·
631 3679 776 3740 Ausonius
789 3679 937 3758 epiet.1V.
950 3699 1001 3756 91.
1023 3679 1157 3757 Suppbioi

98 3760 199 3820 rentitni
218 3781 245 3820 ar
266 3760 404 3820 Victorini
423 3759 591 3838 exermiierin
633 3779 727 3820 renue
747 3761 986 3820 clnurulom'ense
1002 3761 1073 3818 dicit
1086 3761 1163 3818 anet·

100 3840 227 3899 exhibent:
248 3843 383 3915 Rapidum
401 3849 524 3915 pererret
545 3860 590 3898 or·
633 3839 770 3898 bocchum.
816 3842 857 3898 Et
883 3840 943 3917 ipre
969 3837 1159 3898 Terentianus

102 3924 158 3980 bem.
184 3921 284 3980 Ovidius
298 3913 491 3998 Metamorpb.
507 3922 531 3979 1.
544 3937 590 3994 73.
633 3941 661 3997 p.
679 3938 767 3994 24¹4·
782 3919 822 3978 itn
835 3919 952 3980 definit:
978 3921 1069 3984 Quum
1090 3921 1159 3976 duor

104 4001 217 4060 anbnn
231 4000 265 4060 itt
277 4001 440 4078 loquentem
461 4001 589 4060 inducit:
634 4003 728 4075 longor
750 4009 878 4074 sequetur
898 4018 955 4057 uno
979 4001 1085 4056 brevior
1102 4000 1158 4074 rpi-

106 4113 140 4126 -
149 4081 238 4157 Rapido
248 4085 399 4140 contrariur
413 4083 510 4140 enebor
524 4083 592 4140 orbi.
635 4083 708 4148 labo,
727 4077 732 4160 Ι
752 4083 806 4138 Per
819 4083 872 4136 erit
885 4085 1014 4149 Βακχεῖος·
1037 4080 1160 4146 ἀντίβαι-

107 4161 194 4220 Ttncn
217 4161 281 4220 houd
302 4164 362 4222 ecio
386 4182 423 4220 an
445 4161 592 4240 epitheton
634 4186 676 4233 χος
692 4169 784 4218 nutem
804 4167 869 4216 tune
885 4161 946 4226 erit,
966 4155 971 4237 Ι
991 4158 1087 4232 Quum.
1100 4159 1160 4214 bre.

109 4243 188 4300 rutiiu
205 4241 256 4300 ioco
276 4241 400 4300 Petronii
423 4241 593 4301 couvenien-
635 4259 694 4300 vern
703 4243 822 4316 primam
836 4241 936 4296 iocobir
946 4245 972 4296 et
986 4241 1055 4295 dune
1066 4239 1162 4312 longor

111 4322 155 4382 tior
171 4323 208 4381 rit.
239 4323 296 4382 Nec
318 4323 437 4382 dubium
456 4335 510 4390 est,
525 4324 594 4400 quin
636 4324 707 4380 dein.
728 4320 810 4379 Adde
822 4321 962 4397 Asperum
971 4317 1115 4392 juniorem
1131 4317 1161 4374 in

112 4401 146 4460 rie
166 4401 226 4470 tolie,
250 4402 294 4462 iiie
321 4403 364 4462 bie
392 4405 468 4462 tenir
502 4401 595 4461 lucide
636 4413 695 4460 orte
719 4421 747 4478 p.
764 4415 851 4475 1727.
899 4399 972 4457 Haec
996 4396 1163 4476 ambiguitas

114 4481 325 4562 rignir,eiegtnter
345 4482 400 4544 dici
422 4496 507 4560 queat
525 4486 594 4540 ruti-
640 4484 750 4542 naute
773 4481 853 4560 pedis
877 4491 907 4538 et
928 4479 1083 4538 ontiborrbi
1105 4497 1163 4535 non

587 4585 641 4639 tn
