3082 5140
112 453 214 503 car.
232 439 266 520 7.
482 425 547 500 De
562 425 690 499 ionicis
707 425 889 500 ominari.
1157 437 1231 517 373

116 611 421 688 Anacreontiam
437 621 579 682 constat
595 609 759 682 trimetro
775 607 1005 695 *acatalectm
1022 622 1064 683 ut
1080 623 1134 684 eat
1152 611 1261 699 hoc,2

307 727 415 792 Camaa
428 727 596 812 mitificant
610 721 705 789 ¹rlona
718 723 800 811 lyrae
812 724 923 789 millia.

119 852 329 928 Alcaicam
353 863 495 925 constat
519 861 761 924 ”tetrametro
778 851 1102 950 brachycatalecto,
1119 865 1160 926 at
1179 865 1261 929 eata

122 969 218 1058 Μ’
306 1065 468 1129 aram
482 1065 599 1143 aava,
614 1063 720 1150 aym
734 1066 900 1151 quaesere,
910 1068 1032 1154 gara.

125 1189 333 1264 Alcaicam
349 1201 490 1263 constat
507 1200 715 1262 tetrametro
733 1189 939 1281 acatalecto,
955 1205 997 1264 ut
1013 1205 1069 1264 est
1085 1191 1173 1266 hoc:
1247 1228 1264 1276 4

264 1321 441 1407 Iry'mrdam
456 1322 563 1408 tetigit
575 1321 691 1408 sydera
704 1342 831 1385 carmen
846 1324 989 1410 nmagm
1003 1325 1098 1387 vatia.

327 1605 429 1686 Car.
448 1605 548 1686 VII.
596 1608 662 1690 Dc
680 1605 822 1688 lanicio
839 1633 865 1686 a
883 1606 1043 1688 minori.

188 1765 308 1839 Metra
327 1764 443 1838 ionica
465 1763 642 1838 aminare
664 1763 908 1864 principaliter
932 1761 1092 1863 gaudent
1117 1761 1236 1836 ionico

134 1907 214 1971 suo,
231 1894 291 1954 ⁰et
308 1906 386 1952 raro
404 1881 548 1955 alterius
567 1879 668 1978 pedis
685 1879 872 1979 patiantur
896 1891 1114 1953 Paccessam.
1163 1875 1234 1950 Sed

134 2020 183 2070 ex
199 1995 386 2095 aptarimis
404 2023 465 2070 aex
485 1996 566 2070 usai
584 1994 755 2068 tradenda
773 1995 919 2093 subjeci.

187 2109 489 2186 ttllmocratiam
514 2124 656 2185 constat
684 2109 839 2184 dimetro
864 2111 1084 2202 catalectico,
1110 2125 1153 2184 ut
1181 2122 1261 2183 est1

136 2226 219 2317 hoc,

395 2325 483 2390 Iloaa
498 2326 598 2390 ‘veria
612 2326 774 2412 aperimm.

135 2442 452 2558 “Anacreontiam
470 2455 610 2517 constat
622 2442 777 2516 dimetro
791 2443 998 2531 acatalecto,
1015 2453 1057 2514 ut
1073 2453 1128 2514 est
1146 2441 1226 2528 hoc,
1250 2477 1263 2512 ι

394 2559 578 2645 'Sapienter
592 2579 682 2622 amor
695 2557 770 2622 adit.

136 2683 377 2783 ‘Sapphicam
394 2699 536 2760 constat
553 2685 715 2758 trimetro
734 2683 953 2770 catalectico,
971 2697 1013 2757 ut
1030 2699 1084 2758 est
1102 2684 1182 2776 hoc,
1248 2711 1264 2760 a
1298 2771 1299 2776 ,

310 2817 417 2904 Frage,
432 2815 631 2904 virgoffiige
644 2837 761 2880 manaa
781 2817 917 2880 Veneria.

139 2945 361 3042 Supplicem
378 2959 519 3018 coortat
535 2944 699 3017 trimetro
714 2945 947 3034 ”acatalectm
963 2957 1005 3017 ut
1021 2958 1075 3018 est
1094 2944 1175 3034 hoc,
1249 2973 1266 3020 4

310 3063 413 3128 Sonat
425 3062 492 3126 alta
507 3063 693 3148 tralefiaaa
707 3063 765 3127 tibi
779 3061 885 3126 aldae.

136 3185 422 3288 'Playaiclriam
452 3201 593 3262 constat
626 3201 834 3262 tetrametro
863 3187 1083 3277 catalectico,
1112 3200 1154 3260 ut
1182 3202 1263 3260 ests

139 3302 220 3393 hoc,
273 3403 349 3468 Tibi
363 3404 553 3489 'vmirfiro
567 3403 695 3482 doniam
710 3403 779 3467 cola
792 3401 876 3489 qaod
888 3400 967 3465 daal
986 3403 1105 3466 Veneri.

179 3652 196 3697 ¹¹
210 3655 375 3729 acatalecto]
390 3657 550 3714 catalectico
563 3655 678 3714 Potach.
782 3651 792 3698 ¹
806 3657 878 3712 aona
893 3658 959 3730 iyroe
972 3657 1073 3730 dalea]
1091 3657 1163 3714 doira
1177 3659 1237 3732 lyci

140 3735 257 3794 Patsclr.
273 3737 346 3792 daria
360 3738 406 3792 liei
419 3737 455 3793 B.
470 3739 543 3793 alona
557 3738 623 3812 lyra
635 3736 680 3794 M.
774 3745 798 3778 ¹¹¹
813 3743 972 3794 tetrametro
986 3737 1234 3811 brachycatalecto]

139 3816 278 3872 omittant
291 3815 353 3872 Per.
368 3817 481 3875 Putach.
496 3825 527 3873 at
542 3824 582 3874 ert
597 3817 847 3873 liar-acatalecto.
930 3823 944 3852 ¹¹
965 3820 1066 3890 magici
1078 3819 1162 3892 vatia]
1178 3836 1236 3873 raa-

136 3897 261 3968 gicamm
271 3897 305 3953 B.
321 3895 436 3954 Putach.
450 3915 594 3971 magorum
609 3897 671 3954 Per.
736 3905 799 3954 ⁰ac
812 3899 890 3972 raro]
907 3903 933 3954 et
948 3915 1011 3952 raro
1025 3895 1095 3953 Call.
1164 3906 1236 3953 aar·

138 3978 254 4051 carram]
271 3995 391 4034 accam
406 3976 520 4034 Potach.
612 3978 767 4052 aptat-anta
778 3977 837 4051 aar]
850 3977 976 4052 plarilm
989 3977 1107 4050 quinqua
1120 3973 1236 4033 Putaclr.

138 4063 171 4110 aa
189 4056 398 4133 Timocratiam]
419 4057 644 4114 limocremtiam
662 4054 802 4135 Berglriua
822 4055 900 4135 praef.
915 4059 1084 4114 Anacreont.
1098 4073 1127 4130 p.
1139 4071 1188 4130 47.
1203 4075 1237 4114 ex

140 4135 288 4214 Hephaeat
303 4155 328 4195 c.
343 4134 391 4194 xii.
406 4157 434 4216 p.
448 4153 496 4210 71.
551 4137 660 4209 foma]
681 4137 791 4195 Venerii
805 4137 919 4194 Pumch.
974 4145 999 4176 π
1008 4136 1233 4211 Anacreontiam]

139 4217 314 4274 Alcmaaiam
329 4215 480 4275 Santcoiua
493 4218 559 4276 Ter.
575 4219 670 4276 Maur.
682 4237 710 4296 p.
724 4218 794 4292 336.
887 4225 899 4256 ⁸
919 4215 1065 4290 sapientes]
1081 4218 1188 4290 rapiam
1201 4219 1236 4275 B.

138 4295 207 4354 hinc
221 4315 311 4374 mque
324 4297 359 4355 ad
365 4297 440 4372 fage
454 4317 511 4356 om.
527 4298 641 4357 Puteoli.
709 4297 721 4339 t
736 4296 917 4373 Sapphicam]
935 4297 1147 4354 Anacreontiam
1163 4300 1236 4356 San·

139 4374 240 4433 teoiua.
323 4387 340 4420 ¹¹
350 4377 516 4452 acatalecto]
531 4380 665 4436 catalecto
680 4377 793 4436 Putach.
884 4386 898 4417 v
914 4375 1123 4451 Phrynicliiam]
1145 4379 1236 4435 Trini-

138 4459 210 4512 ciam
224 4456 297 4515 Call.
314 4459 489 4516 Fririaiciam
503 4459 546 4516 M.
664 4470 686 4502 w
700 4458 782 4533 aeria]
788 4457 877 4534 scara
890 4456 924 4515 B.
940 4455 1054 4515 Putach.
1073 4460 1177 4516 ameria
1191 4459 1236 4516 M.

137 4537 202 4595 acia
217 4537 331 4597 Putach.
362 4539 434 4597 Tum
449 4541 585 4615 quoddam
601 4541 692 4598 veneri
705 4539 741 4598 B.
