3076 5140
308 399 378 478 192
491 383 611 458 Marii
631 381 814 458 Vectorini
830 381 875 456 de
891 381 1069 458 Saturnio
1085 405 1203 454 uersu
1256 401 1331 454 ars.
1347 401 1405 452 111.

305 571 415 656 Item,

453 682 716 784 Memphitidos
728 681 868 779 puello.

304 799 481 899 Sequens,

454 913 580 988 Naeuio
593 923 706 1011 poete

305 1029 399 1116 talis,
416 1043 458 1102 ut
476 1043 543 1117 est,

456 1145 603 1218 Bocche
613 1145 755 1244 plaude
772 1141 928 1217 Bocche.

278 1260 399 1340 rSane
415 1275 457 1334 ut
474 1262 510 1334 in
535 1262 764 1360 decasyllabo
783 1259 921 1357 primus
947 1285 1010 1358 pes
1038 1258 1193 1332 incertus
1215 1271 1280 1348 est,
1297 1257 1346 1332 ita
1363 1275 1404 1332 ut

304 1377 340 1448 in
362 1376 431 1450 hoc
449 1375 523 1450 duo
540 1378 647 1476 primi
667 1375 777 1475 pedes
794 1375 986 1450 variantur.

352 1491 444 1566 Jom
460 1519 557 1566 nunc
572 1508 674 1566 uocet
695 1491 890 1564 Comoenos
905 1490 1009 1589 ¹¹puis
1026 1517 1149 1564 nouem
1164 1517 1315 1564 sorores.

276 1607 377 1688 8Qui
403 1622 443 1678 ut
467 1608 643 1680 terminus
669 1634 689 1680 a
716 1605 876 1705 spondeo
903 1606 1039 1704 incipit.
1097 1605 1255 1688 Quidam
1278 1606 1405 1678 volunt

304 1722 403 1793 hunc
425 1719 519 1792 feriri
547 1722 664 1794 sexies
690 1735 726 1794 et
751 1722 910 1819 recipere
936 1721 1045 1819 pedes
1069 1735 1220 1820 septem,
1247 1720 1316 1794 hoc
1339 1739 1405 1810 est,

304 1833 520 1932 spondeum,
550 1835 727 1927 iambum,
761 1835 1024 1935 pyrrhichium,
1051 1836 1291 1935 pariambum,
1320 1837 1406 1910 dac-

303 1949 434 2047 tylum,
468 1949 681 2035 trochaeum,
712 1965 946 2050 anapaestum,
979 1978 1000 2022 e
1034 1949 1139 2048 ¹¹quis
1173 1965 1229 2024 est
1260 1951 1406 2023 'rhaco-

304 2077 452 2154 mestus,
469 2077 505 2138 et
524 2065 620 2138 nasci
639 2091 660 2138 a
676 2066 839 2138 trimetro
857 2079 1077 2140 mscazonte:
1097 2065 1156 2138 aiii
1176 2091 1260 2138 vero
1276 2092 1406 2139 omnes

303 2178 493 2253 duodecim
520 2179 629 2278 pedes
656 2180 856 2270 admittere,
873 2207 989 2278 neque
1014 2207 1157 2280 semper
1180 2207 1277 2270 eum,
1294 2195 1335 2253 ut
1353 2182 1405 2254 illi

304 2307 478 2385 asserunt,
495 2295 592 2368 nasci
611 2323 632 2367 e
649 2295 811 2368 trimetro
830 2313 1008 2370 scazontc.
1037 2295 1146 2369 Unde
1163 2295 1260 2394 apud
1277 2321 1405 2370 omncs

303 2409 558 2508 grammaticos
578 2437 684 2508 super
702 2411 771 2482 hoc
789 2411 910 2484 adhuc
927 2437 999 2484 non
1019 2437 1127 2508 parva
1145 2411 1188 2483 lis
1205 2425 1292 2484 estu.

344 2630 436 2708 ”quis
450 2651 508 2689 orn.
520 2632 551 2690 P.
634 2629 781 2708 ¹‘quibus]
797 2628 860 2708 quis
874 2631 905 2688 P.
977 2641 1001 2672 Ν
1015 2632 1162 2705 scazonte]
1180 2612 1315 2691 sciizoute
1329 2633 1361 2690 P.
1377 2649 1407 2694 et

304 2711 345 2770 sic
359 2713 418 2769 sere
431 2731 508 2770 mox.
591 2712 704 2788 ΙΙΕιῳΙ.
721 2710 769 2769 lib.
785 2710 894 2770 tertius.
927 2710 1033 2788 Incipit
1047 2731 1109 2770 1111.
1124 2711 1186 2790 lege
1200 2711 1328 2772 feliciter.
1360 2716 1406 2773 De
1522 2707 1523 2766 i

303 2793 441 2850 connexis
455 2805 509 2850 eto,
526 2791 558 2849 Ρ.

348 2964 376 3022 7.
393 2949 449 3013 Qut
460 2956 490 3004 ut
501 2950 630 3004 termium
640 2949 709 3024 etc]
723 2947 779 3004 Hic
794 2945 834 3006 le·
876 2960 905 3004 et
919 2947 982 3004 finis
997 2966 1046 3004 seu
1061 2947 1198 3006 terminus
1218 2949 1303 3007 habet
1316 2969 1404 3028 spon·

305 3027 515 3106 gendumputat
528 3027 705 3085 Camerarius
717 3029 772 3092 Qui
781 3028 834 3084 So·
876 3027 970 3084 deum.
993 3029 1126 3084 COMM.

306 3112 423 3166 tumtur.
476 3109 538 3187 Ego
566 3107 638 3165 nihil
666 3109 833 3166 mutandum
932 3109 959 3165 8.
986 3108 1207 3182 Thacomestus]
1231 3109 1403 3186 Polymnesti

306 3207 427 3246 censeo:
459 3190 601 3246 sententia
625 3189 700 3246 enirn
726 3188 836 3266 integra
876 3188 986 3246 mentio
1008 3190 1040 3244 fit
1064 3188 1138 3265 apud
1163 3187 1344 3249 Plutarchum
1369 3193 1404 3250 de

307 3281 367 3326 est:
390 3268 445 3327 hoo
459 3267 536 3327 eninr
557 3270 607 3337 ait,
622 3281 652 3327 et
665 3267 835 3348 principium
876 3267 997 3328 Musica.
1020 3269 1154 3326 COMM.
