3012 5084
335 401 359 477 6
720 401 841 477 Marii
861 401 1049 478 Victorini
1328 432 1426 482 arn.
1457 433 1467 482 1

335 587 526 684 naphaeos,
543 587 628 686 quia
645 587 734 660 nulli
762 587 874 660 vocali
894 587 1063 688 jungitur
1085 590 1152 663 nisi
1179 591 1244 664 soli
1271 617 1297 664 o
1328 593 1456 664 brevi

335 715 371 773 et
399 702 468 774 boe
493 702 544 776 ita
566 714 607 776 ut
630 703 676 775 ab
696 729 737 776 ea
764 729 844 801 pars
869 705 1041 777 orationis
1067 705 1228 805 incipiat,
1246 705 1365 779 aliter
1397 734 1467 779 au-

291 853 322 900 24
335 831 408 888 tem
429 843 500 889 non
518 831 612 892 recte
630 817 807 890 scribitur.
859 822 952 890 Item
972 832 1146 892 vocantur
1161 821 1362 917 spiritales
1383 835 1467 898 tres

335 957 403 1028 cp
429 942 456 1019 t,
474 933 559 1029 quia
583 933 639 1004 his
666 932 690 1004 Ιι
715 933 833 1004 littera
859 932 1020 1029 subjecta
1045 934 1170 1008 inserit
1195 936 1393 1034 spiritum,
1422 951 1467 1012 ut

291 1077 320 1127 25
338 1047 487 1134 Chiron,
506 1047 653 1138 Philon,
675 1047 804 1120 Tlroos.
856 1049 906 1120 Et
933 1047 1013 1121 ideo
1039 1050 1188 1124 residuae
1207 1052 1227 1124 ll
1245 1053 1355 1152 dgq
1389 1080 1467 1124 no-

334 1162 517 1234 minantur
534 1162 676 1262 rigide,
692 1161 777 1260 quia
795 1161 930 1234 nullam
949 1189 1073 1237 earum
1092 1164 1217 1237 eadem
1237 1165 1261 1238 li
1280 1165 1327 1238 ad
1360 1168 1467 1238 reci-

332 1277 502 1376 piendam
527 1277 804 1378 adspirationem
823 1277 954 1367 fiectat,
974 1279 1070 1376 quod
1095 1283 1249 1378 contigit
1266 1281 1463 1355 omnibus

333 1393 609 1466 semivocalibus
627 1395 762 1490 absque
781 1393 856 1464 sola
872 1419 904 1478 r,
923 1392 985 1466 sed
1003 1420 1044 1466 ea
1062 1395 1262 1493 plurimum
1282 1395 1321 1467 in
1342 1423 1462 1494 pere-

290 1507 442 1606 zogrinis
461 1507 668 1580 nominibus
686 1506 854 1606 adspirat.
905 1509 1040 1582 Addita
1066 1526 1185 1584 autem
1206 1511 1325 1584 fuerat
1344 1539 1367 1584 a
1388 1539 1459 1584 ve-

333 1623 469 1695 teribus
496 1649 568 1695 non
595 1624 726 1696 frustra
754 1624 853 1696 velut
883 1625 925 1710 F,
950 1652 1059 1723 quam
1089 1626 1219 1699 musici
1250 1624 1455 1724 digamma

290 1765 320 1817 ²7
333 1751 475 1812 vocant.
504 1738 574 1810 Sed
592 1765 658 1838 pro
677 1739 744 1811 bac
762 1739 776 1811 i
793 1753 855 1812 aut
872 1765 898 1812 u
912 1740 1065 1814 litteram
1083 1743 1285 1815 scribimus.
1314 1743 1453 1839 Atque

335 1855 382 1927 ita
401 1856 443 1927 fit
461 1867 500 1926 ut
518 1853 641 1926 eadem
661 1880 759 1926 nunc
781 1882 806 1926 u
824 1855 956 1928 vocalis
974 1856 1033 1943 sit,
1052 1871 1092 1930 ut
1111 1885 1217 1944 unus,
1236 1885 1335 1931 nunc
1353 1885 1452 1932 con-

333 1997 477 2060 sonans,
491 1985 530 2042 ut
548 1967 673 2045 ¹viuus.
700 1971 761 2044 Sic
774 1986 810 2044 et
828 1973 842 2044 i
854 1998 951 2045 nunc
967 1974 1099 2046 vocalis
1113 1989 1178 2060 est,
1192 1991 1232 2047 ut
1245 1975 1325 2062 iris,
1339 2001 1450 2049 nunc

291 2107 321 2155 aa
334 2113 548 2176 consonans,
566 2088 782 2188 utjejurrus.
834 2088 999 2162 Finitivae
1023 2089 1133 2162 literae
1151 2090 1444 2164 masculinorum

335 2202 525 2274 nominum
539 2216 622 2275 sunt
636 2217 786 2302 septem,
800 2229 824 2276 α
837 2203 853 2276 l
861 2231 886 2276 n
897 2230 918 2276 o
929 2229 1024 2292 rsa,
1035 2217 1077 2277 ut
1088 2203 1284 2303 Spumsal,
1292 2215 1443 2302 pecten,

339 2319 441 2406 Coto,
455 2319 607 2406 Hector,
621 2316 840 2419 deusfelir:
859 2319 1112 2392 femininorum
1125 2346 1210 2392 vcro
1218 2320 1440 2394 Latinorum

335 2450 420 2506 sunt
437 2447 588 2532 septem,
606 2460 629 2506 a
646 2461 670 2507 n
688 2461 708 2507 o
724 2462 746 2507 r
761 2461 780 2507 s
796 2461 821 2507 a
838 2461 884 2524 m,
902 2448 943 2508 ut
961 2435 1090 2524 Roma,
1110 2463 1301 2536 aspergere,
1317 2438 1439 2536 uirgo,

335 2549 596 2640 mollensclea,
607 2550 681 2638 uie,
692 2550 913 2624 etinAtticis
926 2551 1145 2640 nominibus,
1158 2565 1197 2624 ut
1208 2551 1436 2650 Glycerium.

291 2667 378 2748 2911]
399 2665 533 2738 neutris
557 2679 676 2737 autem
697 2679 780 2738 sunt
798 2679 949 2764 septem,
968 2667 1016 2739 el
1026 2693 1061 2740 m
1075 2694 1099 2738 n
1111 2693 1212 2757 rsa,
1229 2683 1269 2740 ut
1283 2669 1435 2767 pingue,

335 2780 509 2868 tribunal,
527 2807 724 2872 scamnum,
743 2782 872 2869 lumen,
886 2811 1058 2874 marmor,
1076 2811 1213 2875 nenias,
1231 2785 1359 2860 aridae.

289 2932 322 2978 30
435 2898 472 2970 B
489 2925 687 2972 consonans
706 2917 808 2972 muta
825 2899 952 2997 rigida.

439 3013 687 3088 Cconsonans
706 3031 807 3088 muta
824 3015 1003 3114 spiritalis.

436 3128 480 3199 D
497 3155 696 3202 consonans
715 3129 817 3202 hasta
830 3129 874 3228 (i)
894 3145 993 3203 muta
1011 3131 1135 3232 rigida.

436 3243 475 3314 E
491 3245 621 3316 vocalis
640 3245 814 3319 biformis.

437 3356 474 3429 F
485 3385 684 3432 consonans
703 3362 925 3435 semivocalis
943 3364 1036 3463 apud
1056 3364 1230 3462 quosdam
1249 3365 1383 3466 duplex.

441 3471 478 3546 G
495 3499 696 3548 consonans
715 3489 815 3550 muta
832 3477 956 3576 rigida.

436 3587 492 3660 H
504 3615 704 3664 consonans
724 3605 825 3665 muta
843 3593 995 3668 infirma.

435 3707 465 3780 I
474 3707 618 3798 vocalis,
635 3709 813 3783 interdum
834 3737 1046 3784 consonans.

436 3821 479 3894 K
493 3849 693 3898 consonans
711 3840 812 3899 muta
830 3828 1095 3927 monophonos.

436 3937 471 4010 L
488 3963 687 4014 consonans
705 3943 929 4016 semivocalis
947 3942 1195 4040 immutabilis.

436 4053 489 4126 M
501 4081 699 4128 consonans
718 4056 940 4130 semivocalis
956 4057 1206 4130 immutabilis.

435 4169 481 4244 N
493 4197 693 4246 consonans
711 4173 937 4247 semivocalis
955 4173 1204 4247 immutabilis.

438 4286 474 4358 O
489 4289 621 4361 vocalis
643 4289 817 4363 biformis.

436 4401 476 4474 P
488 4429 690 4478 consonans
707 4418 808 4478 muta
826 4404 1006 4505 spiritalis.

757 4545 765 4590 ¹
781 4546 872 4622 virus]
888 4567 961 4606 unus
977 4549 1007 4605 l’.
