2980 5142
278 387 352 466 462
737 392 929 466 Diomedia
1232 413 1313 464 nra.
1331 411 1397 461 111.

252 571 434 646 smotuu
458 571 537 666 ejas
566 571 762 670 posteriore
789 585 902 671 parte,
921 549 1126 672 dactylum.¹
1171 569 1247 643 Sed
1280 597 1399 670 spon-

279 687 367 762 deus
393 701 569 788 perpetuo
595 685 631 760 in
655 687 728 762 fine
753 687 911 786 ponitur,
935 685 1038 782 cujus
1061 687 1142 758 looo
1167 687 1398 785 plerumque

279 803 457 878 trocheus
484 801 674 888 iuvenitur,
691 829 733 876 ea
761 803 909 890 ratione,
926 801 1011 902 quia
1034 799 1325 874 ‘indifferentem
1356 803 1396 874 in

277 921 451 994 omnibus
470 917 594 992 metris
617 933 838 1020 postremam
861 917 1035 1018 syllabam
1055 931 1194 990 veteres
1212 944 1296 989 esse
1314 945 1397 992 cre-

279 1033 458 1110 diderunt
521 1033 574 1108 Hi
602 1033 712 1133 igitur
733 1033 843 1134 pedes
872 1033 1019 1134 syllabis
1047 1033 1217 1132 impares,
1244 1047 1396 1132 tempo-

280 1151 379 1226 ribus
421 1149 588 1248 oequales,
622 1175 685 1222 sex
727 1149 934 1248 regionibus
975 1149 1171 1238 distributi,
1208 1164 1394 1247 quaterna

281 1281 445 1366 tempora
467 1291 532 1338 sua
557 1263 762 1338 scandendo
784 1265 991 1366 partientes,
1007 1279 1179 1364 quattuor
1200 1279 1240 1338 et
1257 1266 1393 1364 viginti

281 1383 517 1483 temporibus,
547 1383 651 1456 metri
687 1383 798 1456 totius
832 1383 906 1456 sive
936 1391 1081 1452 sternas
1110 1377 1167 1450 vel
1198 1393 1393 1450 commata

282 1499 357 1572 sive
382 1498 472 1588 cola,
489 1523 572 1596 quae
596 1497 731 1572 'Latine
758 1499 946 1588 sectiones,
972 1495 1120 1582 ¹¹incisa,
1142 1495 1315 1566 membra
1336 1493 1392 1564 di·

253 1627 424 1702 scuntur,
444 1613 601 1712 perfecte
627 1611 933 1690 ¹conformatione
958 1609 1189 1686 concludunt
1250 1609 1391 1682 Obser-

281 1745 385 1801 vatur
412 1741 546 1818 autem,
571 1755 616 1800 ne
643 1727 794 1804 ultimus
818 1755 882 1830 pes
906 1727 952 1800 sit
979 1725 1195 1824 trisyllabus,
1222 1727 1390 1824 exceptis

282 1843 445 1946 pauculis
487 1843 659 1934 versibus,
692 1847 754 1944 qui
794 1845 968 1944 ὑπέρμετρω
1010 1839 1191 1930 dicuntur,
1226 1867 1388 1940 quorum

283 1957 540 2032 abundantiam
572 1961 760 2060 excipiunt
785 1960 823 2034 hi
855 1984 975 2033 versus
1001 1957 1063 2056 qui
1089 1975 1308 2056 sequuntur,
1336 1959 1388 2032 in-

283 2073 457 2174 cipientes
483 2073 531 2148 la
558 2075 785 2176 aynaloepba,
803 2075 940 2148 ratione
966 2073 1174 2173 rhythmica
1199 2071 1312 2163 facta,
1331 2103 1389 2148 eo-

282 2215 355 2288 que
372 2189 485 2264 ¹fact0
501 2191 645 2280 vitium,
657 2191 755 2292 quod
772 2205 847 2264 erat
866 2192 901 2264 in
920 2193 992 2264 fine
1009 2215 1143 2276 versus,
1158 2189 1388 2264 continuatio

283 2305 466 2405 sequentis
485 2305 663 2380 emendat.

417 2519 509 2594 Csr.
522 2519 635 2594 Xlll.
662 2517 726 2594 De
744 2541 897 2593 sossius
915 2545 1058 2595 vsnsus
1076 2543 1249 2594 nssorcr.

335 2667 469 2742 Versus
498 2669 661 2743 heroicus
688 2669 847 2743 senarius
874 2669 1022 2744 diversis
1048 2667 1229 2742 vocabulis
1261 2669 1385 2767 appel-

284 2785 390 2858 latur.
447 2783 551 2859 Idem
581 2785 680 2858 enim
709 2799 748 2860 et
778 2785 985 2860 hexameter
1014 2787 1105 2860 “vel
1135 2783 1300 2882 Pythius,
1329 2786 1383 2856 vel

286 2901 436 3000 Epicus,
464 2903 517 2974 vel
548 2901 753 3000 ”Priapeun
783 2917 820 2976 et
849 2902 1043 2976 Bucolicus
1073 2915 1238 2984 vocatum
1277 2927 1384 2999 super

285 3043 374 3115 quas
400 3017 657 3116 appellationes
682 3017 791 3094 etism
819 3017 949 3118 Latine
977 3017 1104 3116 longus
1130 3032 1272 3090 ⁰versus
1296 3015 1384 3089 dici·

286 3147 355 3206 tur.
407 3131 555 3206 Heroici
584 3133 692 3230 igitur
716 3147 812 3222 aunt,
830 3133 995 3234 quotiens
1013 3134 1049 3206 in
1069 3133 1186 3234 primo
1203 3132 1382 3232 spondeus

286 3263 353 3338 est,
371 3261 407 3323 et
430 3249 466 3322 in
486 3249 625 3340 Ptertio,
642 3263 679 3322 et
702 3249 738 3322 in
762 3263 875 3324 sexto.
929 3249 1127 3324 Heroicurn
1155 3262 1276 3322 autem
1303 3277 1384 3348 pro-

286 3377 408 3466 pterea
441 3363 582 3454 dicitur,
612 3363 709 3465 quod
739 3365 896 3440 virorum
931 3365 1078 3440 fortium
1113 3391 1168 3438 res
1197 3377 1382 3464 gestasse

287 3481 381 3555 facta
406 3497 678 3556 commemoret.
730 3481 997 3578 Hexametrum
1024 3507 1182 3579 quoque,
1199 3479 1296 3578 quod
1322 3505 1381 3552 sex

287 3595 493 3694 regionibus
520 3599 720 3700 spondeum
743 3613 780 3674 et
797 3599 981 3700 dactylum
1005 3597 1114 3700 pedes
1131 3595 1278 3670 diversis
1306 3622 1381 3670 mo

287 3709 343 3785 dis
360 3709 629 3813 rationibusque
644 3727 862 3788 sconservet.

329 3945 538 4025 'indifferenter
552 3947 624 4006 Ven.
778 3951 915 4026 storeas]
932 3951 1037 4008 thomos
1050 3951 1084 4008 Α.
1101 3957 1185 4006 tomos
1200 3947 1234 4006 Β.
1249 3967 1334 4005 coner
1347 3948 1379 4006 C.

288 4023 305 4069 ¹¹
319 4029 362 4088 vel
376 4029 466 4087 incisa
479 4027 535 4104 rel]
551 4029 595 4086 ael
608 4027 652 4086 bis
666 4046 725 4086 orn.
739 4029 811 4088 Α.Β.
955 4027 963 4072 ¹
978 4029 1207 4102 confirmatione]
1230 4027 1380 4104 conformo.

290 4110 362 4166 tione
376 4111 484 4168 A.B.C.
606 4105 623 4150 Β
637 4127 654 4166 a
668 4109 757 4168 vocali
771 4109 964 4188 synaloepha]
982 4131 1000 4168 a
1013 4110 1147 4187 stramen
1162 4109 1197 4167 Α.
1212 4129 1231 4166 o
1243 4109 1381 4183 snatypte

289 4187 322 4244 C.
337 4208 355 4244 a
368 4190 519 4264 synaliplc
532 4190 606 4249 Van.
621 4192 708 4248 vocati
721 4211 768 4248 orn
784 4191 821 4250 B.
897 4189 906 4237 ¹
920 4190 1042 4266 facturn]
1051 4192 1134 4267 sacto
1148 4191 1257 4248 A.B.C.
1319 4201 1341 4233 ὓ
1353 4203 1379 4247 et

288 4267 416 4400 pythius]
433 4271 476 4326 oel
486 4272 599 4344 pythius
611 4272 683 4330 ΑΒ.
803 4283 818 4316 ¹¹
835 4273 977 4350 proprius]
991 4276 1122 4347 priapeua
1135 4271 1243 4330 A.B.C.
1253 4271 1379 4346 plrlclr'ur

316 4363 362 4403 en.
380 4349 429 4424 qui
444 4368 509 4414 rnox
525 4352 653 4409 bucoliae.
785 4353 924 4427 ⁰versus]
939 4371 987 4427 per
1001 4353 1106 4411 ΑΒΕ.
1123 4353 1194 4410 Vcn.
1210 4370 1238 4408 r.
1254 4351 1376 4410 Ciceroo.

289 4425 379 4504 Legg.
393 4427 433 4484 11.
449 4445 495 4502 27.
558 4433 700 4506 squarro]
719 4434 800 4488 tertio
813 4433 920 4490 ΑΒΕ.
953 4433 1023 4490 Mox
1038 4433 1161 4490 beroiw
1175 4429 1224 4490 lid.
1288 4443 1377 4490 scon·

288 4505 392 4578 servet]
410 4519 551 4562 commas
565 4511 634 4566 ΑΩ,
648 4511 718 4565 Ven.
741 4510 821 4564 Malo
830 4515 1014 4567 diversimodir
1028 4515 1179 4569 rationibus
1189 4519 1324 4570 conseruet
1338 4514 1377 4571 Sc.
