3012 5084
13 300 20 402 l
117 345 194 395 cn».
214 335 251 395 ⁴.
488 323 554 396 m
573 323 861 424 onngrapua.
1186 337 1229 401 ss

115 506 225 580 dubio
240 533 309 606 per
326 533 386 580 ms
408 507 584 580 scribetis.
635 507 687 582 Et
708 507 877 607 ¹‘quando
894 508 931 582 in
951 509 1080 582 harum
1100 533 1231 584 vocum
1245 533 1277 582 sa

115 622 341 696 mentionem
368 619 597 710 ¹incidimus,
613 649 682 696 nec
706 634 976 714 ”consumtum
993 651 1061 697 nec
1085 635 1231 715 emtam,

114 765 180 811 nec
203 721 431 824 redacturus,
458 765 526 810 nec
548 747 714 827 ”territat
736 748 918 826 cunstat,
938 751 973 812 et
996 739 1132 813 similia
1153 740 1231 814 istis

115 881 180 953 per
199 865 241 952 pt
263 853 441 926 scribetis
465 853 605 941 vitiose,
628 851 689 926 sed
714 866 755 927 ut
779 880 848 954 ego
874 855 1021 955 ⁰scripsi
1040 855 1148 950 juxta
1177 865 1232 929 ml

115 970 267 1067 ponetis,
286 983 329 1040 et
347 968 583 1042 lucrifacietis
606 967 775 1056 litteram,
793 995 876 1066 quae
896 969 1057 1044 detracta
1075 969 1166 1043 nihil
1184 969 1230 1044 de

116 1085 325 1183 significatu
337 1084 442 1157 vocis
453 1083 635 1157 deminuit
647 1097 684 1156 et
696 1083 864 1157 scribitur
873 1085 1088 1184 expeditius.
1112 1085 1230 1160 Credo
1243 1103 1274 1164 ⁸³

117 1201 220 1298 ‘qnia
246 1227 318 1274 vos
348 1199 527 1300 ignoratis
553 1225 686 1272 nomen
710 1199 939 1300 privilegium
965 1201 1062 1299 quod
1088 1201 1231 1292 dicitnr,

117 1315 174 1388 lex
191 1317 292 1390 enim
315 1313 498 1415 privilegii
517 1315 553 1388 in
573 1339 685 1387 nuum
706 1313 893 1387 hominem
911 1329 967 1388 est
982 1315 1090 1389 dicta.
1114 1317 1230 1390 Video
1242 1341 1275 1401 ⁸4
1304 1375 1307 1380 .

117 1457 179 1502 ros
194 1457 296 1530 saepe
313 1445 354 1502 et
372 1455 458 1503 orco
473 1443 510 1502 et
531 1429 710 1504 toulcono
725 1431 917 1504 blitteram
936 1431 1148 1528 relinquere,
1167 1431 1228 1506 sed

117 1545 222 1618 credo
237 1571 306 1618 vos
332 1545 588 1644 antiquitatem
615 1549 728 1642 sequi,
747 1545 808 1619 sed
829 1573 914 1620 cum
939 1549 1110 1646 asperitas
1127 1563 1230 1623 vetus

116 1661 177 1733 illa
201 1661 388 1760 paulatim
414 1661 458 1734 ad
482 1661 709 1760 elegantioris
727 1661 811 1734 vitae
833 1665 1098 1762 rsermonisque
1114 1677 1169 1738 eat
1189 1665 1231 1738 li-

117 1803 215 1850 mam
235 1777 435 1876 perpolita,
452 1776 503 1849 sic
520 1803 583 1850 vos
601 1803 746 1876 quoquc
764 1777 828 1852 hus
845 1803 951 1851 voces
968 1779 1045 1853 sine
1062 1779 1087 1852 lr
1103 1806 1230 1852 secun-

117 1893 206 1968 dum
236 1893 542 1968 consuetudinem
579 1892 690 1966 nostri
725 1893 834 1966 seculi
866 1894 1031 1980 scribite;
1056 1895 1146 1968 item
1174 1917 1274 1980 co-s5

117 2035 225 2095 rosso,
248 2035 401 2098 mucore,
429 2008 664 2106 'sepulcrum
687 2009 755 2083 ‘sic
776 2021 913 2106 etque
935 2009 960 2082 lr
981 2011 1021 2082 in
1047 2009 1231 2110 'adspira-

118 2125 220 2196 tione
232 2123 453 2210 desiderant‚
468 2137 521 2214 ut,
534 2123 734 2214 muchium,
745 2125 882 2214 colors,
895 2125 1045 2215 harena,
1053 2125 1229 2224 paleten-

120 2241 183 2313 sed
202 2267 246 2312 ea
264 2257 445 2338 quatenus
463 2239 632 2313 'debetis
657 2243 855 2327 observare,
872 2241 1065 2340 ignoratis:
1092 2241 1228 2318 inducti

119 2355 275 2429 fortasse
288 2381 345 2444 eo,
361 2355 479 2454 ¹quod
500 2356 636 2454 legistis
652 2367 895 2456 'praeceptum
911 2355 1154 2452 antiquorum,
1167 2359 1229 2456 qui

122 2471 226 2545 aiunt
239 2471 348 2544 scribi
362 2470 512 2570 quidem
526 2471 696 2543 omnibns
708 2471 834 2544 litteris
851 2483 1028 2570 oportere,
1043 2471 1079 2544 in
1096 2483 1230 2545 'enun-

124 2589 252 2662 tiando
285 2601 408 2660 autem
437 2586 610 2684 quasdam
641 2587 777 2660 litteras
806 2585 950 2660 elidere.
1001 2587 1044 2660 In
1075 2613 1160 2686 quo,
1188 2601 1274 2666 utso

126 2705 222 2777 idem
243 2703 376 2803 soepius
394 2701 527 2790 dicam,
544 2702 599 2774 bis
616 2702 785 2802 peccatis,
802 2701 920 2800 ‘quod
941 2701 1039 2776 aliud
1065 2702 1233 2790 scribitis,

125 2837 164 2892 et
184 2819 282 2892 aliud
312 2817 433 2915 legitis
449 2843 557 2915 quam
578 2818 844 2918 scriptumest:
871 2818 959 2916 quid
980 2819 1077 2892 enim
1096 2818 1233 2892 facietis

127 2935 163 3006 in
183 2933 253 3022 his,
270 2933 517 3032 bquse,velitis
530 2933 665 3020 nolitis,
677 2947 714 3006 et
727 2932 915 3006 scribenda
926 2947 1012 3006 sunt
1028 2947 1065 3007 et
1082 2931 1233 3033 legenda

128 3065 168 3123 ut
193 3049 330 3149 scripta
350 3062 447 3134 sunt,
467 3062 507 3121 nt
529 3049 686 3147 exempli
712 3049 837 3146 gratia,
854 3049 1030 3138 existimo,
1047 3075 1121 3122 non
1145 3073 1234 3122 eac

127 3169 248 3255 srimo,
270 3177 310 3238 et
333 3164 538 3262 curaquinot,
564 3190 635 3237 non
663 3165 887 3264 coinquinat,
908 3177 946 3237 et
966 3163 1107 3238 similia.
1157 3163 1232 3240 Eli·
1246 3193 1278 3256 8⁷

128 3281 266 3355 duntur
283 3293 404 3352 autem
423 3279 562 3352 vocales
580 3280 742 3379 singuloe,
759 3307 844 3354 cum
861 3277 962 3353 ‘duoe
978 3281 1233 3366 concurrerint,

128 3411 179 3482 ut,
230 3492 335 3568 Men'
353 3493 493 3590 incepto
512 3493 684 3568 demere
698 3495 869 3568 victam?

129 3609 217 3684 Nou
236 3634 351 3682 mene.
401 3607 462 3698 Et,

168 3750 334 3829 kquando]
350 3749 419 3828 qis'm
434 3751 467 3808 P.
549 3747 738 3826 lincidimus]
755 3749 836 3810 deest
848 3751 881 3810 P.
952 3761 977 3794 Ν
991 3762 1236 3830 consumptum-

130 3831 872 3910 emptum—redemptum—temptat-attemptat]
894 3844 1234 3890 consumtum—emtum

129 3912 653 3970 -redemtum—temuat-attemtat
665 3913 697 3969 P.
759 3921 775 3954 ⁰
788 3911 900 3990 scripsi]
917 3913 1014 3970 scribsi
1029 3913 1061 3971 P.
1128 3911 1235 3988 Pquod

130 3991 283 4072 ignoretis]
299 3989 365 4070 quis
379 4011 427 4050 ros
440 3992 578 4072 ignorum
591 3993 623 4050 P.
726 3991 873 4066 unlcano]
890 3992 1012 4050 vulcano
1023 3993 1055 4050 P.
1152 4003 1236 4050 rser·

132 4073 282 4150 mouisque
295 4073 353 4146 est]
369 4071 564 4149 sermonisque
578 4074 610 4132 P.
734 4072 936 4150 ¹sepulcrum]
954 4071 1134 4150 sepulchrum
1148 4072 1179 4130 P.
1194 4092 1235 4150 pr.

130 4153 242 4228 luent]
255 4153 296 4211 sic
311 4163 342 4211 et
354 4153 388 4212 P.
481 4163 497 4194 v
509 4151 712 4231 disputatione]
727 4151 918 4230 adspiratione
933 4155 964 4211 P.
1057 4163 1079 4194 '¹
1094 4153 1233 4227 debentis]

132 4233 240 4294 debetis
255 4235 287 4292 P.
423 4243 440 4275 ¹
453 4234 543 4310 qnod]
558 4233 625 4310 quia
639 4233 671 4290 P.
791 4233 1011 4310 tpraeceptum]
1022 4245 1188 4356 preceptum
1204 4233 1235 4292 P.

133 4313 353 4389 ²enuncianda]
370 4313 547 4373 enuntiando
561 4315 594 4374 P.
683 4313 802 4392 ⁸quod]
818 4313 885 4390 quia
897 4315 929 4373 P.
1052 4315 1129 4391 que]
1142 4313 1191 4390 qui
1204 4313 1236 4372 P.

135 4397 229 4472 eduo]
245 4397 310 4456 duae
324 4396 356 4454 P.
