3012 5084
127 435 210 486 oar.
229 426 288 484 11.
560 411 625 484 De
640 409 815 484 Pedibus.
1183 409 1231 486 63

1 681 2 697 ¹
126 611 164 672 et
188 597 313 670 iambo
343 595 569 670 iconuertunt
597 595 829 696 accipiemus,
855 609 895 668 ut
912 595 1112 696 Diogenes.
1164 596 1279 676 Su-ro

1 705 2 726 .
127 729 280 815 pessunt
294 714 444 812 Epitriti
461 713 524 811 qui
538 727 574 785 et
588 711 732 812 Hippii,
750 710 925 810 kadaeque
942 739 1093 785 nurnero
1110 711 1234 809 ¹quat-

1 855 2 858 ’
129 845 222 917 tuor,
241 830 413 928 quodque
438 845 495 902 est
521 830 631 902 veluti
660 854 774 927 genus
802 827 1059 926 paeonicorum,
1084 853 1234 926 praeser-

127 946 194 1018 tim
213 971 300 1018 cum
320 957 346 992 ¹¹¹
357 945 431 1018 sint
444 943 561 1042 spatio
576 956 781 1043 temporum
797 942 968 1041 dispares,
980 943 1096 1016 forma
1118 955 1135 990 ¹¹
1147 971 1233 1018 con·

128 1061 277 1132 similes.
330 1061 426 1132 Sunt
444 1059 540 1132 enim
560 1059 772 1159 heptasemi,
788 1057 825 1130 id
844 1073 909 1145 est,
926 1071 1131 1157 temporum
1151 1086 1232 1158 sep-

128 1191 224 1248 tem:
252 1201 408 1274 quorum
425 1174 564 1274 primus
583 1174 699 1274 priore
718 1175 856 1274 syllaba
874 1175 983 1260 brevi,
997 1175 1231 1273 sequentibus

129 1292 245 1388 longis
265 1292 391 1375 tribus,
408 1317 452 1363 ex
476 1292 598 1364 iambo
622 1305 658 1363 et
673 1290 840 1396 ¹spondeo
857 1291 1048 1378 constabit,
1067 1307 1108 1364 ut
1125 1291 1233 1364 ‘’An'-

128 1407 267 1480 stocles.
321 1406 508 1480 Secundus
526 1435 545 1479 e
563 1407 670 1506 longa
688 1420 725 1480 et
745 1406 856 1491 brevi,
875 1405 1075 1501 subjunctis
1094 1407 1124 1478 ei
1143 1407 1274 1491 dua-51

128 1523 195 1594 bus
221 1522 352 1621 longis,
379 1523 446 1595 erit
471 1549 516 1594 ex
544 1525 701 1596 trochaeo
724 1535 760 1594 et
788 1521 949 1621 spondeo
976 1523 1175 1621 copulatus,
1192 1539 1232 1598 ut

127 1638 378 1712 Archimedes.
429 1637 583 1728 Tertius,
601 1640 637 1712 in
656 1665 731 1737 quo
756 1639 883 1737 primae
908 1637 990 1712 duae
1015 1638 1146 1737 longe,
1163 1653 1275 1720 ter-52

127 1757 174 1826 tia
195 1755 326 1842 brevis,
339 1753 447 1850 longa
461 1753 600 1842 ultima,
612 1781 657 1827 ex
674 1754 834 1854 spondeo
850 1769 885 1828 et
904 1755 1026 1828 iambo
1043 1771 1230 1830 concretus

125 1870 322 1953 videbitur,
340 1885 381 1940 ut
398 1869 670 1944 Donostlrenes.
716 1871 843 1943 Restat
860 1870 1078 1969 complendo
1096 1883 1231 1944 rtetra-
1243 1893 1274 1945 ss

125 1987 351 2084 syllabarum
366 1985 500 2083 pedum
514 2012 663 2059 numero
675 1987 854 2086 Epitritus
865 2001 1024 2084 quartus,
1035 2013 1145 2084 quem
1160 1989 1232 2086 pri-

125 2131 195 2176 mae
221 2115 295 2174 tres
315 2100 443 2200 longae,
461 2115 586 2200 quarta
613 2103 649 2176 in
668 2104 798 2176 ultimo
821 2104 937 2176 brevis
954 2129 1000 2176 ex
1018 2103 1178 2202 spondeo
1194 2119 1231 2177 et

125 2218 287 2292 trochaeo
305 2244 506 2292 connexum
527 2245 603 2292 esse
620 2220 879 2310 demonstrant,
895 2234 937 2293 ut
956 2221 1124 2293 Irenoeus.

186 2335 274 2408 Hae
313 2333 536 2432 inspectione
573 2335 777 2431 ‘lconjicere
814 2335 959 2436 poteris,
993 2334 1276 2432 quemadmosr

125 2449 213 2522 dum
246 2475 293 2520 ex
325 2448 510 2546 disyllabis
537 2465 573 2523 et
598 2452 792 2551 trisyllabis
825 2449 1077 2552 pentasyllabi,
1108 2449 1230 2524 sedet

125 2566 321 2662 geminatis
350 2565 543 2663 trisyllabis
569 2566 811 2664 rhexasyllabi
835 2567 944 2666 pedes
967 2565 1110 2640 sonnati
1131 2565 1230 2639 vide-

124 2696 244 2768 antur,
263 2707 416 2778 quorum
444 2679 648 2780 syllabatim
680 2709 744 2780 per
771 2696 935 2781 tempora
966 2682 1102 2780 species
1130 2707 1230 2754 com-

124 2795 301 2896 prehendi
321 2809 500 2894 poternnt.
540 2797 636 2870 Nam
664 2799 819 2872 etiamsi
839 2797 991 2898 propriis
1009 2797 1228 2886 nominibus,

125 2929 165 2985 ut
181 2912 242 2984 alii
263 2910 384 3009 pedes,
401 2911 553 2984 minime
571 2913 834 3011 exprimuntur,
853 2927 974 2986 tamen
1002 2912 1096 2985 ‘situ
1122 2912 1229 3011 sylla-

125 3031 252 3101 barum
282 3039 321 3098 et
353 3027 552 3100 substantia
581 3041 785 3126 temporum
815 3029 997 3102 manifesti
1024 3041 1129 3104 sunt:
1165 3029 1226 3127 qui

125 3171 246 3216 rursus
272 3143 392 3230 soluti,
408 3141 574 3240 exigente
591 3169 671 3233 usu,
689 3143 734 3216 ad
760 3145 967 3244 tproprium
991 3157 1124 3218 statum
1143 3171 1229 3217 con-

125 3259 376 3354 ditionemque
400 3258 671 3332 revocabuntur.
724 3259 841 3358 Igitur
866 3261 1046 3360 cognatio,
1067 3275 1104 3335 et
1129 3287 1271 3360 qum-ss

125 3375 206 3448 dam
226 3374 274 3448 ad
296 3373 558 3447 incrementum
587 3377 809 3474 propagatio,
822 3402 893 3472 qua
911 3375 1019 3474 pedes
1037 3401 1057 3448 a
1074 3375 1227 3475 primor-

125 3491 184 3564 dio
213 3489 446 3588 multiplicati
476 3504 686 3581 noscuntur,
713 3490 795 3564 talis
818 3503 892 3564 est:
919 3516 1002 3564 nam
1028 3517 1074 3563 ex
1103 3491 1228 3590 primi-

123 3609 239 3706 geniis
264 3607 407 3678 duobus
434 3605 645 3704 pyrrhichio
665 3619 702 3678 et
727 3605 887 3704 spondeo
909 3604 1108 3702 adquisitis,
1132 3605 1226 3680 faeta

122 3739 331 3822 temporum
368 3720 618 3819 permixtione,
646 3721 766 3794 iambo
800 3734 838 3794 et
870 3721 1029 3794 trochaeo
1058 3732 1228 3819 quattuor

121 3837 310 3936 dissyllabi
339 3835 449 3933 pedes
474 3836 589 3910 effecti
617 3851 711 3910 sunt.
773 3837 937 3919 Quorum
967 3849 1080 3908 status
1109 3834 1272 3932 adjec-⁵⁶

161 4149 364 4222 iconuersum]
381 4167 518 4206 conexum
534 4150 566 4206 P.
649 4145 809 4225 ksdaeque]
826 4158 934 4224 utaeque
948 4147 979 4203 P.
1067 4143 1224 4222 lquatuor]

120 4262 257 4325 quattuor
272 4246 309 4303 P.
393 4255 417 4286 ¹¹²
432 4243 492 4302 aine
506 4243 615 4322 spacio]
631 4230 692 4302 sini
705 4243 797 4324 spatio
811 4245 842 4302 P.
863 4247 916 4300 sint
929 4247 1045 4302 Santeu.
1057 4243 1121 4300 Ter.
1130 4243 1224 4300 Maur.

119 4351 147 4406 p.
161 4331 227 4388 128.
336 4335 352 4367 ¹¹
367 4325 527 4383 consimiles
547 4337 630 4384 sunt:
652 4325 772 4400 etenim]
796 4323 966 4382 consimiles.
1010 4325 1084 4381 Sunt
1097 4323 1172 4380 enirn
1193 4325 1224 4380 P.

118 4421 134 4452 ⁰
147 4407 320 4481 Aristocles]
337 4402 504 4464 Aristoteles
518 4407 549 4464 P.
642 4406 915 4484 Ptetrasyllaborum
932 4405 1050 4480 pedum]
1070 4403 1224 4480 tetrasylla-

119 4491 219 4549 barum
234 4491 269 4548 P.
344 4497 360 4542 ‘t
375 4485 527 4562 conjicere]
543 4485 674 4546 conicere
689 4488 720 4544 P.
743 4531 750 4565 ,
800 4497 813 4528 ¹
827 4482 1011 4564 hexasyllabi]
1027 4483 1177 4562 exusyllnbi
1193 4483 1224 4540 P.

118 4583 130 4613 ¹
144 4570 216 4648 situ]
234 4570 259 4630 si
275 4570 347 4628 situs
361 4567 393 4625 P.
475 4567 487 4610 t
500 4567 661 4648 proprium]
676 4565 769 4647 propri
781 4567 812 4625 P.
