2980 5142
127 426 210 476 cnr.
225 417 280 476 10.
337 401 529 476 Catholieu
544 401 588 474 de
603 405 831 478 extremitate
845 411 1038 484 nominum.
1153 425 1225 504 457

1 663 2 668 η
125 585 282 683 potiores
313 583 551 674 inferioribus,
576 585 638 683 qui
667 585 704 658 in
734 587 834 660 omni
871 591 1086 688 ¹¹ergasterio
1114 605 1227 682 erant,

126 700 256 774 servire
282 699 603 800 ⁰dedignabantur,
626 701 761 800 seipsos
789 730 809 776 a
836 704 1018 778 comoedia
1044 733 1227 806 separave-

125 830 230 890 runt:
268 843 309 890 ac
339 816 390 890 sic
416 814 552 888 factum
580 829 645 906 est,
672 829 711 890 ut
739 805 908 918 exemplo
942 820 1053 894 semel
1079 835 1227 922 sumpto

126 934 398 1032 Punusquisque
420 934 505 1008 artis
531 959 605 1006 suae
625 960 700 1009 rem
718 934 848 1031 exequi
868 937 1031 1036 coeperit,
1048 963 1164 1036 neque
1189 937 1224 1010 in
1283 981 1285 1000 ι

125 1049 342 1123 comoediam
372 1049 503 1124 venire.
555 1049 669 1146 Cujus
698 1050 746 1122 rei
776 1047 906 1122 indicia
936 1048 1094 1148 produnt
1121 1050 1226 1124 nobis

125 1166 282 1264 antiquae
311 1163 515 1250 comoedias,
544 1165 580 1238 in
611 1166 743 1264 quibus
773 1165 987 1258 invenimus,
1017 1177 1101 1242 octo
1128 1168 1227 1242 tibiis

1 1278 2 1281 '
118 1281 284 1379 poribus,
301 1290 367 1354 out
384 1281 595 1378 imparibus,
613 1291 679 1358 out
700 1284 900 1356 ¹murronis.
953 1284 1109 1368 Quando
1126 1285 1223 1358 enim

124 1399 255 1471 chorus
282 1400 446 1488 canebat,
463 1397 616 1472 choricis
644 1398 753 1489 tibiis,
781 1398 816 1472 id
842 1414 897 1472 est
922 1399 1146 1490 choraulicis,
1172 1428 1235 1490 arf

123 1513 213 1586 tifex
250 1514 475 1601 concinebat,
501 1515 538 1587 in
573 1515 739 1588 rcantico
773 1529 895 1588 autem
929 1515 1137 1614 pithaulicis
1172 1543 1225 1590 re-

124 1630 329 1729 sponsabat.
391 1629 462 1702 Sed
491 1629 589 1728 quod
621 1631 774 1727 poribus
803 1629 914 1718 tibiis,
941 1631 996 1702 vel
1024 1631 1225 1728 imparibus

123 1746 328 1818 invenimus
357 1746 544 1846 scriptum,
575 1746 644 1819 boc
670 1746 861 1846 signifieat,
889 1745 986 1846 quod
1021 1747 1049 1819 si
1080 1747 1224 1846 quando

124 1861 297 1936 monodio
315 1861 443 1961 agebat
462 1887 569 1934 unam
591 1861 714 1935 tibiam
735 1861 893 1952 inflabat,
910 1861 937 1934 si
957 1861 1101 1960 quando
1118 1889 1224 1962 syno-

123 1977 185 2050 dio
202 1977 392 2076 'utrisque

177 2175 270 2247 Car.
284 2175 334 2248 X.
365 2175 592 2248 cinnomus
610 2199 661 2247 na
680 2198 951 2248 sxrnsmtrars
968 2199 1171 2250 nominum.

173 2321 356 2406 Quoniam
383 2323 592 2398 extremitas
621 2324 810 2397 nominum
840 2323 884 2396 ad
913 2325 1096 2399 metricam
1123 2353 1222 2400 oom-

124 2441 340 2542 positionem
365 2441 562 2514 necessario
591 2442 795 2542 indaginem
820 2441 980 2540 inquirit,
998 2441 1126 2514 iccirco
1152 2441 1224 2514 sin-

124 2559 290 2658 gulorum
319 2557 564 2631 extremitates
590 2559 794 2658 regulatim‚
811 2584 921 2656 quam
948 2548 1223 2656 potuimusde-

123 2673 244 2746 linitas
279 2673 510 2762 contulimus,
540 2701 613 2771 quo
643 2674 782 2748 facilius
819 2687 1013 2746 metrorum
1050 2685 1222 2745 tractatus

122 2815 206 2862 cum
235 2788 305 2888 legi
334 2789 497 2888 coepcrit,
523 2790 722 2888 colligatur,
747 2793 802 2862 tet
829 2815 919 2889 pura
943 2788 1000 2860 via
1028 2787 1065 2860 in
1097 2814 1221 2861 sensus

123 2904 286 3003 legentis,
303 2917 340 2978 et
357 2905 433 2978 sine
451 2905 533 2978 ullis
551 2905 765 3004 caliginibus
783 2907 912 2980 veniat.

172 3021 303 3094 Omnis
330 3048 433 3095 casus
464 3021 604 3094 numeri
634 3021 823 3120 singularis
853 3034 890 3094 et
920 3018 1077 3120 pluralis,
1102 3020 1249 3094 obser-2

122 3151 204 3211 vata
220 3136 415 3210 novissima
441 3137 589 3236 syllaba,
603 3137 744 3212 facilius
770 3136 1019 3224 'monstrabit
1038 3135 1222 3232 quomodo

123 3279 285 3351 separare
320 3251 527 3340 debeamus,
557 3278 638 3350 quae
672 3253 717 3324 sit
751 3251 982 3350 producenda
1017 3253 1101 3324 wvel
1141 3278 1222 3350 quoe

24 3359 28 3364 ¹
123 3366 345 3465 corripienda
364 3367 491 3440 ultima
510 3367 698 3440 nominum
727 3368 874 3464 syllaba.
927 3367 1098 3466 Quinque
1123 3367 1219 3441 enim

122 3483 262 3556 vocales
281 3511 381 3556 suam
408 3495 624 3584 potestatem
655 3496 811 3570 mutant,
829 3510 914 3557 cum
941 3511 1004 3584 per
1030 3510 1132 3558 casus
1158 3511 1223 3558 no-

122 3599 220 3671 mina
238 3625 259 3670 a
275 3599 391 3698 prima
412 3599 466 3672 sui
485 3599 662 3698 positione
681 3601 814 3673 inflexa
831 3601 1023 3674 varientur.
1062 3600 1223 3673 '‘Omnia

163 3841 179 3874 ¹¹
194 3833 368 3912 magisterio]
385 3835 535 3912 ergasterio
549 3834 653 3892 Aac.
762 3843 777 3876 ⁰
792 3829 1220 3911 dedignabnnuu—comoediis]

121 3915 473 3986 dedignantur—comedin
490 3914 594 3974 Α.Β.Ο.
608 3918 824 3988 dedignarentur
843 3913 967 3990 Scioppii
989 3915 1053 3970 MS.
1088 3912 1159 3968 Mox
1174 3929 1221 3968 eo-

122 3995 371 4068 empto-sumptu
387 3995 432 4052 Sc.
515 3995 754 4072 tonusquisque]
773 4015 836 4052 usus
847 3997 958 4069 quisque
968 3995 1037 4052 A.C.
1050 3993 1124 4050 Ven.
1150 3991 1222 4050 Mox

121 4076 199 4147 coepit
212 4075 322 4132 Aac.
422 4086 438 4130 <t
453 4077 574 4150 setania]
590 4079 698 4134 aaronis
711 4077 746 4134 A.
761 4079 885 4132 sorronts
900 4076 933 4132 B.
948 4076 1066 4130 tarsonis
1080 4075 1113 4130 C.
1155 4071 1222 4130 Vid.

121 4153 185 4210 Aldi
201 4153 325 4212 Manutii
340 4155 385 4214 De
398 4156 535 4216 Questus
550 4175 598 4232 per
609 4157 700 4233 Epist.
711 4157 749 4213 ll.
761 4175 790 4229 4.
874 4167 885 4200 r
899 4152 1219 4231 canticis—pyreulicis]

122 4237 433 4310 cantico-pythonicis
446 4239 516 4296 Α.Β.
541 4238 605 4296 Vid.
616 4236 728 4294 Brodaei
743 4234 865 4294 Miscell.
882 4236 978 4308 11.13.
1033 4244 1053 4278 ‘⁸
1068 4235 1220 4314 utrunque]

122 4319 243 4388 utrum
257 4317 329 4374 A.B.
344 4321 488 4392 utriusque
502 4320 550 4377 Sc.
647 4323 658 4362 t
672 4329 703 4374 ut
717 4319 799 4394 pura]
816 4325 843 4374 et
855 4335 929 4390 puro
942 4316 1013 4374 Bc.
1109 4326 1123 4357 V
1138 4335 1222 4374 mon·

122 4395 237 4470 strubit]
252 4401 414 4456 monstravit
429 4401 463 4456 Α.
477 4399 647 4456 monstrabat
661 4398 694 4455 B.
807 4408 829 4438 ¹
844 4395 886 4454 rel
900 4395 1090 4474 conicienda]
1107 4399 1151 4454 vet
1163 4415 1223 4470 que

122 4479 293 4552 comipiendo
308 4479 382 4554 An),
394 4481 438 4536 uel
451 4499 503 4554 que
514 4481 686 4554 corripiendo
700 4499 728 4536 u.
746 4479 884 4536 bominum
901 4478 934 4535 Β.
987 4487 1003 4520 ¹
1017 4477 1115 4536 omnia
1128 4477 1218 4552 enim]

122 4561 212 4614 omnio
228 4561 313 4632 igitur
328 4561 397 4616 AB.

643 4669 708 4727 3Ν
