3076 5140
17 391 19 462 l
137 427 221 479 car.
239 419 295 478 ll.
420 403 485 476 De
497 403 695 504 generibus
710 413 906 478 metrorum
924 403 989 500 850.
1173 401 1242 496 167
1362 475 1366 488 .

210 656 317 738 Car.
335 655 412 738 XI.
459 658 525 740 De
536 659 758 766 generibus
776 673 997 742 metrorum
1014 663 1168 768 qumod

487 785 668 866 Iumbico
679 789 904 895 proficeret.

185 931 358 1008 Decurso
382 931 528 1030 dactylo
554 945 663 1031 atque
686 933 742 1008 bis
767 959 849 1032 quae
875 959 919 1006 ex
947 959 991 1006 eo
1018 949 1243 1032 generantur,

138 1047 381 1123 celeberrimis
398 1047 590 1122 dumtaxat
613 1049 749 1135 metris,
768 1049 900 1145 quibus
917 1062 954 1122 ct
972 1049 1093 1148 magati
1121 1065 1244 1124 aucto-

139 1189 193 1236 res
218 1163 371 1236 nomina
394 1161 583 1250 dederunt,
605 1177 643 1236 et
667 1163 822 1238 illustres
847 1178 963 1262 poetae
984 1165 1039 1236 usi
1064 1181 1148 1239 sunt
1174 1165 1243 1238 fre-

139 1293 304 1376 quenter,
330 1277 533 1351 adoriemur
558 1279 735 1369 iambum,
759 1279 1014 1379 principalium
1044 1296 1240 1356 metrorum

141 1393 356 1480 secundum,
373 1407 413 1466 ut
430 1394 480 1466 ita
497 1393 664 1484 dixerim,
678 1395 831 1484 fontem,
848 1411 1050 1468 consortem
1074 1398 1128 1470 sui
1152 1411 1243 1472 tem·

140 1509 234 1608 poris
253 1535 297 1582 ac
314 1509 465 1594 socium,
480 1536 501 1581 e
517 1535 591 1606 quo
609 1510 695 1608 quid
722 1511 832 1584 solers
858 1509 1048 1584 doctorum
1065 1512 1242 1586 industria

139 1649 203 1722 per
220 1623 461 1720 adjectionem
484 1651 549 1698 seu
569 1623 828 1699 detractionem
848 1641 911 1698 aut
927 1625 1241 1700 concinnationem

141 1750 383 1838 tconeeptnm
410 1739 574 1831 ediderit,
597 1741 684 1839 quid
708 1741 929 1816 eruditorum
956 1741 1097 1838 judicio
1121 1769 1243 1844 recep·

141 1869 219 1928 tum
246 1855 286 1926 in
317 1856 525 1956 exemplum
556 1855 757 1955 disciplinae
782 1856 935 1956 posteris
963 1858 1151 1932 rtraditum
1183 1860 1241 1944 sit,

141 1983 249 2068 prout
265 1985 426 2070 poterae
447 1972 628 2071 'pluribus
652 1999 768 2072 pauca
784 1973 1102 2072 comprehendam,
1121 1977 1242 2075 profu·

142 2099 220 2159 tura
237 2088 378 2162 scilicet
394 2088 590 2187 cognitioni
608 2103 671 2162 aut
694 2089 891 2162 intellectui
910 2113 1046 2179 eorum,
1062 2115 1144 2188 quae
1160 2092 1241 2188 quis

143 2215 205 2274 aut
233 2228 357 2276 eruere
389 2215 430 2276 ut
463 2203 580 2302 prisca
613 2229 659 2276 ex
687 2205 891 2291 reconditis,
921 2221 983 2279 aut
1012 2230 1055 2278 ex
1084 2233 1177 2280 nova
1204 2233 1241 2280 re

143 2317 381 2416 temptaverit.

188 2433 364 2506 Diximus
400 2433 491 2530 jam,
528 2459 613 2506 cum
654 2434 855 2534 specialiter
891 2437 1114 2534 singulorum
1150 2463 1268 2538 pree-2

142 2562 246 2649 cepta
271 2548 504 2638 traderemus,
525 2549 688 2622 iambum
717 2549 878 2649 ‘dactylo
903 2565 977 2625 tam
1007 2543 1141 2650 pedum
1174 2577 1241 2624 nu-

143 2689 240 2738 mero
255 2691 366 2763 quam
383 2666 612 2766 percussione
629 2691 837 2765 congruere.
879 2667 977 2740 Nam
997 2683 1037 2740 ut
1055 2667 1157 2742 illum
1177 2695 1240 2742 sex

140 2782 274 2879 pedum
298 2807 404 2856 cursu
429 2782 694 2870 hexametrum,
718 2781 767 2856 ita
790 2783 888 2856 bunc
911 2807 1055 2880 quoque
1081 2785 1129 2856 ob
1152 2809 1240 2857 cun·

141 2896 221 2970 dem
250 2897 384 2995 pedum
413 2923 605 2971 numerum
635 2897 813 2972 senan'urn
842 2897 1010 2998 appellari
1038 2899 1240 2988 voluerunt,

140 3039 247 3110 quem
263 3027 301 3084 ct
318 3013 534 3100 trimetrum,
547 3037 630 3086 nant
643 3013 780 3110 jugatis
797 3039 861 3111 per
877 3011 1047 3111 dipodian
1066 3015 1160 3086 binis
1179 3041 1241 3114 pe-

139 3127 244 3201 dibus
262 3142 318 3200 ter
331 3126 465 3202 feritur.
499 3128 599 3202 Huic
612 3141 729 3227 poetae
741 3140 887 3227 propter
898 3129 1178 3202 contractionem
1194 3129 1266 3205 ads

140 3245 350 3318 brevitatem
370 3243 458 3340 ejus,
474 3248 634 3342 (vntpote
652 3243 689 3315 in
708 3243 775 3315 tria
792 3255 956 3340 tempora
966 3244 1125 3331 coartati,
1142 3243 1240 3316 idco·

140 3387 209 3459 que
226 3387 343 3460 pauca
357 3357 565 3446 admodum,
578 3383 658 3455 quae
675 3359 752 3455 ejus
766 3357 871 3431 metri
887 3359 1110 3457 temporibus
1123 3371 1239 3432 wcon-

139 3489 320 3575 gruerent,
332 3479 436 3548 verba
448 3475 683 3572 admittenti,)
691 3501 764 3572 quo
775 3475 880 3548 latius
892 3475 1118 3576 panderetur,
1131 3503 1239 3576 spon-

139 3593 262 3681 deum,
279 3591 477 3690 dactylum,
495 3604 531 3664 et
548 3605 770 3689 anapaestum
801 3591 1033 3677 miscuerunt,
1049 3591 1239 3668 dumtaxat

139 3707 272 3806 dispari
298 3707 388 3792 loco,
406 3706 442 3779 id
461 3721 515 3780 est
532 3707 662 3806 primo,
679 3706 796 3796 tertio,
813 3721 849 3780 et
866 3707 1007 3804 quinto,
1031 3733 1151 3807 parem
1177 3733 1239 3780 au-

139 3837 214 3895 tem
240 3820 363 3895 sedem
386 3822 548 3895 iambum
576 3847 718 3918 semper
743 3835 784 3894 ut
809 3823 875 3894 sibi
897 3822 1051 3896 dicatam
1076 3821 1239 3894 obtinere

139 3937 340 4011 voluerunt.
389 3935 461 4009 Sed
489 3937 559 4010 hoc
576 3936 612 4008 in
632 3937 775 4034 tragicis
792 3951 829 4011 et
845 3938 992 4012 cornicis
1014 3937 1148 4024 metris,
1165 3961 1267 4035 quos

139 4051 210 4125 sint
228 4051 432 4151 ampliores.
469 4053 568 4125 Nam
589 4052 790 4126 iamborum
809 4054 1010 4152 scriptores,
1027 4054 1159 4151 quibus
1180 4079 1237 4126 ce·

140 4165 201 4240 leri
229 4193 332 4240 versu
359 4193 450 4266 opus
472 4182 538 4256 est,
556 4169 629 4240 fere
655 4195 719 4268 per
738 4169 846 4267 pedes
872 4169 1012 4242 iambos
1037 4169 1236 4269 provolant.

178 4324 347 4396 cediderit]
368 4338 537 4404 conceptum
559 4325 678 4386 ediderit
698 4328 730 4384 P.
854 4335 863 4362 ¹
887 4326 1036 4402 traditum]
1056 4325 1191 4386 traditura
1206 4331 1237 4388 P.

139 4413 151 4447 ⁸
164 4405 304 4484 pluribus]
321 4405 447 4484 pluribus
461 4425 551 4484 pauca
564 4407 595 4524 Β.
677 4407 689 4450 l
703 4407 854 4486 dactylico]
870 4407 975 4466 dactilo
990 4409 1022 4467 P.
1095 4417 1110 4447 v
1123 4413 1235 4486 utpote]

140 4545 253 4612 utpute
267 4536 300 4593 P.
316 4534 364 4612 qui
380 4555 455 4605 mox,
470 4545 598 4595 coartari.
671 4547 693 4579 a
707 4539 908 4616 congruerent]
924 4559 987 4615 quae
1000 4551 1190 4614 congruerent
1204 4539 1236 4594 P.
