3082 5140
305 377 378 440 ⁴28
437 439 448 450 ,
756 361 950 436 merens
1256 386 1407 438 unm.
1517 471 1518 494 Χ

307 547 404 622 vocis
427 547 646 622 abominante
674 544 797 622 audire
826 572 899 621 nou
927 545 1089 648 ¹possint.
1141 545 1409 622 Rhsdmantho

309 679 429 740 autem
463 663 683 738 constitutus
722 661 886 752 traditur,
912 663 974 760 qui
1008 661 1173 750 Arcndise
1205 664 1410 762 ¹''princepa

308 794 465 856 venerat.
516 779 605 854 Fors
630 777 805 879 accipitur
829 777 875 850 ab
900 777 1076 878 agricolis.
1128 779 1214 853 Hoc
1239 807 1410 854 suoeessu

308 911 346 972 et
371 897 441 970 hoc
457 895 580 970 divino
604 894 677 970 ritu
694 921 716 970 a
732 893 880 968 musicis
906 893 1062 968 cumulis
1085 895 1229 993 paribus
1253 909 1342 968 ture
1359 895 1412 968 iu·
1517 911 1518 914 ’

309 1013 425 1090 censis
443 1011 614 1088 altaribus
633 1012 790 1086 musicos
807 1011 935 1084 choros
952 1008 1106 1108 geminis
1123 1010 1310 1108 gressibus
1328 1026 1413 1084 ”ex-

308 1129 470 1230 plicaret,
487 1141 525 1204 et
549 1125 729 1228 sequipedi
756 1152 846 1200 sono
871 1123 1006 1198 tibicen
1032 1125 1263 1224 spondalium
1281 1152 1412 1200 canere
1517 1127 1518 1146 ¹

309 1245 483 1343 ⁰juberet,
501 1257 541 1318 ut
565 1241 706 1318 duabus
729 1242 847 1342 longis
869 1240 1047 1329 meiodiis,
1071 1241 1174 1338 quasi
1199 1241 1413 1342 duplicibus

309 1375 346 1436 et
369 1360 520 1460 jugibus
547 1360 661 1434 erotis
686 1383 857 1460 prospere
880 1357 1029 1432 deorum
1055 1357 1221 1432 voluntas
1250 1361 1415 1432 firmare·

280 1491 379 1564 atur.
429 1477 593 1551 Numam
619 1473 838 1576 Pompilium
857 1471 1065 1556 tdivinitate
1089 1473 1296 1572 praeditum,
1314 1473 1414 1547 hunc

309 1593 439 1694 pedem
458 1591 686 1693 pontificium
710 1590 907 1690 appellasse
924 1601 1138 1678 memorent,
1154 1602 1257 1663 rcum
1277 1589 1413 1664 'Salios

305 1709 468 1810 juniores
494 1705 607 1806 nequis
629 1707 809 1808 gressibus
832 1707 1045 1780 circulantes
1071 1703 1278 1780 ‘induceret
1303 1733 1413 1806 spon-

310 1825 379 1900 deo
404 1823 500 1898 melo
526 1823 660 1923 patrios
690 1825 831 1924 placere
855 1821 1043 1920 indigetes.
1095 1819 1196 1920 Ergo
1223 1835 1264 1894 et
1293 1821 1412 1896 dibra-
1517 1899 1518 1928 ἢ

310 1941 400 2016 chus
422 1953 460 2014 et
482 1939 662 2042 spondeus
684 1953 827 2016 tantum
845 1938 1002 2012 'habeut
1020 1935 1056 2008 in
1074 1936 1156 2026 arsi,
1172 1951 1356 2034 quantum
1377 1937 1412 2008 in
1517 1929 1518 1956 ¹

309 2055 415 2130 thesi.

267 2203 298 2238 ιο
361 2169 512 2244 Iambus
541 2170 604 2268 qui
634 2183 777 2244 constet
806 2195 851 2243 ex
882 2167 980 2240 brevi
1014 2180 1051 2240 et
1084 2169 1204 2266 ionga,
1233 2183 1276 2240 ut
1302 2167 1413 2252 Dies,

310 2285 457 2358 'versui
481 2285 660 2360 maledico
683 2283 825 2372 habilis,
843 2281 949 2381 'rapi
968 2280 1002 2354 ri
1018 2283 1325 2378 iapflr'tsn'Graece
1351 2308 1412 2355 no-

312 2399 480 2474 minatur.
526 2399 647 2497 Hujus
665 2412 786 2474 nutem
804 2399 906 2498 origo
920 2397 1018 2471 verbi
1037 2423 1083 2472 ex
1102 2397 1248 2472 nomine
1265 2398 1412 2470 lambec

311 2514 456 2590 famulae
486 2513 586 2588 Celei
613 2514 826 2600 ’derivatun
853 2539 936 2612 quoe
965 2514 1146 2602 Cererem,
1169 2515 1283 2587 filiam
1313 2541 1412 2614 quae-
1491 2591 1496 2604 ,

165 2685 174 2702 ,
310 2629 422 2704 reudo
447 2629 492 2704 ed
518 2629 747 2728 Meganiram
779 2627 970 2728 conjugem
1000 2629 1099 2702 Celei
1129 2627 1300 2717 delatam,
1327 2656 1410 2704 cum

310 2745 459 2820 vidisset
484 2745 674 2834 solicitam,
691 2747 785 2818 mule
806 2746 982 2820 tractavit.
1033 2746 1192 2830 Quidam
1219 2759 1344 2820 autem
1364 2747 1413 2819 fe-

311 2875 396 2936 runt
421 2861 585 2936 iambum
604 2861 705 2959 quasi
731 2861 927 2936 triambum
951 2889 971 2936 a
996 2862 1258 2962 triumphatore
1276 2861 1413 2936 Libero

270 2977 621 3078 ncognominatum.
683 2976 779 3050 'Sed
810 2977 869 3052 alii
893 3003 915 3050 a
942 2977 1064 3050 Marte
1091 2992 1211 3051 ortum
1238 2979 1411 3052 lamburn

312 3212 427 3269 Meam
440 3211 507 3268 MS.
519 3229 564 3288 ap.
576 3207 742 3288 Scioppium
757 3209 777 3268 l.
787 3228 813 3268 c.
828 3219 858 3268 ut
868 3229 927 3268 nm.
938 3211 1012 3270 Ven.
1032 3212 1105 3270 Mox
1117 3231 1168 3290 pro
1181 3213 1413 3287 conmutantur

311 3289 501 3350 Ruhnkenius
521 3309 565 3368 ap.
586 3291 705 3350 Sauteu.
719 3291 836 3350 Terent.
851 3291 943 3350 Maur.
958 3311 986 3368 p.
997 3293 1046 3366 63.
1068 3297 1217 3367 ccrnporitn
1232 3293 1412 3356 canebantur.

313 3370 464 3430 Santenius
478 3371 698 3430 concinebantur.
785 3369 794 3414 ¹
806 3392 865 3430 non
880 3383 997 3450 possent
1009 3372 1148 3447 Arcadias]
1165 3392 1218 3430 aon
1229 3376 1345 3448 pretist.
1368 3393 1414 3431 rc-

312 3453 427 3510 nunant
442 3453 476 3510 tn
490 3461 582 3511 cutern
596 3455 758 3510 constitutas
773 3455 894 3512 traditur
907 3456 954 3528 put
969 3452 1114 3512 Archadia
1128 3455 1165 3512 Β.
1239 3463 1264 3496 ¹¹¹
1277 3455 1413 3532 princeps

312 3544 435 3598 venerat,
451 3551 511 3590 sors
528 3529 665 3610 accipitur
685 3553 736 3611 pro
757 3532 897 3612 agricolis.
941 3533 1006 3592 Hoc
1027 3535 1173 3599 successit.
1187 3544 1218 3592 et
1239 3534 1294 3592 hcc
1315 3534 1411 3592 dirum

313 3611 369 3670 ritu
384 3611 505 3670 cumulis
520 3614 633 3690 paribus
647 3631 665 3672 a
679 3613 792 3675 musici·
804 3615 885 3674 thure
899 3612 1035 3689 incensis]
1049 3617 1187 3691 principes
1203 3617 1348 3690 (princeps
1362 3616 1411 3684 B.)

313 3700 434 3762 ment,
439 3691 506 3770 sors
521 3691 604 3770 Uene
616 3694 663 3768 Β.)
676 3697 811 3770 accipitur
821 3695 857 3752 nb
868 3697 996 3768 agricolis
1005 3697 1056 3752 icc
1064 3713 1186 3756 succensu
1202 3701 1265 3768 (auo
1276 3715 1352 3754 cestu
1362 3696 1411 3766 B.)

313 3783 341 3834 et
355 3775 406 3834 hoc
415 3777 508 3834 diuino
521 3779 578 3832 ritu
588 3795 606 3833 n
617 3776 725 3832 musicis
734 3775 850 3832 martulis
859 3775 974 3850 paribus
986 3785 1047 3834 tare
1057 3779 1170 3834 incensis
1181 3777 1251 3836 AB.
1265 3797 1325 3834 cunr
1341 3779 1414 3834 natis

310 3857 812 3932 pantardum-spondaeum
830 3855 992 3914 Salmasius.
1030 3855 1096 3916 Vid.
1112 3859 1230 3916 Senten.
1244 3857 1281 3916 ad
1294 3858 1412 3916 Terent

314 3937 407 3996 Maur.
422 3955 451 4014 p.
463 3937 512 3994 62.
617 3945 632 3976 ⁰
648 3933 802 4012 explicare]
819 3937 968 4011 cantitaret
982 3939 1019 3996 A.
1034 3937 1107 3996 Ven.
1228 3947 1245 3981 ⁰
1253 3937 1410 4016 jubebant]

306 4015 417 4090 juberet
430 4017 467 4075 B.
483 4017 555 4076 Ven.
652 4025 668 4070 Ρ
684 4015 813 4088 vocibus]
827 4018 897 4074 uotis
911 4018 945 4074 A.
959 4037 1017 4076 orn.
1035 4019 1067 4074 B.
1081 4020 1154 4078 nocie
1168 4019 1242 4080 Ven.
1338 4029 1356 4074 ‘t
1369 4017 1412 4076 di·

315 4095 445 4174 rinitate]
461 4101 586 4156 dicecere
598 4095 671 4156 AB.
685 4095 757 4160 Veu.
795 4098 866 4154 Mox
878 4100 1037 4174 pnnt'ficum
1052 4099 1124 4157 Ven.
1188 4108 1244 4156 tet
1258 4099 1337 4172 curn]
1353 4119 1412 4156 cunr
1517 4143 1518 4156 .

314 4176 350 4234 A.
366 4175 439 4234 Ven.
521 4175 654 4252 ⁸Salios]
670 4177 739 4234 clins
753 4177 789 4235 B.
871 4176 1226 4258 tinduceret-placasse]
1247 4182 1413 4238 inducere—

309 4257 437 4332 plncnrct
450 4256 484 4314 A.
500 4257 572 4316 Ven.
583 4260 710 4332 placaret
723 4257 759 4316 B.
801 4257 873 4318 Mox
888 4255 979 4320 tamin
993 4279 1045 4338 pro
1060 4260 1252 4322 tantumVen.
1333 4270 1350 4303 V
1365 4261 1412 4318 ha-

314 4335 397 4408 bent]
415 4333 497 4393 tutet
511 4338 581 4395 AB.
694 4337 890 4415 vastantque]
905 4341 1069 4400 cerruA.B.
1085 4341 1158 4399 Ven.
1260 4350 1277 4384 ¹
1290 4344 1413 4414 ιαμθιζω
1517 4337 1518 4392 ἶ

313 4419 341 4474 τὸ
355 4414 471 4490 ὑβρίζειν]
486 4418 629 4474 tnnrbr'zein
644 4421 737 4478 Groece
747 4422 904 4478 nominatur
913 4422 984 4480 AB.
996 4423 1023 4478 st
1036 4425 1143 4498 ὑβρίζειν
1152 4440 1211 4480 om.
1224 4421 1295 4480 Ven.
1330 4431 1411 4480 tnn-
1517 4419 1518 4478 i

313 4493 451 4568 minatur]
466 4496 608 4554 derivatur
621 4499 696 4555 AB.
818 4509 833 4542 ⁸
847 4500 919 4574 Sed]
935 4520 993 4560 cm.
1009 4502 1045 4562 B.
