3012 5084
322 383 343 440 t
708 361 829 434 Marii
847 361 1034 434 Victorini
1313 384 1418 434 arn.
1446 381 1462 434 1

293 552 470 628 riaciunt.
506 547 599 619 Sunt
615 559 735 618 autem
755 543 1126 642 quinque,·aeioo.
1166 545 1320 618 Harum
1345 544 1463 636 duam

321 669 336 740 i
352 679 389 738 et
406 691 443 750 u,
460 675 645 736 transeunt
663 660 698 734 in
717 659 992 733 consonantium
1012 671 1240 758 potestatem,
1258 687 1360 734 eum
1385 663 1463 734 aul

323 786 411 880 ipsae
431 780 523 852 inter
540 805 577 850 se
595 775 920 876 geminantur‚¹'aut
938 801 1023 848 eum
1042 775 1120 848 aliis
1138 776 1333 850 vocalibus
1351 777 1463 870 jun-

292 909 467 994 aguntur,
485 908 525 968 ut
536 893 652 979 dano,
669 904 782 968 votes.
812 889 1097 966 Consonontr'um
1115 917 1198 964 vero
1214 904 1270 964 est
1289 891 1464 990 species

321 1010 476 1108 duplex:
503 1009 698 1082 suntenim
724 1006 802 1082 aliae
827 1007 1070 1095 semivocales,
1088 1006 1166 1080 aliae
1192 1021 1322 1080 mutae.
1376 1005 1464 1078 Se-

322 1125 515 1199 mivocoles
531 1137 616 1197 sunt
633 1151 713 1222 quse
731 1150 795 1222 per
811 1151 849 1196 se
862 1121 1006 1219 quidem
1027 1122 1267 1222 proferuntur,
1280 1119 1351 1192 sed
1373 1147 1461 1218 per

323 1269 360 1314 se
379 1243 553 1339 syllabam
575 1267 645 1314 nou
664 1240 821 1313 faciunt:
850 1252 934 1311 sunt
952 1253 1072 1312 autem
1091 1264 1242 1310 numero
1260 1253 1425 1335 septem
1443 1267 1455 1310 a

308 1353 349 1455 s
358 1354 423 1428 lm
441 1377 591 1428 arse.
642 1353 699 1426 Ex
724 1352 778 1424 liis
805 1379 877 1426 una
902 1351 1037 1452 duplex
1065 1352 1193 1441 littera,
1209 1379 1253 1426 rr:
1282 1366 1453 1426 constat

323 1470 419 1542 enim
439 1483 502 1541 aut
519 1483 661 1567 exget
679 1495 708 1556 s,
727 1481 766 1540 ut
784 1469 986 1566 recregim
1007 1481 1069 1542 aut
1085 1479 1241 1540 eeucet
1257 1493 1289 1552 s,
1306 1469 1450 1563 utpis:

291 1618 307 1664 ι)
319 1586 430 1682 picis:
459 1583 611 1681 ideoque
625 1583 702 1656 haee
719 1584 837 1656 littera
851 1611 871 1656 a
884 1582 1100 1681 quibusdam
1115 1598 1277 1680 negatur.
1307 1581 1448 1656 Mutae

322 1713 407 1772 sunt
424 1713 545 1771 autem
563 1723 643 1795 quoe
662 1723 778 1795 neque
795 1725 913 1797 perse
931 1695 1077 1796 proferri
1096 1712 1258 1795 possunt,
1276 1725 1347 1770 nec
1365 1725 1446 1796 per

323 1842 360 1886 se
386 1813 561 1910 syllabam
589 1811 744 1886 faciunt:
773 1827 860 1886 sunt
885 1827 1006 1886 autem
1033 1840 1186 1886 numero
1204 1840 1350 1901 novem,
1370 1814 1393 1886 b
1417 1841 1442 1886 c

280 1965 309 1998 ιο
323 1930 349 2001 d
360 1957 389 2028 g
407 1929 431 2000 Ιι
448 1929 471 2002 k
482 1955 510 2026 p
528 1955 550 2027 q
568 1938 594 2000 t.
646 1927 706 2001 Ex
734 1929 790 2000 his
816 1955 1043 2028 supervacuae
1060 1927 1277 2024 quibusdam
1298 1927 1438 2000 viden-

322 2059 381 2116 tur
406 2043 430 2116 lc
446 2058 481 2115 et
499 2069 534 2140 q,
552 2042 636 2139 quia
654 2070 674 2117 c
700 2043 819 2116 littera
837 2043 963 2117 harum
991 2045 1109 2117 locum
1130 2043 1242 2144 possit
1260 2043 1433 2141 implere.

323 2157 372 2230 H
384 2183 529 2255 quoque
546 2156 817 2258 “adspirationis
835 2174 972 2248 notam,
986 2187 1057 2233 non
1075 2161 1229 2232 litteram
1245 2160 1433 2234 ‘aestima-

323 2301 425 2358 mus;
447 2300 475 2371 y
493 2287 529 2345 et
546 2300 568 2346 z
587 2287 733 2372 propter
750 2276 877 2350 Graeca
895 2276 1042 2350 nomina
1060 2275 1295 2348 admittimus

280 2430 305 2463 ιι
372 2389 511 2462 Littera
528 2405 582 2462 est
601 2389 770 2466 humanae
789 2392 885 2465 vocis
904 2419 996 2490 pars.
1021 2391 1168 2464 Litteras
1184 2390 1357 2464 Romanae
1373 2391 1426 2464 ad

323 2505 561 2578 imitationem
583 2507 789 2583 Graecarum
806 2507 934 2580 factae:
959 2534 1068 2580 novas
1082 2507 1189 2579 etiam
1211 2505 1355 2596 habent,
1368 2521 1424 2592 ut,

321 2622 345 2694 lt
362 2649 384 2721 q
403 2649 428 2694 u
440 2622 563 2695 :item
584 2624 778 2722 superfluas
796 2622 968 2720 quasdam
984 2622 1152 2694 videntur
1166 2622 1327 2710 retinere,
1342 2646 1369 2694 c
1380 2636 1423 2696 et

321 2739 406 2812 leet
432 2765 478 2838 q:
505 2765 589 2810 nam
615 2765 644 2838 y
668 2751 705 2812 et
735 2765 757 2812 z
785 2753 930 2840 propter
956 2739 1082 2812 Graeca
1113 2739 1260 2812 uomina
1287 2737 1418 2812 additae

280 2895 307 2930 η
321 2869 416 2928 sunt.
450 2853 532 2928 Nee
550 2855 734 2930 dubitatur
752 2855 807 2928 his
826 2855 952 2928 litteris
970 2855 1139 2927 omnibus
1157 2854 1291 2951 absque
1308 2854 1377 2926 sola
1393 2881 1417 2927 v

321 2971 480 3060 remotis,
513 2972 654 3046 Latinae
684 2973 818 3069 linguae
852 2971 1005 3067 reliquas
1041 2968 1178 3042 fdecem
1209 2983 1248 3042 et
1280 2983 1413 3068 septem

279 3134 307 3179 ,3
320 3111 426 3183 posse
452 3085 666 3162 satisfacere.
717 3087 816 3158 Nam
843 3113 907 3185 pm
929 3087 965 3174 lt,
989 3084 1238 3184 adspirationis
1262 3103 1350 3174 nota,
1372 3099 1414 3158 ut

321 3199 437 3272 Graeci
453 3199 601 3288 faciunt,
618 3201 703 3299 poui
718 3199 883 3300 possets
887 3215 923 3274 et
937 3229 974 3298 p,
991 3215 1028 3274 et
1040 3199 1166 3274 eadem
1180 3199 1412 3298 adspiratione

321 3313 572 3412 compleretur.
623 3315 874 3389 Nihilominus
901 3343 966 3415 pro
989 3319 1013 3390 lc
1037 3332 1074 3390 et
1098 3343 1131 3416 q,
1150 3343 1169 3390 c
1186 3317 1302 3391 littera
1317 3315 1411 3388 facil-

321 3429 407 3500 lime
427 3430 635 3503 haberetur:
654 3456 680 3503 a
696 3446 816 3504 autem
837 3459 932 3530 perc
950 3447 987 3507 et
1002 3459 1021 3506 s
1038 3459 1226 3532 possemus
1247 3433 1406 3506 scribere:

322 3545 373 3617 sic
393 3559 430 3617 et
455 3572 488 3634 z,
507 3545 535 3617 si
563 3546 671 3619 modo
687 3547 821 3620 Latino
839 3552 993 3622 sermoni
1022 3551 1220 3623 necessaria
1236 3563 1333 3638 esset,
1348 3575 1408 3648 per

322 3661 399 3733 det
423 3689 442 3734 s
460 3662 594 3735 litteras
620 3663 829 3750 faceremus,
848 3665 908 3736 sed
932 3679 972 3736 ut
989 3692 1127 3752 omues,
1143 3692 1222 3762 quae
1249 3665 1321 3738 usui
1343 3680 1406 3737 tra·

280 3815 308 3860 η
321 3774 404 3849 ditoe
423 3792 518 3866 suut,
536 3779 762 3878 recipiamus,
780 3795 863 3854 sunt
883 3781 1030 3878 &viginti
1050 3795 1131 3856 tres.
1183 3781 1241 3854 Ex
1263 3781 1312 3854 his
1334 3781 1404 3854 aliae

322 3907 406 3965 sunt
418 3895 571 3982 vocales,
583 3909 622 3967 ut
640 3923 746 3994 supra
761 3897 941 3980 diximus;
968 3897 1048 3968 aliae
1062 3912 1315 3982 consonantem
1333 3897 1402 3970 aliae

324 4023 442 4082 mutae.
494 4010 645 4082 Vocales
676 4026 759 4084 suut
785 4037 865 4108 quae
896 4011 1041 4112 plenam
1073 4039 1198 4086 vocem
1226 4011 1401 4111 proferunt,

362 4271 441 4330 bam
455 4275 498 4346 in]
515 4287 564 4331 aut
578 4296 642 4333 eum
659 4279 690 4334 P.
799 4289 814 4320 ⁰
827 4299 860 4337 ex
876 4280 902 4352 c]
915 4299 948 4337 ex
963 4293 1019 4338 cet
1033 4301 1046 4336 s
1062 4283 1092 4338 Ρ.
1199 4277 1214 4322 ‘¹
1229 4278 1395 4358 aspirationis]

239 4386 242 4394 ·
322 4353 519 4429 aclspirationis
536 4357 566 4412 P.
582 4359 666 4412 etsie
681 4357 761 4414 inira.
865 4370 878 4400 θ
891 4359 1078 4436 aestimamus]
1095 4361 1270 4420 admittimus
1282 4360 1324 4418 sed
1337 4359 1397 4418 esti·

323 4452 432 4491 manms
446 4434 478 4492 P.
564 4435 682 4494 sdecem
698 4451 727 4496 et
740 4441 865 4517 septem]
882 4459 948 4498 xvu
961 4442 991 4500 P.
1060 4453 1077 4498 8
1091 4441 1188 4522 viginti
1205 4441 1273 4516 tres]
1288 4459 1356 4498 xxm
1368 4441 1394 4498 P.
