3076 5140
278 389 347 450 tao
648 373 771 452 Marti
789 373 971 448 Viator-iai
1220 393 1295 446 nra.
1314 390 1378 444 111.

275 559 395 657 gimus
422 559 532 632 heroo
558 559 822 659 sesquipedem,
849 557 899 632 ita
926 571 968 632 ut
988 557 1026 629 in
1048 553 1227 654 principio
1254 578 1377 626 versus

275 674 451 772 syllabam
468 673 613 770 longam
632 675 792 748 locemus
813 686 902 746 tunc
921 670 1092 758 maxime,
1109 668 1139 742 si
1157 668 1194 740 iu
1212 694 1256 740 eo
1273 692 1378 740 versu

275 789 382 862 suerit
400 789 536 886 primus
553 789 731 888 dactylus,
750 789 817 860 hac
833 788 931 858 euim
954 783 1075 856 addita
1092 783 1242 882 syllaba,
1259 782 1379 854 omnia

276 905 376 977 heroi
404 903 507 978 metri
534 905 625 978 ratio
642 903 945 978 commutabitur:
971 927 1056 974 nam
1080 925 1124 974 ex
1151 898 1297 997 dactylo
1314 923 1380 995 per

277 1018 513 1114 adjectionem
541 1019 735 1118 semipedis
761 1020 824 1090 liet
849 1016 1043 1116 spondeus,
1064 1015 1197 1092 dehinc
1217 1041 1297 1112 quoe
1324 1040 1380 1086 se-

276 1147 436 1231 quuntur
451 1132 532 1208 duae
551 1135 672 1208 breves
689 1133 892 1232 proximam
907 1133 1082 1231 syllabam
1096 1131 1256 1228 longam,
1274 1141 1379 1224 “quae

276 1248 420 1322 fueraut
433 1248 581 1347 dactyli,
595 1250 838 1347 occupabunt,
852 1263 892 1322 ut
911 1251 973 1322 liat
991 1263 1204 1346 anapaestus,
1221 1257 1258 1316 et
1275 1244 1379 1316 dein-

236 1391 362 1463 nccps
384 1363 529 1462 reliquae
554 1363 649 1438 idem
676 1364 820 1438 facient.
871 1365 915 1437 ln
939 1389 1108 1462 suprema
1130 1376 1249 1438 autem
1277 1373 1380 1460 parte

276 1505 412 1570 versus,
435 1479 472 1554 id
502 1493 557 1554 est
590 1493 673 1554 aute
701 1481 873 1554 ultimum
904 1478 1119 1576 spondeum,
1146 1503 1220 1574 quc
1248 1475 1379 1548 herous

278 1595 467 1684 clauditur,
489 1609 526 1668 et
540 1595 709 1692 quintum
735 1595 878 1694 pedem,
901 1593 1163 1692 interponimus
1180 1588 1379 1686 dactylum,

278 1725 374 1806 ⁰quo
401 1735 465 1808 pes
491 1711 667 1809 septimus
694 1723 894 1810 anapaestus
921 1707 1108 1794 efficiatur,
1138 1704 1380 1804 superfluente

280 1823 474 1922 semipede,
490 1825 613 1910 veluti,

378 1936 532 2012 Peliaco
549 1939 728 2036 quoidam
740 1949 935 2038 pragatuto
950 1937 1086 2012 vertice
1098 1935 1220 2032 pians.

240 2051 426 2148 13Adjicio
437 2053 553 2126 versui
567 2053 726 2152 primam
744 2055 919 2153 syllabam
934 2053 1078 2150 longam
1093 2063 1183 2137 ⁰⁰ear,
1194 2049 1279 2122 item
1296 2059 1380 2118 aute

280 2166 451 2239 ultimum
471 2191 567 2263 pono
586 2165 712 2263 pedem
730 2166 928 2268 perfretu,
947 2169 1010 2240 fiet
1026 2166 1118 2249 talis,

281 2281 344 2354 Eo
355 2279 509 2358 Peliaco
520 2283 698 2380 quondum
710 2293 906 2382 prognata
915 2283 1050 2360 vertice
1057 2305 1127 2378 per
1129 2277 1244 2380 fictu
1255 2277 1380 2374 pinus

281 2395 389 2482 Item,

332 2509 542 2612 Jamseros
559 2513 744 2611 Hespe-ia
761 2515 911 2592 dabitur
930 2515 1178 2612 Capricornus
1194 2512 1233 2584 ia
1248 2511 1360 2586 ειηάα.

241 2655 270 2702 ¹4
282 2629 406 2724 Jungo
421 2627 468 2702 ad
486 2628 628 2702 initium
654 2639 723 2719 ret,
735 2645 818 2704 ante
836 2633 1004 2706 ultimum
1024 2643 1145 2704 autem
1166 2654 1264 2726 pono
1280 2651 1382 2702 oma-

284 2753 355 2829 tnr,
372 2745 446 2832 fiet,

283 2856 331 2920 Et
332 2858 410 2942 jam
409 2857 512 2941 firus
523 2859 686 2947 Hesperio
700 2861 850 2926 ambitur
862 2861 1080 2948 Capricornus
1093 2867 1219 2925 oramus
1232 2859 1268 2922 in
1283 2857 1381 2922 undo.

283 2965 360 3039 Aut
377 2966 404 3038 si
424 2967 562 3064 primus
579 2968 759 3068 spondeus
782 2970 841 3056 sit,
858 2971 1086 3068 insequentes
1112 2968 1281 3066 anapesti
1308 2992 1383 3053 sex,

283 3080 467 3180 semipede
483 3084 624 3158 ultimo.
675 3085 783 3172 Item,

348 3196 484 3262 Admota
497 3198 596 3262 labris
610 3201 686 3266 tubo
700 3201 870 3266 terribilem
885 3203 1024 3266 sonitum
1036 3198 1122 3265 dedit
1137 3217 1199 3264 tero
1212 3217 1338 3260 canoro.

243 3337 270 3386 ¹⁵
286 3305 361 3380 Hic
379 3331 499 3380 versus
525 3335 588 3407 per
611 3309 849 3405 adjectionem
869 3325 1041 3407 quattuor
1065 3308 1282 3406 syllabarum
1311 3304 1384 3402 pri-

285 3447 425 3494 marum
453 3423 600 3498 admotu
626 3424 751 3510 labris,
774 3451 818 3500 ex
848 3426 957 3500 heroo
983 3423 1216 3523 anapaesticus
1235 3420 1381 3494 effectus

285 3549 340 3608 est
356 3550 583 3611 tetrametrus
607 3541 848 3630 catalecticus,
872 3539 1053 3613 scanditur
1078 3564 1142 3638 per
1160 3534 1324 3636 dipodius
1347 3547 1384 3607 et

286 3651 499 3726 terminatur
515 3681 579 3753 per
596 3654 830 3753 semipedem,
847 3653 910 3744 sic,

349 3766 485 3831 Admota
497 3769 597 3832 labris
611 3770 688 3833 tubo
701 3771 871 3834 terribilem
885 3771 1023 3834 sonitum
1038 3767 1123 3830 dedit
1138 3785 1199 3830 oro
1213 3786 1340 3828 corioro.

245 3896 274 3946 ιε
287 3873 381 3948 Item
405 3875 474 3948 alia
493 3875 538 3949 de
564 3876 774 3951 hexametro
798 3877 874 3973 ejus
898 3877 1033 3976 specics
1056 3902 1102 3948 ex
1125 3873 1252 3947 eodem
1278 3871 1384 3944 dum-

286 4001 387 4061 taxat
404 4014 518 4079 versu,
537 3991 573 4064 in
591 4019 664 4090 quo
681 4007 808 4092 praeter
829 3991 999 4066 ultimum
1018 4017 1144 4066 omnes
1162 3988 1296 4088 dactyli
1323 4015 1386 4087 pe-

287 4101 349 4176 dca
368 4103 450 4194 sint,
469 4121 520 4194 ut,

360 4218 419 4292 Ar
435 4222 524 4296 tubo
540 4223 741 4298 terribilem
757 4224 914 4297 sonitum
932 4222 1031 4296 dedit
1047 4246 1122 4296 oere
1137 4247 1300 4294 recurvo.

328 4395 512 4491 equam.
595 4407 695 4484 ⁰quo]
710 4408 758 4484 qui
773 4407 803 4464 P.
885 4406 978 4479 ⁰⁰ex]
996 4418 1025 4464 ct
1039 4407 1071 4464 P.
1086 4405 1133 4464 ed.
1146 4407 1227 4462 Cani.
1310 4401 1383 4474 Pet]

287 4491 317 4536 et
331 4499 385 4538 ram
403 4483 432 4539 Ρ.
448 4484 494 4542 ed.
510 4487 590 4544 Catu.
672 4485 827 4561 adsuitur]
842 4485 945 4544 labitur
961 4487 991 4544 Ρ.
