2980 5142
93 479 100 496 .
148 439 230 490 cur.
245 431 279 491 ⁵.
566 417 633 492 De
649 417 822 492 Pedibus.
1173 433 1244 493 435

146 612 201 672 cst
217 599 256 670 in
274 597 396 670 iambo
412 609 450 670 et
466 597 624 688 trochaeo
636 613 673 672 et
689 598 831 674 duobus
849 599 985 673 ionicis.
1013 601 1131 675 lambi
1149 601 1246 675 enim
1299 657 1304 664 .

145 714 234 788 arsis
251 739 365 787 unum
382 725 547 812 ¹tempus
565 727 708 788 tantum
727 715 764 788 in
787 743 824 788 se
849 716 969 804 habet,
986 729 1023 788 et
1040 716 1118 811 ejus
1137 717 1247 790 thesis

145 831 230 918 duo,
248 845 308 904 ⁸at
328 830 477 904 trochaei
496 855 596 903 verso
613 831 690 905 vice
716 831 803 904 arsis
829 830 925 902 lduo
944 831 1065 920 habet,
1082 846 1119 906 et
1136 833 1248 906 thesis

2 1016 3 1024 ,
124 971 273 1040 ¹unum.
324 945 497 1044 Soscuplo
514 971 660 1044 quoque
676 946 909 1045 intellegitur,
928 961 968 1020 ut
984 962 1040 1020 est
1057 949 1094 1020 in
1113 951 1294 1048 paeoni-³0
1415 939 1417 946 ¹

147 1063 225 1151 bus,
242 1076 279 1134 et
296 1062 333 1134 in
351 1061 493 1134 duobus
510 1062 690 1136 cbucchiis
706 1077 744 1135 ot
760 1064 904 1136 cretico.
939 1063 991 1137 Hi
1010 1064 1107 1137 enim
1127 1064 1248 1164 pedes,

146 1178 208 1273 qui
235 1177 458 1277 temporibus
476 1177 636 1276 quinque
661 1205 764 1278 pares
790 1193 886 1266 sunt,
904 1205 967 1278 per
983 1180 1067 1253 bino
1084 1192 1248 1279 temporo

145 1292 368 1366 dividuntur.
419 1292 647 1370 “Identidem
679 1295 766 1368 bina
792 1294 942 1390 adjecto,
968 1295 1105 1370 scilicet
1131 1295 1245 1368 duum

146 1407 300 1482 dimidio
324 1422 436 1508 porte,
453 1421 555 1483 terno
572 1409 617 1484 de
641 1437 679 1484 se
703 1409 870 1496 reddunt,
893 1437 957 1510 per
978 1437 1058 1508 quoe
1084 1411 1247 1510 sescuplo

147 1523 338 1620 colligitur.

197 1639 310 1712 Pedes
335 1639 510 1740 duplices,
532 1640 606 1714 sive
633 1642 831 1714 combinati
852 1643 909 1715 vel
937 1641 1114 1740 quadrati,
1144 1655 1288 1719 ‘sunto

146 1755 302 1832 sedecim
323 1757 381 1830 hi:

197 1871 517 1970 Προκελενσματικός,
531 1899 577 1946 ex
591 1871 733 1945 duobus
745 1873 975 1972 pyrrhichiis,
986 1887 1156 1970 quattuor
1168 1875 1246 1946 bro-

146 1987 244 2060 vium
264 1989 496 2086 syllabarum,
515 1985 734 2088 ‘temporum
753 1987 917 2076 totidem,
935 2002 987 2078 ut,
1008 1989 1050 2062 V
1044 1988 1175 2061 alerio.

196 2103 300 2176 Huic
326 2103 524 2176 contrarius
554 2115 609 2176 est
632 2103 884 2197 sdispondeus,
907 2130 951 2176 ex
976 2103 1117 2178 duobus
1140 2129 1290 2203 spon-3²

145 2218 233 2308 deis,
259 2219 476 2318 syllabarum
505 2231 675 2316 quattuor
700 2218 900 2316 longarum,
919 2233 1125 2318 temporum
1152 2234 1246 2306 octo,

145 2349 199 2424 ut,
216 2334 447 2425 Moecerrotes,
462 2333 702 2431 Suphmoter,
718 2343 891 2408 oratores.

196 2451 303 2524 Paeon
329 2450 480 2550 primus,
497 2473 543 2522 ex
568 2450 726 2524 trochaeo
743 2466 780 2522 et
802 2449 1024 2548 pyrrhichio,
1042 2449 1112 2522 hoc
1128 2462 1183 2522 est
1199 2475 1245 2522 ex
1258 2476 1291 2524 rs

145 2565 253 2663 longa
270 2579 307 2638 et
322 2566 438 2640 tribus
464 2563 668 2653 hbrevibus,
685 2578 891 2662 temporum
910 2563 1082 2662 quinque,
1099 2578 1151 2654 ut,
1168 2563 1247 2637 De-

144 2681 323 2768 modocus,
338 2678 577 2755 Stesichono.
605 2679 707 2752 Huic
724 2678 923 2752 contrarius
940 2691 996 2752 est
1010 2677 1155 2778 hippius
1172 2678 1260 2777 pri--

146 2823 240 2870 mus.

195 2912 300 2984 Prcon
328 2910 517 2998 secundus,
533 2935 578 2984 ex
606 2910 727 2982 iambo
744 2923 782 2982 et
800 2909 1022 3009 pyrrhichio,
1040 2908 1110 2980 hoc
1126 2919 1182 2980 est
1198 2931 1244 2979 ex
1256 2933 1290 2984 ³4

146 3028 242 3100 brevi
260 3041 297 3101 et
314 3027 422 3126 longo
438 3040 475 3099 et
491 3025 631 3099 duabus
645 3025 823 3115 brevibus,
840 3025 1058 3126 ¹temporum
1072 3022 1245 3120 quinque,

144 3156 196 3228 ut,
217 3141 378 3216 Colonia.
417 3141 519 3216 Huic
537 3141 734 3215 contrarius
751 3155 806 3214 est
823 3140 970 3240 hippius
988 3137 1176 3212 secundus.

195 3258 302 3330 Paeon
328 3258 465 3348 tertius,
481 3281 527 3330 ex
552 3256 761 3357 pyrrhichio
787 3269 823 3329 et
845 3255 1013 3342 trochaeo,
1033 3253 1101 3326 hoc
1126 3267 1181 3325 est
1198 3279 1242 3326 ex
1258 3272 1288 3322 ³⁵

143 3373 283 3450 duabus
300 3373 466 3447 brevibus
484 3387 521 3446 et
543 3374 651 3470 longo
669 3385 706 3444 et
723 3370 832 3456 brevi,
849 3381 1055 3470 temporum
1073 3369 1245 3467 quinque,

144 3501 196 3576 ut,
217 3489 433 3564 Catamitus.
477 3489 577 3562 Huic
595 3487 791 3562 contrarius
809 3499 863 3559 est
882 3483 1027 3584 hippius
1045 3485 1183 3559 tertius.

54 3827 57 3834 ’
183 3830 325 3898 ¹tompus
343 3821 468 3894 tuntum]
490 3829 594 3896 tempus
613 3828 643 3876 to
657 3821 691 3877 A.
714 3827 771 3876 tom
790 3821 818 3875 in
838 3837 867 3875 ro
883 3819 1009 3888 habetet
1030 3815 1088 3888 m'us
1107 3817 1188 3874 thecis
1206 3815 1242 3873 B.

143 3909 200 3958 tom
214 3903 248 3958 C.
299 3913 358 3960 sat
369 3901 498 3977 trochmi]
511 3919 593 3976 quom
607 3899 827 3958 tractatuum.
843 3917 901 3973 quae
914 3901 1025 3956 troclioei
1035 3895 1106 3954 Veo.
1157 3891 1242 3952 bduo

142 3982 241 4054 habet]
257 3984 330 4056 quod
343 3983 444 4040 lrabeat
457 3983 491 4040 A.
554 3980 713 4054 ebacchio]
733 3977 1102 4037 incommomodum
1165 3971 1242 4032 ‘liti-

141 4061 221 4134 dem]
238 4064 383 4120 mmmm
397 4063 501 4122 Aue.
517 4063 588 4120 Vsu.
704 4069 795 4116 rrum
810 4062 937 4116 tredecim
950 4061 988 4128 m',
1000 4057 1243 4132 proceleumaticus

143 4151 294 4217 temporum
309 4145 421 4202 totidem
434 4151 466 4200 ut
483 4143 594 4200 Valerio
608 4161 639 4199 or
654 4141 758 4199 duobus
769 4140 906 4214 pirriclu'ir
920 4147 1038 4213 quotuor
1052 4138 1171 4194 brevium
1184 4137 1241 4211 syl·

142 4224 276 4281 laborum.
299 4225 362 4282 luric
382 4227 536 4283 contrarius
555 4231 595 4280 ert
614 4221 780 4296 dispondius,
795 4221 951 4294 dispondius
971 4237 1004 4275 er
1026 4219 1130 4275 duobus
1147 4236 1181 4274 ec
1199 4219 1241 4274 di-

141 4307 265 4380 rpoodeis
278 4305 314 4362 B.
385 4303 398 4348 ¹
411 4305 531 4363 totidem
546 4302 720 4380 temporum]
739 4309 892 4375 temporum
907 4301 1017 4356 totiderrr
1031 4301 1101 4357 A.C.
1167 4297 1240 4356 sdi-

141 4385 297 4462 spondeus]
313 4387 470 4462 dispondius
483 4387 639 4461 dispondius
647 4383 682 4440 A.
764 4378 781 4423 ¹¹
796 4378 926 4437 brevibus
941 4382 986 4454 ut]
1001 4380 1123 4438 brevibru
1137 4389 1239 4456 tempo-

143 4484 203 4522 rum
229 4469 346 4542 quinque
367 4467 436 4526 Au.
467 4475 618 4542 temporum
640 4465 758 4538 quinque
775 4469 806 4518 ut
829 4461 1005 4518 Demodocus
1027 4459 1182 4520 stoicum
1203 4461 1237 4518 C.

141 4545 287 4606 ibreuibus
300 4565 358 4606 om.
374 4550 410 4607 A.

194 4689 196 4692 ·
640 4651 663 4714 3
683 4654 749 4712 Η
