3100 5142
219 449 301 500 cnr.
319 441 355 500 4.
576 423 640 498 De
657 423 966 526 hendecasyllabo.
1245 437 1321 519 317

218 611 383 685 ‘Demus'
394 608 504 682 etiam
522 633 622 682 nunc
640 608 691 681 iili
709 609 818 684 unius
831 608 1032 684 choriambi
1045 610 1352 718 incrementum‚r

219 729 295 818 fiet,
393 825 500 890 Cosso
511 823 657 890 Pierides
666 823 828 889 'Pierides
843 823 989 891 Pierides
1000 847 1091 892 σηοω.

219 937 327 1034 quale
356 950 410 1010 est
444 935 533 1011 inud
568 935 664 1035 apud
697 935 906 1022 Horatium,
932 936 1030 1034 quod
1060 949 1098 1011 et
1126 936 1246 1036 ipsum
1276 938 1323 1010 sb

219 1054 371 1127 'Alcaeo
388 1053 557 1152 sumpsit,

310 1171 365 1234 To
379 1191 419 1234 ne
432 1171 599 1256 peremeris
612 1170 695 1232 seire
708 1166 800 1253 nefor
813 1187 903 1254 qoem
917 1168 1008 1246 milri,
1022 1187 1113 1254 qraern
1127 1167 1193 1231 riht.

221 1295 308 1370 Hoc
325 1295 446 1396 ipsum
465 1294 718 1369 imminuendo
735 1293 911 1394 paulatim
928 1295 997 1368 tria
1014 1295 1092 1369 haec
1111 1308 1227 1368 metra
1242 1318 1351 1394 quoes

221 1411 327 1491 retuli
347 1411 589 1485 manifestiora
605 1412 747 1502 faciam,
1235 1503 1238 1508 Ι

398 1529 453 1592 To
467 1549 507 1591 ne
520 1528 688 1614 quaesieris
701 1548 792 1616 qoem
804 1528 905 1602 mut,-
928 1549 1018 1618 φατι
1033 1529 1110 1602 riost

222 1637 294 1712 hoe
309 1664 375 1738 par
390 1649 446 1711 est
462 1636 528 1727 illi,

394 1753 556 1818 Moecenos
570 1755 677 1817 otonis
690 1753 771 1818 edite
784 1755 926 1842 regibus.

222 1856 389 1931 Alterum
408 1855 595 1929 detraham
614 1855 879 1946 choriambum,
896 1858 971 1945 fiet,

399 1972 453 2036 Tu
467 1992 507 2036 ne
518 1973 682 2060 premissis
696 1971 776 2046 ribi,-

224 2071 293 2146 boc
310 2099 376 2176 par
392 2087 447 2146 est
465 2071 529 2163 illi,

395 2189 586 2254 Intermissa
606 2189 708 2253 Venus
722 2187 801 2262 dte,-

223 2285 271 2365 ἐς
398 2373 507 2438 Casto
520 2373 667 2438 Pierides
680 2395 767 2439 meo.

275 2473 336 2547 Ex
352 2473 422 2549 hac
439 2475 614 2549 divisione
631 2490 668 2550 et
686 2475 856 2575 Priapeus
873 2475 1032 2551 nascitur
1047 2501 1181 2551 versus.
1210 2475 1325 2574 Cujus
1341 2508 1371 2544 ιο

226 2589 434 2688 exemplum
453 2590 549 2690 apud
568 2589 768 2680 Catullum,

312 2705 531 2772 sumtuum
546 2707 603 2772 nu
617 2707 745 2771 zoom
758 2725 961 2794 armoque
975 2707 1107 2794 Ρήφι.

171 2824 174 2828 ’
224 2839 324 2912 Nam
343 2866 426 2914 oum
452 2843 488 2915 in
507 2841 580 2914 duo
597 2851 779 2914 commata
797 2839 858 2913 hic
873 2849 996 2914 versus
1013 2839 1204 2933 dividatur,
1222 2869 1328 2943 supe-

225 2954 299 3028 rius
316 2981 462 3029 comma
478 2969 561 3028 octo
577 2955 810 3054 syllabarum,
827 2944 864 3028 et
887 2955 1079 3054 insequens
1106 2972 1258 3058 septem,
1272 2958 1328 3030 di-

226 3069 367 3144 minuta
385 3071 575 3171 superioris
593 3071 786 3146 commatis
803 3085 927 3172 parte;
954 3085 995 3146 ut
1012 3073 1040 3146 si
1058 3071 1180 3164 facias,

312 3186 426 3256 Maur
438 3206 526 3270 soro
540 3187 758 3275 Capidhrum:
781 3195 884 3252 mater
896 3208 984 3254 sevo
999 3187 1133 3276 Cupido.

84 3407 87 3410 Ι
227 3317 300 3392 Sed
325 3317 415 3392 adeo
439 3332 538 3393 totos
564 3319 625 3394 hic
647 3345 693 3394 ex
721 3320 833 3394 heroo
855 3321 954 3394 venit
979 3322 1201 3406 hexametro,
1225 3336 1269 3395 ut
1291 3335 1370 3396 etn

228 3433 324 3532 apud
351 3433 557 3508 Homerum
584 3437 685 3510 nullo
707 3436 900 3510 immutato
919 3438 1027 3511 verbo
1044 3437 1247 3538 complures
1272 3438 1330 3512 in-

226 3549 418 3624 veniantur
442 3549 596 3651 Priapei,
617 3564 656 3624 et
681 3548 778 3650 apud
800 3551 1005 3650 Virgilium,
1030 3579 1182 3652 quorum
1213 3579 1327 3629 unum

228 3667 266 3740 in
295 3667 484 3767 praesentia
515 3667 715 3768 posuimus,
738 3665 800 3763 qui
830 3665 921 3740 sorte
951 3667 1136 3760 succurrit,
1162 3669 1268 3746 credo
1293 3683 1331 3744 et

227 3782 338 3855 salios
356 3781 508 3856 inveniri
525 3809 630 3882 posse
645 3783 869 3882 complures:

316 3896 380 3964 Cot
394 3919 458 3963 oon
472 3899 577 3966 duros
589 3899 699 3988 Hylas
711 3921 794 3990 paror
809 3909 838 3966 es
853 3899 992 3966 Lotonio
1004 3901 1112 3968 Delos.

229 4007 326 4107 quod
353 4022 503 4109 apparet
520 4009 570 4083 ita
586 4036 675 4100 esse,
693 4011 864 4110 quoniam
884 4011 934 4086 ita
951 4010 1060 4108 hujus
1077 4038 1200 4085 versus
1216 4010 1332 4111 exigit

228 4138 367 4217 natura,
394 4139 435 4199 ut
460 4126 645 4200 interduo
661 4141 844 4202 commata
860 4128 1031 4228 exiguam
1057 4127 1331 4230 pronunciando

229 4240 436 4342 interponas
454 4267 605 4320 moram.
653 4237 768 4332 Nam,
1346 4276 1376 4313 η

269 4491 403 4570 tdensus]
419 4495 527 4552 mors
540 4493 577 4549 V.
658 4493 814 4560 *Pierides
827 4491 914 4552 semel
928 4494 966 4553 V.
1048 4503 1071 4536 V
1085 4495 1187 4572 altero]
1203 4496 1279 4554 aleco
1293 4495 1332 4556 V.

230 4583 245 4618 x
260 4589 385 4632 consecro
398 4575 560 4650 dedicoqoe]
577 4573 673 4633 amico
684 4591 862 4650 consecroqoe
877 4575 911 4632 V.
993 4575 1103 4652 solim]
1119 4580 1175 4635 olio
1189 4575 1226 4634 V.
