2980 5142
21 469 120 521 :Ara
136 459 228 522 34.
399 446 463 520 De
479 471 647 520 versuram
663 441 868 544 generibus.

78 627 408 703 Archilochium
427 627 525 702 aliud
542 627 580 700 in
599 623 754 700 Horatio
771 624 842 697 tale
859 636 925 711 est,

194 745 359 810 Scribere
373 747 542 810 vambos
556 764 662 808 canore
676 755 692 802 <t
691 762 879 830 percurram
889 737 1002 826 gravi.

16 853 149 928 Satis
175 869 345 956 apparet
360 855 515 956 priorem
537 869 676 954 partem
702 851 902 926 hexametri
925 873 1013 933 esse,
1030 843 1181 946 posteri-

22 996 158 1043 orem
184 997 245 1044 ex
266 971 434 1045 iambico.
484 969 583 1044 Nam
603 968 703 1060 illud,
794 1041 799 1056 x

256 1087 404 1152 Scribere
418 1086 597 1165 vemas,

33 1197 153 1268 rtale
176 1211 260 1287 est,
277 1196 406 1294 quale„

256 1313 359 1376 Arma
373 1313 539 1400 atramque
551 1332 640 1376 cano.

47 1419 168 1494 Illud
191 1435 323 1495 autem
342 1421 439 1520 quod
457 1435 523 1510 est,

257 1537 373 1600 Amore
383 1557 569 1624 percussam
578 1538 694 1624 gravi,

56 1647 141 1719 tale
160 1659 239 1737 est,
258 1647 376 1744 quale,

209 1765 275 1827 ⁸Ut
282 1765 395 1850 prisca
404 1783 489 1850 geas
503 1763 694 1828 mmtaltam.

64 1874 134 1948 De
153 1875 233 1948 hoc
252 1901 359 1973 supra
375 1873 526 1968 dictum.
740 1961 748 1980 Ι

127 1990 409 2064 ''Archilochus
425 1991 476 2064 ita
494 2003 608 2063 metra
624 1988 820 2080 consecuit,
838 2011 879 2062 ut
896 2000 932 2062 et
949 1986 1106 2062 iambico
1122 1983 1184 2058 de·
1198 2005 1230 2055 ιε

74 2107 245 2180 traheret
263 2106 451 2204 syllabam,
469 2123 505 2180 et
521 2107 654 2180 faceret
676 2131 817 2178 versum
837 2109 958 2193 talem,

259 2221 413 2308 ‚luppiter
426 2223 541 2286 caleatis
554 2223 675 2292 arbiter
689 2242 775 2286 rneae.

82 2331 203 2405 tNam
223 2334 253 2404 si
271 2331 381 2420 dicas,
503 2405 506 2414 ,

263 2449 292 2512 0
305 2447 459 2536 luppiter
467 2449 587 2554 ¹salatia
601 2447 722 2512 arbiter
737 2466 831 2519 areae,-

90 2555 157 2628 crit
173 2554 349 2630 iambicus
367 2559 507 2658 plenus.

141 2671 401 2771 Anapaesticus,
416 2674 498 2772 *q‘ui
513 2701 558 2748 cx
571 2672 724 2773 pedibus
737 2671 924 2772 anapaestis
941 2682 1094 2755 constat,
1104 2668 1186 2743 talis
1200 2695 1231 2748 29

96 2786 201 2858 estin
219 2787 362 2874 Sereno,
627 2861 630 2871 ,
770 2795 774 2800 ’

155 2917 232 2982 Cede
245 2921 358 2982 testata
371 2922 488 2998 wtrita,
499 2921 548 2984 eol
559 2921 697 2984 occurrit
711 2921 768 2984 abt
779 2941 840 3008 per
853 2918 1012 3006 sperabam
1022 2917 1164 3003 Panope.

102 3043 174 3116 Hic
189 3045 332 3143 ¹recipit
354 3045 461 3144 pedes
480 3045 534 3119 sui
561 3048 714 3146 generis,
732 3047 778 3121 de
794 3061 888 3145 tqua
909 3074 947 3120 re
971 3072 1078 3145 supra
1094 3044 1187 3120 dixi-

104 3183 191 3230 mus.
238 3159 450 3261 Anapaestus
481 3175 601 3236 autem
634 3165 687 3251 fit,
713 3189 759 3236 ex
786 3163 925 3238 duabus
957 3161 1123 3235 brevibus
1151 3175 1189 3234 et

106 3273 215 3372 longa.

153 3390 411 3491 Anapoesticum
428 3393 634 3468 ‘choricum
654 3394 828 3468 habemus¹
846 3394 886 3467 in
903 3393 1075 3482 ‘Seneca
1201 3421 1233 3472 30

265 3525 382 3589 Audax
396 3527 530 3590 nimiam
543 3529 599 3614 qut
599 3529 698 3615 freta
708 3528 846 3615 primas.

153 3829 336 3904 aperculsum]
355 3849 512 3906 percaram
525 3833 596 3890 Α.Β.
611 3833 684 3890 Ven.
848 3843 917 3890 rest
931 3833 1001 3906 tale]
1027 3835 1083 3890 tale
1101 3839 1140 3890 est
1154 3835 1188 3889 Α.

120 3909 179 3981 1ιιι]
193 3909 221 3965 tle
231 3911 302 3968 Veu.
426 3921 452 3954 ³¹
467 3911 652 3970 Archilochus
666 3925 696 3970 et
709 3912 749 3970 ita
767 3922 857 3970 metra
876 3913 999 3971 confecit
1017 3924 1049 3970 ut
1067 3911 1189 3970 iambico

121 3987 255 4048 detraheret
267 4011 289 4048 s.
300 4010 326 4048 e.
338 3991 372 4065 t]
390 3993 570 4050 Archilochus
582 3997 623 4050 ita
637 4001 726 4050 metra
739 3995 872 4050 coraseeait
886 4001 918 4074 at
929 4002 956 4050 et
970 3995 1084 4050 iambica
1095 3997 1189 4050 detra-

124 4073 185 4128 beret
197 4071 326 4147 etsaceret
340 4073 410 4130 Λ.Β.
426 4083 456 4130 et
471 4073 528 4131 fere
541 4073 615 4130 Ven.
776 4073 788 4115 t
802 4075 855 4130 erit
869 4072 1005 4130 iambicus
1020 4073 1120 4150 plenus
1134 4074 1189 4145 hoc

124 4151 203 4218 modo,
215 4153 238 4209 0
250 4151 380 4230 luppiter
398 4153 466 4225 ete]
491 4155 594 4210 arbiter
613 4172 688 4211 mea.
710 4156 814 4211 namri
834 4156 939 4210 dicare
958 4155 1069 4228 Jupiter
1091 4155 1189 4211 salatia

126 4233 208 4294 arbiter
217 4252 274 4290 raca
287 4235 340 4291 erit
353 4235 484 4291 tambtcm
495 4236 592 4308 plenus
604 4235 677 4292 Aa.
789 4244 805 4274 v
819 4236 968 4311 anapestis
982 4245 1096 4292 constat
1110 4233 1187 4311 pedi·

126 4313 179 4388 bus]
193 4333 219 4371 er
226 4315 334 4388 pedibas
347 4318 480 4389 anapesti
493 4323 599 4372 coartat
611 4315 682 4370 ΑΒ.
695 4316 826 4388 unapars
839 4333 862 4370 c.
874 4334 904 4388 p.
916 4315 989 4372 Ven.
1060 4325 1083 4356 W
1096 4313 1186 4389 irrita]

130 4395 216 4451 aar.
228 4395 321 4452 celtula
333 4397 400 4452 trita
413 4397 496 4453 salem
510 4402 602 4452 curret
614 4395 649 4452 B.
664 4396 732 4451 trita
745 4397 823 4451 sola:
839 4413 886 4450 cor
895 4397 928 4452 iit
943 4395 992 4453 tibi
1006 4396 1051 4453 Sc.
1114 4405 1130 4438 ¹
1145 4415 1189 4454 re·

130 4471 194 4550 cipit]
207 4477 293 4550 recepit
306 4477 340 4532 Α.
356 4476 406 4532 boe
420 4478 514 4550 recipit
528 4477 562 4533 B.
645 4483 730 4551 tque
744 4473 788 4549 re]
805 4494 836 4532 re
848 4493 906 4533 om.
921 4477 959 4534 B.
1029 4476 1187 4551 ¹cannen]

132 4554 237 4612 abaham
247 4555 315 4615 aa.
330 4558 445 4615 corbam
461 4557 532 4616 Van.
614 4565 630 4599 Β
644 4554 780 4631 Horatio]
797 4556 901 4614 Seneca
913 4557 986 4616 ΑΒ.
