3100 5142
156 421 241 474 cnr.
259 418 295 493 9.
466 402 531 476 De
547 401 630 476 rell.
648 399 803 476 Hmuts‘i
819 402 958 476 metris.
1187 413 1264 492 ³29

158 587 296 675 breves,
313 584 350 660 id
367 599 423 660 est
439 585 675 687 semipedem,
692 587 871 688 reliquum
889 587 957 662 erit
982 613 1049 687 par
1063 586 1148 660 huic
1166 585 1263 659 olau-

158 703 258 776 sulae.
310 701 371 778 Sic
388 717 509 778 autem
527 702 677 794 divides,

287 819 400 906 Neque
412 819 523 884 nubilo
542 817 548 901 Ι
566 819 660 884 ''Nsc
674 829 792 886 meres
805 821 978 908 ψὴν
990 819 1075 884 onii.

15 983 22 993 .
156 956 224 1030 par
239 943 294 1004 est
312 929 410 1018 huic,

331 1047 486 1112 Flumina
499 1049 696 1112 corutilerint
708 1057 809 1112 aneto.

159 1157 244 1230 Hoc
266 1181 411 1256 quoque
436 1156 605 1232 carminis
630 1183 744 1256 geum
769 1157 816 1229 ab
833 1157 957 1232 Alcaeo
982 1157 1114 1257 lyricus
1142 1171 1263 1230 noster

159 1287 309 1371 accepit.

211 1387 389 1470 Quartum
418 1401 597 1462 ‘metrum
616 1401 671 1462 est
692 1387 837 1462 Horatii
859 1387 1001 1486 dequo
1025 1385 1116 1460 nihil
1144 1385 1262 1460 adhuc
1278 1399 1308 1452 ¹⁶

159 1501 340 1577 diximus:
1220 1493 1223 1498 ⁴

384 1617 490 1705 Lydio
504 1617 556 1683 dic
564 1639 627 1706 per
640 1639 748 1685 onmes

294 1721 430 1788 Tadeos
445 1745 500 1788 oro
514 1725 667 1812 Sybarim
683 1747 743 1788 nar
749 1745 909 1813 properas
922 1723 1067 1788 amando.

160 1848 270 1934 Quod
285 1861 467 1924 ¹metrum
481 1863 518 1924 et
535 1850 613 1951 ipsa
626 1849 802 1924 Horatius
821 1847 1019 1950 ignorando
1036 1847 1142 1946 quale
1159 1861 1263 1938 esset,

160 1967 336 2040 laboriosa
366 1967 614 2040 observatione
648 1969 759 2042 semel
791 1967 941 2042 omnino
968 1967 1084 2040 facere
1113 1979 1262 2041 conatus

160 2093 225 2170 est,
242 2093 279 2154 et
296 2082 332 2154 in
351 2107 396 2156 eo
413 2095 533 2157 tamen
553 2109 681 2184 pamm
700 2083 869 2157 decenter
885 2083 1024 2156 erravit.
1060 2079 1158 2155 Nam
1177 2080 1264 2154 lecit

160 2197 249 2271 illud
275 2199 448 2298 asperius,
467 2225 539 2274 uno
556 2199 752 2276 immutsto
774 2197 876 2300 pede.
928 2197 1055 2281 ¹Qu0d
1082 2197 1111 2270 si
1138 2195 1263 2269 scisset
1278 2221 1307 2273 rr

159 2313 446 2390 choriambicum
460 2343 539 2390 esse
555 2331 592 2391 et
609 2318 742 2392 habere
758 2317 937 2392 clausulas
955 2328 1082 2402 certas,
1105 2341 1177 2387 non
1203 2315 1262 2387 ⁸iu

161 2429 260 2502 illam
287 2431 460 2506 salebram
488 2431 683 2506 incidisset.
736 2433 837 2506 Nam
864 2431 1021 2532 primum
1051 2455 1194 2502 comma
1216 2455 1263 2503 ex

161 2543 373 2620 choriambo
390 2561 426 2622 et
443 2548 673 2623 antibacchio
690 2547 934 2648 compositum
952 2559 1017 2634 est,

333 2661 441 2751 quia
455 2664 506 2728 dic
515 2685 578 2752 per
590 2685 705 2730 munes.

161 2770 368 2848 Secundum
391 2776 525 2863 colum,
542 2775 639 2874 quod
661 2789 716 2849 est
741 2775 895 2874 longius,
912 2789 983 2849 tres
1010 2775 1121 2848 habet
1145 2772 1263 2846 chori·

162 2889 287 2961 ambos
305 2905 342 2962 et
359 2915 471 2963 unum
495 2891 779 2978 antibacchium,
796 2890 934 2966 scilicet
951 2889 1120 2965 clausulae
1138 2887 1262 2987 gratia,

161 3003 259 3101 quod
275 3017 454 3078 ¹metrum
473 3005 619 3080 Alcaeus
646 3006 697 3080 sic
717 3007 905 3098 ordinavit,
923 3007 1034 3081 homo
1052 3007 1088 3079 in
1116 3005 1263 3078 musicis

162 3117 515 3210 ”exercitatissimum
544 3134 581 3196 at
611 3121 787 3197 Horatius
816 3123 974 3224 primum
1010 3120 1262 3194 choriambum

161 3232 393 3311 durissimum
420 3237 519 3326 fecit,
543 3263 608 3338 pro
636 3237 758 3312 iambo
781 3237 981 3337 spondeum
1011 3233 1263 3324 ‘infarciendn

163 3375 226 3440 arc,

332 3465 423 3532 “Hoc
437 3467 509 3533 deos
523 3490 579 3534 oro
592 3469 756 3554 Sysavsm.

162 3602 246 3650 nam
264 3577 293 3652 si
312 3591 455 3654 secutus
473 3593 568 3654 esset
584 3580 761 3670 Alcaeum,
779 3581 830 3656 sic
847 3581 1056 3672 ordinasset,
1169 3609 1172 3612 ·

333 3694 407 3759 Hoc
420 3693 480 3758 deu
495 3715 576 3758 uere.

161 3801 271 3875 Error
284 3815 404 3878 tamen
424 3804 520 3878 illius
540 3805 649 3879 habet
661 3809 943 3900 excusationem,
954 3807 1051 3908 quod
1070 3809 1106 3882 in
1124 3833 1167 3880 ea
1184 3834 1263 3908 per-

161 3919 372 3992 severaverit
399 3921 492 4019 lege,
518 3947 628 4020 quam
661 3923 737 4025 ipse
762 3925 830 4008 sibi
858 3925 979 4022 aliquo
1007 3949 1091 3997 casu
1119 3920 1262 4008 fecerat,

161 4035 335 4130 usquead
355 4036 519 4112 ultimam
539 4053 677 4138 partam
697 4067 769 4114 non
788 4040 974 4115 mutando.

201 4301 224 4332 '¹
239 4295 309 4370 Nec]
325 4297 421 4371 Neque
434 4297 470 4353 V.
552 4307 568 4340 ¹
583 4299 713 4372 metrum]
730 4306 836 4356 metm
852 4297 886 4351 V.
956 4306 971 4337 ¹
986 4298 1262 4370 quoa-cuorum

161 4375 236 4449 cum]
254 4377 548 4450 quc-choriambicon
564 4379 598 4435 V.
682 4388 698 4420 ⁸
711 4380 739 4434 in
753 4377 845 4451 ulum]
862 4379 890 4433 tn
904 4393 961 4432 om.
977 4375 1014 4431 V.
1100 4375 1261 4436 berneru-

162 4455 291 4593 m]
308 4461 519 4516 usitatissimus
532 4461 567 4515 V.
650 4467 663 4502 θ
677 4457 858 4536 irsfnrciendo]
876 4454 1042 4530 infilciendo
1055 4459 1092 4516 V.
1174 4454 1190 4500 d
1209 4459 1260 4530 Te]

663 4657 733 4707 Ul]
