<?xml version="1.0" encoding="UTF-8"?>
<!DOCTYPE html PUBLIC "-//W3C//DTD XHTML 1.0 Transitional//EN"
    "http://www.w3.org/TR/xhtml1/DTD/xhtml1-transitional.dtd">
<html xmlns="http://www.w3.org/1999/xhtml" xml:lang="en" lang="en">
 <head>
  <title>
</title>
<meta http-equiv="Content-Type" content="text/html;charset=utf-8" />
  <meta name='ocr-system' content='tesseract 3.04.00' />
  <meta name='ocr-capabilities' content='ocr_page ocr_carea ocr_par ocr_line ocrx_word'/>
</head>
<body>
  <div class='ocr_page' id='page_1' title='image "./scriptoreslatin00gaisgoog_0296.png"; bbox 0 0 3100 5142; ppageno 0'>
   <div class='ocr_carea' id='block_1_1' title="bbox 323 341 992 486">
    <p class='ocr_par' dir='ltr' id='par_1_1' title="bbox 323 341 992 486">
     <span class='ocr_line' id='line_1_1' title="bbox 323 341 992 486; baseline -0.007 -16"><span class='ocrx_word' id='word_1_1' title='bbox 323 403 392 486; x_wconf 64' lang='grc' dir='ltr'>πο</span> <span class='ocrx_word' id='word_1_2' title='bbox 550 341 554 350; x_wconf 69' lang='grc'><strong>’</strong></span> <span class='ocrx_word' id='word_1_3' title='bbox 742 391 860 466; x_wconf 65' lang='lat' dir='ltr'>Mass</span> <span class='ocrx_word' id='word_1_4' title='bbox 875 389 992 466; x_wconf 77' lang='lat' dir='ltr'>Pura</span> 
     </span>
    </p>
   </div>
   <div class='ocr_carea' id='block_1_2' title="bbox 277 576 1211 676">
    <p class='ocr_par' dir='ltr' id='par_1_2' title="bbox 277 576 1211 676">
     <span class='ocr_line' id='line_1_2' title="bbox 277 576 1211 676; baseline -0.002 -20"><span class='ocrx_word' id='word_1_5' title='bbox 277 607 309 656; x_wconf 81' lang='lat' dir='ltr'>ss</span> <span class='ocrx_word' id='word_1_6' title='bbox 515 577 818 676; x_wconf 78' lang='lat' dir='ltr'>Debeptmactro</span> <span class='ocrx_word' id='word_1_7' title='bbox 834 576 1033 652; x_wconf 72' lang='lat' dir='ltr'>mataledo</span> <span class='ocrx_word' id='word_1_8' title='bbox 1049 578 1211 654; x_wconf 81' lang='lat' dir='ltr'>mmbrm</span> 
     </span>
    </p>
   </div>
   <div class='ocr_carea' id='block_1_3' title="bbox 321 711 1418 928">
    <p class='ocr_par' dir='ltr' id='par_1_3' title="bbox 321 711 1418 928">
     <span class='ocr_line' id='line_1_3' title="bbox 373 711 1418 814; baseline 0.004 -29"><span class='ocrx_word' id='word_1_9' title='bbox 373 711 655 808; x_wconf 73' lang='lat' dir='ltr'>Heplamettrsm</span> <span class='ocrx_word' id='word_1_10' title='bbox 681 711 919 786; x_wconf 66' lang='lat' dir='ltr'>machmam</span> <span class='ocrx_word' id='word_1_11' title='bbox 947 724 1084 810; x_wconf 89' lang='lat' dir='ltr'>septem</span> <span class='ocrx_word' id='word_1_12' title='bbox 1115 714 1271 813; x_wconf 84' lang='lat' dir='ltr'>integros</span> <span class='ocrx_word' id='word_1_13' title='bbox 1301 713 1418 814; x_wconf 79' lang='lat' dir='ltr'>pedes</span> 
     </span>
     <span class='ocr_line' id='line_1_4' title="bbox 321 826 967 928; baseline -0.003 -26"><span class='ocrx_word' id='word_1_14' title='bbox 321 827 493 902; x_wconf 75' lang='lat' dir='ltr'><strong>iambicos</strong></span> <span class='ocrx_word' id='word_1_15' title='bbox 510 826 757 928; x_wconf 87' lang='lat' dir='ltr'>tetrasyllabos</span> <span class='ocrx_word' id='word_1_16' title='bbox 776 826 896 916; x_wconf 90' lang='lat' dir='ltr'>habet,</span> <span class='ocrx_word' id='word_1_17' title='bbox 914 841 967 918; x_wconf 91' lang='lat' dir='ltr'>ut,</span> 
     </span>
    </p>
   </div>
   <div class='ocr_carea' id='block_1_4' title="bbox 320 975 1528 1295">
    <p class='ocr_par' dir='ltr' id='par_1_4' title="bbox 320 975 1528 1295">
     <span class='ocr_line' id='line_1_5' title="bbox 320 975 1412 1028; baseline 0.004 -12"><span class='ocrx_word' id='word_1_18' title='bbox 320 975 1412 1028; x_wconf 58' lang='lat' dir='ltr'>mmmmm-‚masmmcmmwumaeffl</span> 
     </span>
     <span class='ocr_line' id='line_1_6' title="bbox 323 1076 1407 1179; baseline 0 -26"><span class='ocrx_word' id='word_1_19' title='bbox 323 1077 408 1154; x_wconf 85' lang='lat' dir='ltr'>Hoc</span> <span class='ocrx_word' id='word_1_20' title='bbox 433 1076 566 1152; x_wconf 69' lang='lat' dir='ltr'>*dividi</span> <span class='ocrx_word' id='word_1_21' title='bbox 594 1077 726 1179; x_wconf 83' lang='lat' dir='ltr'>poterit</span> <span class='ocrx_word' id='word_1_22' title='bbox 742 1077 779 1150; x_wconf 91' lang='lat' dir='ltr'>iu</span> <span class='ocrx_word' id='word_1_23' title='bbox 797 1077 1030 1152; x_wconf 86' lang='lat' dir='ltr'>acatalectum</span> <span class='ocrx_word' id='word_1_24' title='bbox 1050 1078 1250 1152; x_wconf 84' lang='lat' dir='ltr'><strong>trimetrum</strong></span> <span class='ocrx_word' id='word_1_25' title='bbox 1278 1092 1319 1152; x_wconf 90' lang='lat' dir='ltr'>et</span> <span class='ocrx_word' id='word_1_26' title='bbox 1334 1107 1407 1154; x_wconf 85' lang='lat' dir='ltr'>aca-</span> 
     </span>
     <span class='ocr_line' id='line_1_7' title="bbox 322 1194 1528 1295; baseline -0.004 -26"><span class='ocrx_word' id='word_1_27' title='bbox 322 1194 493 1270; x_wconf 87' lang='lat' dir='ltr'>taleetum</span> <span class='ocrx_word' id='word_1_28' title='bbox 507 1206 769 1284; x_wconf 85' lang='lat' dir='ltr'>tetrametrum,</span> <span class='ocrx_word' id='word_1_29' title='bbox 782 1218 936 1290; x_wconf 87' lang='lat' dir='ltr'>quorum</span> <span class='ocrx_word' id='word_1_30' title='bbox 952 1221 1057 1295; x_wconf 86' lang='lat' dir='ltr'>supra</span> <span class='ocrx_word' id='word_1_31' title='bbox 1070 1195 1236 1295; x_wconf 81' lang='lat' dir='ltr'>exempla</span> <span class='ocrx_word' id='word_1_32' title='bbox 1249 1197 1408 1271; x_wconf 72' lang='lat' dir='ltr'>tractavi.</span> <span class='ocrx_word' id='word_1_33' title='bbox 1527 1255 1528 1264; x_wconf 72' lang='grc'>,</span> 
     </span>
    </p>
   </div>
   <div class='ocr_carea' id='block_1_5' title="bbox 279 1436 1184 1520">
    <p class='ocr_par' dir='ltr' id='par_1_5' title="bbox 279 1436 1184 1520">
     <span class='ocr_line' id='line_1_8' title="bbox 279 1436 1184 1520; baseline 0 -11"><span class='ocrx_word' id='word_1_34' title='bbox 279 1471 311 1520; x_wconf 78' lang='lat'>³⁴</span> <span class='ocrx_word' id='word_1_35' title='bbox 544 1437 608 1512; x_wconf 89' lang='lat' dir='ltr'>De</span> <span class='ocrx_word' id='word_1_36' title='bbox 623 1445 814 1510; x_wconf 60' lang='lat' dir='ltr'>columam</span> <span class='ocrx_word' id='word_1_37' title='bbox 831 1436 1007 1510; x_wconf 84' lang='lat' dir='ltr'>catalecto</span> <span class='ocrx_word' id='word_1_38' title='bbox 1024 1437 1184 1512; x_wconf 83' lang='lat' dir='ltr'>iambico.</span> 
     </span>
    </p>
   </div>
   <div class='ocr_carea' id='block_1_6' title="bbox 322 1595 1413 3008">
    <p class='ocr_par' dir='ltr' id='par_1_6' title="bbox 323 1595 1412 1812">
     <span class='ocr_line' id='line_1_9' title="bbox 375 1595 1412 1698; baseline 0.002 -28"><span class='ocrx_word' id='word_1_39' title='bbox 375 1596 622 1670; x_wconf 78' lang='lat' dir='ltr'>Oetametnsm</span> <span class='ocrx_word' id='word_1_40' title='bbox 648 1595 896 1671; x_wconf 70' lang='lat' dir='ltr'><strong><em>catalecticum</em></strong></span> <span class='ocrx_word' id='word_1_41' title='bbox 916 1599 958 1670; x_wconf 85' lang='lat' dir='ltr'>fit</span> <span class='ocrx_word' id='word_1_42' title='bbox 983 1609 1120 1696; x_wconf 84' lang='lat' dir='ltr'>septem</span> <span class='ocrx_word' id='word_1_43' title='bbox 1145 1595 1296 1698; x_wconf 89' lang='lat' dir='ltr'>pedibus</span> <span class='ocrx_word' id='word_1_44' title='bbox 1324 1599 1412 1672; x_wconf 80' lang='lat' dir='ltr'>iam·</span> 
     </span>
     <span class='ocr_line' id='line_1_10' title="bbox 323 1711 679 1812; baseline -0.014 -24"><span class='ocrx_word' id='word_1_45' title='bbox 323 1713 412 1788; x_wconf 90' lang='lat' dir='ltr'>bieis</span> <span class='ocrx_word' id='word_1_46' title='bbox 429 1711 679 1812; x_wconf 74' lang='lat' dir='ltr'>tetrasyllabis.</span> 
     </span>
    </p>

    <p class='ocr_par' dir='ltr' id='par_1_7' title="bbox 364 1843 1412 1932">
     <span class='ocr_line' id='line_1_11' title="bbox 364 1843 1412 1932; baseline 0.004 -24"><span class='ocrx_word' id='word_1_47' title='bbox 364 1845 441 1908; x_wconf 84' lang='lat' dir='ltr'>Noa</span> <span class='ocrx_word' id='word_1_48' title='bbox 451 1853 488 1909; x_wconf 87' lang='lat' dir='ltr'>ut</span> <span class='ocrx_word' id='word_1_49' title='bbox 501 1843 670 1931; x_wconf 73' lang='lat' dir='ltr'>teupertus</span> <span class='ocrx_word' id='word_1_50' title='bbox 680 1843 800 1908; x_wconf 76' lang='lat' dir='ltr'>invide</span> <span class='ocrx_word' id='word_1_51' title='bbox 811 1844 1022 1932; x_wconf 73' lang='lat' dir='ltr'>Carthaginis</span> <span class='ocrx_word' id='word_1_52' title='bbox 1033 1845 1195 1910; x_wconf 70' lang='lat' dir='ltr'>ammam</span> <span class='ocrx_word' id='word_1_53' title='bbox 1205 1866 1294 1910; x_wconf 76' lang='lat' dir='ltr'>arces</span> <span class='ocrx_word' id='word_1_54' title='bbox 1302 1857 1412 1912; x_wconf 81' lang='lat' dir='ltr'>ureret</span> 
     </span>
    </p>

    <p class='ocr_par' dir='ltr' id='par_1_8' title="bbox 322 1946 1413 3008">
     <span class='ocr_line' id='line_1_12' title="bbox 363 1946 804 2012; baseline 0 -2"><span class='ocrx_word' id='word_1_55' title='bbox 363 1949 501 2010; x_wconf 74' lang='lat' dir='ltr'>intactus</span> <span class='ocrx_word' id='word_1_56' title='bbox 514 1954 571 2010; x_wconf 75' lang='lat' dir='ltr'>aua</span> <span class='ocrx_word' id='word_1_57' title='bbox 586 1946 804 2012; x_wconf 73' lang='lat' dir='ltr'>Britanniam.</span> 
     </span>
     <span class='ocr_line' id='line_1_13' title="bbox 324 2089 1408 2191; baseline -0.003 -23"><span class='ocrx_word' id='word_1_58' title='bbox 324 2093 408 2168; x_wconf 88' lang='lat' dir='ltr'>Hoc</span> <span class='ocrx_word' id='word_1_59' title='bbox 450 2117 594 2190; x_wconf 90' lang='lat' dir='ltr'>quoquc</span> <span class='ocrx_word' id='word_1_60' title='bbox 635 2089 788 2164; x_wconf 86' lang='lat' dir='ltr'>divisum</span> <span class='ocrx_word' id='word_1_61' title='bbox 822 2091 907 2166; x_wconf 89' lang='lat' dir='ltr'>facit</span> <span class='ocrx_word' id='word_1_62' title='bbox 940 2103 1186 2165; x_wconf 87' lang='lat' dir='ltr'>tetrametrum</span> <span class='ocrx_word' id='word_1_63' title='bbox 1228 2091 1408 2191; x_wconf 85' lang='lat' dir='ltr'>integrum</span> 
     </span>
     <span class='ocr_line' id='line_1_14' title="bbox 322 2207 1411 2306; baseline -0.001 -22"><span class='ocrx_word' id='word_1_64' title='bbox 322 2209 581 2284; x_wconf 74' lang='lat' dir='ltr'>¹acatalectum</span> <span class='ocrx_word' id='word_1_65' title='bbox 603 2221 640 2282; x_wconf 87' lang='lat' dir='ltr'>et</span> <span class='ocrx_word' id='word_1_66' title='bbox 663 2221 910 2282; x_wconf 88' lang='lat' dir='ltr'>tetrametrum</span> <span class='ocrx_word' id='word_1_67' title='bbox 936 2209 1194 2300; x_wconf 83' lang='lat' dir='ltr'>catalecticum,</span> <span class='ocrx_word' id='word_1_68' title='bbox 1210 2207 1255 2283; x_wconf 87' lang='lat' dir='ltr'>de</span> <span class='ocrx_word' id='word_1_69' title='bbox 1277 2209 1411 2306; x_wconf 86' lang='lat' dir='ltr'>quibus</span> 
     </span>
     <span class='ocr_line' id='line_1_15' title="bbox 323 2322 1412 2428; baseline -0.003 -27"><span class='ocrx_word' id='word_1_70' title='bbox 323 2353 428 2428; x_wconf 91' lang='lat' dir='ltr'>supra</span> <span class='ocrx_word' id='word_1_71' title='bbox 444 2325 562 2400; x_wconf 89' lang='lat' dir='ltr'>docui.</span> <span class='ocrx_word' id='word_1_72' title='bbox 611 2325 695 2400; x_wconf 88' lang='lat' dir='ltr'>Hoc</span> <span class='ocrx_word' id='word_1_73' title='bbox 711 2339 832 2398; x_wconf 88' lang='lat' dir='ltr'>tamen</span> <span class='ocrx_word' id='word_1_74' title='bbox 856 2323 945 2398; x_wconf 82' lang='lat' dir='ltr'>scire</span> <span class='ocrx_word' id='word_1_75' title='bbox 961 2322 1133 2398; x_wconf 86' lang='lat' dir='ltr'>debemus</span> <span class='ocrx_word' id='word_1_76' title='bbox 1150 2323 1264 2424; x_wconf 68' lang='lat' dir='ltr'>‘quod</span> <span class='ocrx_word' id='word_1_77' title='bbox 1282 2340 1412 2424; x_wconf 73' lang='lat' dir='ltr'>prater</span> 
     </span>
     <span class='ocr_line' id='line_1_16' title="bbox 325 2440 1412 2546; baseline -0.004 -28"><span class='ocrx_word' id='word_1_78' title='bbox 325 2443 586 2546; x_wconf 86' lang='lat' dir='ltr'>heptametrum</span> <span class='ocrx_word' id='word_1_79' title='bbox 621 2455 737 2516; x_wconf 89' lang='lat' dir='ltr'>cetera</span> <span class='ocrx_word' id='word_1_80' title='bbox 769 2465 997 2542; x_wconf 89' lang='lat' dir='ltr'>supervacua,</span> <span class='ocrx_word' id='word_1_81' title='bbox 1031 2440 1100 2514; x_wconf 90' lang='lat' dir='ltr'>hoc</span> <span class='ocrx_word' id='word_1_82' title='bbox 1129 2453 1194 2529; x_wconf 87' lang='lat' dir='ltr'>est,</span> <span class='ocrx_word' id='word_1_83' title='bbox 1225 2455 1412 2541; x_wconf 79' lang='lat' dir='ltr'>pentame-</span> 
     </span>
     <span class='ocr_line' id='line_1_17' title="bbox 324 2557 1412 2650; baseline -0.005 -16"><span class='ocrx_word' id='word_1_84' title='bbox 324 2573 433 2650; x_wconf 90' lang='lat' dir='ltr'>trum,</span> <span class='ocrx_word' id='word_1_85' title='bbox 449 2559 711 2648; x_wconf 85' lang='lat' dir='ltr'>hexametrum,</span> <span class='ocrx_word' id='word_1_86' title='bbox 728 2569 978 2647; x_wconf 85' lang='lat' dir='ltr'>octametrum,</span> <span class='ocrx_word' id='word_1_87' title='bbox 996 2557 1200 2631; x_wconf 88' lang='lat' dir='ltr'>catalectica</span> <span class='ocrx_word' id='word_1_88' title='bbox 1224 2570 1326 2631; x_wconf 83' lang='lat' dir='ltr'>sunt:</span> <span class='ocrx_word' id='word_1_89' title='bbox 1354 2583 1412 2629; x_wconf 88' lang='lat' dir='ltr'>so-</span> 
     </span>
     <span class='ocr_line' id='line_1_18' title="bbox 324 2671 1409 2776; baseline -0.004 -26"><span class='ocrx_word' id='word_1_90' title='bbox 324 2677 399 2750; x_wconf 93' lang='lat' dir='ltr'>lum</span> <span class='ocrx_word' id='word_1_91' title='bbox 418 2703 501 2750; x_wconf 89' lang='lat' dir='ltr'>vero</span> <span class='ocrx_word' id='word_1_92' title='bbox 518 2677 782 2776; x_wconf 88' lang='lat' dir='ltr'>heptametrum</span> <span class='ocrx_word' id='word_1_93' title='bbox 810 2672 1055 2746; x_wconf 88' lang='lat' dir='ltr'>acatalectum.</span> <span class='ocrx_word' id='word_1_94' title='bbox 1105 2671 1258 2746; x_wconf 88' lang='lat' dir='ltr'>Nullum</span> <span class='ocrx_word' id='word_1_95' title='bbox 1284 2687 1409 2747; x_wconf 88' lang='lat' dir='ltr'>tamen</span> 
     </span>
     <span class='ocr_line' id='line_1_19' title="bbox 324 2787 1413 2890; baseline -0.004 -24"><span class='ocrx_word' id='word_1_96' title='bbox 324 2792 441 2866; x_wconf 87' lang='lat' dir='ltr'>dehis</span> <span class='ocrx_word' id='word_1_97' title='bbox 459 2805 628 2890; x_wconf 86' lang='lat' dir='ltr'>quattuor</span> <span class='ocrx_word' id='word_1_98' title='bbox 644 2803 705 2863; x_wconf 89' lang='lat' dir='ltr'>aut</span> <span class='ocrx_word' id='word_1_99' title='bbox 722 2787 1070 2888; x_wconf 86' lang='lat' dir='ltr'>brachycatalectum</span> <span class='ocrx_word' id='word_1_100' title='bbox 1092 2789 1176 2864; x_wconf 79' lang='lat' dir='ltr'>baut</span> <span class='ocrx_word' id='word_1_101' title='bbox 1200 2791 1413 2889; x_wconf 89' lang='lat' dir='ltr'>hypercata-</span> 
     </span>
     <span class='ocr_line' id='line_1_20' title="bbox 324 2903 1412 3008; baseline -0.002 -26"><span class='ocrx_word' id='word_1_102' title='bbox 324 2911 457 2984; x_wconf 89' lang='lat' dir='ltr'>lectum</span> <span class='ocrx_word' id='word_1_103' title='bbox 485 2908 617 3008; x_wconf 88' lang='lat' dir='ltr'>poterit</span> <span class='ocrx_word' id='word_1_104' title='bbox 643 2905 797 3007; x_wconf 84' lang='lat' dir='ltr'>reperiri.</span> <span class='ocrx_word' id='word_1_105' title='bbox 848 2903 992 3004; x_wconf 85' lang='lat' dir='ltr'>Species</span> <span class='ocrx_word' id='word_1_106' title='bbox 1020 2906 1162 2979; x_wconf 89' lang='lat' dir='ltr'>iambici</span> <span class='ocrx_word' id='word_1_107' title='bbox 1190 2909 1293 2980; x_wconf 88' lang='lat' dir='ltr'>metri</span> <span class='ocrx_word' id='word_1_108' title='bbox 1319 2932 1412 3005; x_wconf 88' lang='lat' dir='ltr'>quas</span> 
     </span>
    </p>
   </div>
   <div class='ocr_carea' id='block_1_7' title="bbox 324 3021 1336 3172">
    <p class='ocr_par' dir='ltr' id='par_1_9' title="bbox 324 3021 1336 3172">
     <span class='ocr_line' id='line_1_21' title="bbox 324 3021 1336 3172; baseline -0.005 -72"><span class='ocrx_word' id='word_1_109' title='bbox 324 3053 421 3102; x_wconf 89' lang='lat' dir='ltr'>nunc</span> <span class='ocrx_word' id='word_1_110' title='bbox 436 3025 531 3116; x_wconf 90' lang='lat' dir='ltr'>dedi,</span> <span class='ocrx_word' id='word_1_111' title='bbox 546 3024 671 3126; x_wconf 82' lang='lat' dir='ltr'>viginti</span> <span class='ocrx_word' id='word_1_112' title='bbox 689 3039 759 3098; x_wconf 88' lang='lat' dir='ltr'>tres</span> <span class='ocrx_word' id='word_1_113' title='bbox 781 3036 874 3114; x_wconf 90' lang='lat' dir='ltr'>suut,</span> <span class='ocrx_word' id='word_1_114' title='bbox 891 3023 983 3097; x_wconf 87' lang='lat' dir='ltr'>sicut</span> <span class='ocrx_word' id='word_1_115' title='bbox 999 3022 1165 3172; x_wconf 52' lang='lat' dir='ltr'>exempla</span> <span class='ocrx_word' id='word_1_116' title='bbox 1183 3021 1336 3096; x_wconf 87' lang='lat' dir='ltr'>tradunt.</span> 
     </span>
    </p>
   </div>
   <div class='ocr_carea' id='block_1_8' title="bbox 365 3288 1379 3400">
    <p class='ocr_par' dir='ltr' id='par_1_10' title="bbox 365 3288 1379 3400">
     <span class='ocr_line' id='line_1_22' title="bbox 365 3288 1379 3400; baseline -0.007 -24"><span class='ocrx_word' id='word_1_117' title='bbox 365 3293 470 3376; x_wconf 77' lang='lat' dir='ltr'>Car.</span> <span class='ocrx_word' id='word_1_118' title='bbox 490 3293 539 3374; x_wconf 93' lang='lat' dir='ltr'>V.</span> <span class='ocrx_word' id='word_1_119' title='bbox 567 3295 632 3376; x_wconf 89' lang='lat' dir='ltr'>De</span> <span class='ocrx_word' id='word_1_120' title='bbox 651 3307 776 3376; x_wconf 82' lang='lat' dir='ltr'>metro</span> <span class='ocrx_word' id='word_1_121' title='bbox 795 3291 989 3374; x_wconf 76' lang='lat' dir='ltr'>trochaico</span> <span class='ocrx_word' id='word_1_122' title='bbox 1006 3304 1045 3372; x_wconf 84' lang='lat' dir='ltr'>et</span> <span class='ocrx_word' id='word_1_123' title='bbox 1061 3288 1149 3398; x_wconf 75' lang='lat' dir='ltr'>ejus</span> <span class='ocrx_word' id='word_1_124' title='bbox 1166 3289 1379 3400; x_wconf 71' lang='lat' dir='ltr'>speciebus.</span> 
     </span>
    </p>
   </div>
   <div class='ocr_carea' id='block_1_9' title="bbox 323 3472 1413 4042">
    <p class='ocr_par' dir='ltr' id='par_1_11' title="bbox 323 3472 1413 4042">
     <span class='ocr_line' id='line_1_23' title="bbox 380 3472 1412 3574; baseline -0.001 -26"><span class='ocrx_word' id='word_1_125' title='bbox 380 3474 617 3548; x_wconf 56' lang='lat' dir='ltr'>trochaicum</span> <span class='ocrx_word' id='word_1_126' title='bbox 635 3489 787 3549; x_wconf 89' lang='lat' dir='ltr'>metrum</span> <span class='ocrx_word' id='word_1_127' title='bbox 807 3474 844 3548; x_wconf 88' lang='lat' dir='ltr'>in</span> <span class='ocrx_word' id='word_1_128' title='bbox 862 3473 978 3574; x_wconf 90' lang='lat' dir='ltr'>prima</span> <span class='ocrx_word' id='word_1_129' title='bbox 995 3472 1141 3570; x_wconf 91' lang='lat' dir='ltr'>quidem</span> <span class='ocrx_word' id='word_1_130' title='bbox 1164 3485 1263 3573; x_wconf 89' lang='lat' dir='ltr'>parte</span> <span class='ocrx_word' id='word_1_131' title='bbox 1283 3487 1320 3547; x_wconf 86' lang='lat' dir='ltr'>et</span> <span class='ocrx_word' id='word_1_132' title='bbox 1338 3487 1412 3548; x_wconf 88' lang='lat' dir='ltr'>ter-</span> 
     </span>
     <span class='ocr_line' id='line_1_24' title="bbox 323 3589 1413 3690; baseline 0 -26"><span class='ocrx_word' id='word_1_133' title='bbox 323 3591 374 3664; x_wconf 89' lang='lat' dir='ltr'>tia</span> <span class='ocrx_word' id='word_1_134' title='bbox 399 3603 436 3664; x_wconf 89' lang='lat' dir='ltr'>et</span> <span class='ocrx_word' id='word_1_135' title='bbox 458 3589 584 3688; x_wconf 91' lang='lat' dir='ltr'>quinta</span> <span class='ocrx_word' id='word_1_136' title='bbox 605 3589 715 3688; x_wconf 85' lang='lat' dir='ltr'>pedes</span> <span class='ocrx_word' id='word_1_137' title='bbox 738 3589 864 3690; x_wconf 81' lang='lat' dir='ltr'>recipit</span> <span class='ocrx_word' id='word_1_138' title='bbox 887 3589 989 3675; x_wconf 89' lang='lat' dir='ltr'>duos,</span> <span class='ocrx_word' id='word_1_139' title='bbox 1006 3590 1201 3664; x_wconf 71' lang='lat' dir='ltr'>trocheum</span> <span class='ocrx_word' id='word_1_140' title='bbox 1227 3603 1264 3664; x_wconf 94' lang='lat' dir='ltr'>et</span> <span class='ocrx_word' id='word_1_141' title='bbox 1284 3591 1413 3664; x_wconf 88' lang='lat' dir='ltr'>tribra-</span> 
     </span>
     <span class='ocr_line' id='line_1_25' title="bbox 324 3703 1412 3803; baseline -0.001 -22"><span class='ocrx_word' id='word_1_142' title='bbox 324 3705 458 3782; x_wconf 87' lang='lat' dir='ltr'>chum:</span> <span class='ocrx_word' id='word_1_143' title='bbox 485 3705 521 3778; x_wconf 88' lang='lat' dir='ltr'>in</span> <span class='ocrx_word' id='word_1_144' title='bbox 546 3703 700 3779; x_wconf 87' lang='lat' dir='ltr'>secunda</span> <span class='ocrx_word' id='word_1_145' title='bbox 724 3731 807 3779; x_wconf 88' lang='lat' dir='ltr'>vero</span> <span class='ocrx_word' id='word_1_146' title='bbox 829 3719 867 3778; x_wconf 91' lang='lat' dir='ltr'>et</span> <span class='ocrx_word' id='word_1_147' title='bbox 891 3719 1016 3803; x_wconf 89' lang='lat' dir='ltr'>quarta</span> <span class='ocrx_word' id='word_1_148' title='bbox 1038 3720 1074 3779; x_wconf 89' lang='lat' dir='ltr'>et</span> <span class='ocrx_word' id='word_1_149' title='bbox 1099 3721 1200 3780; x_wconf 80' lang='lat' dir='ltr'>sexta</span> <span class='ocrx_word' id='word_1_150' title='bbox 1215 3707 1271 3780; x_wconf 90' lang='lat' dir='ltr'>vel</span> <span class='ocrx_word' id='word_1_151' title='bbox 1291 3707 1412 3781; x_wconf 84' lang='lat' dir='ltr'>novis-</span> 
     </span>
     <span class='ocr_line' id='line_1_26' title="bbox 324 3807 1412 3923; baseline -0.002 -25"><span class='ocrx_word' id='word_1_152' title='bbox 324 3823 416 3898; x_wconf 87' lang='lat' dir='ltr'>sima</span> <span class='ocrx_word' id='word_1_153' title='bbox 447 3821 606 3921; x_wconf 85' lang='lat' dir='ltr'>quinque</span> <span class='ocrx_word' id='word_1_154' title='bbox 638 3822 764 3923; x_wconf 86' lang='lat' dir='ltr'>recipit</span> <span class='ocrx_word' id='word_1_155' title='bbox 793 3821 912 3923; x_wconf 89' lang='lat' dir='ltr'>pedes,</span> <span class='ocrx_word' id='word_1_156' title='bbox 951 3807 1159 3914; x_wconf 76' lang='lat' dir='ltr'>trocheum,</span> <span class='ocrx_word' id='word_1_157' title='bbox 1191 3823 1412 3923; x_wconf 82' lang='lat' dir='ltr'>tribrachyn,</span> 
     </span>
     <span class='ocr_line' id='line_1_27' title="bbox 324 3937 1412 4042; baseline 0.002 -30"><span class='ocrx_word' id='word_1_158' title='bbox 324 3951 556 4042; x_wconf 72' lang='lat' dir='ltr'>anapestum,</span> <span class='ocrx_word' id='word_1_159' title='bbox 581 3937 794 4038; x_wconf 88' lang='lat' dir='ltr'>spondeum,</span> <span class='ocrx_word' id='word_1_160' title='bbox 815 3938 1011 4039; x_wconf 89' lang='lat' dir='ltr'>dactylum,</span> <span class='ocrx_word' id='word_1_161' title='bbox 1028 3940 1083 4014; x_wconf 85' lang='lat' dir='ltr'>vel</span> <span class='ocrx_word' id='word_1_162' title='bbox 1108 3939 1412 4040; x_wconf 81' lang='lat' dir='ltr'>amphimacrum,</span> 
     </span>
    </p>
   </div>
   <div class='ocr_carea' id='block_1_10' title="bbox 173 4223 1412 4626">
    <p class='ocr_par' dir='ltr' id='par_1_12' title="bbox 364 4223 1411 4309">
     <span class='ocr_line' id='line_1_28' title="bbox 364 4223 1411 4309; baseline 0.006 -23"><span class='ocrx_word' id='word_1_163' title='bbox 364 4239 382 4272; x_wconf 79' lang='lat'>¹¹</span> <span class='ocrx_word' id='word_1_164' title='bbox 396 4227 522 4288; x_wconf 76' lang='lat' dir='ltr'>Minurus</span> <span class='ocrx_word' id='word_1_165' title='bbox 535 4232 679 4306; x_wconf 75' lang='lat' dir='ltr'>distringet</span> <span class='ocrx_word' id='word_1_166' title='bbox 692 4229 727 4289; x_wconf 92' lang='lat' dir='ltr'>L.</span> <span class='ocrx_word' id='word_1_167' title='bbox 742 4229 790 4309; x_wconf 89' lang='lat' dir='ltr'>qui</span> <span class='ocrx_word' id='word_1_168' title='bbox 805 4249 869 4288; x_wconf 88' lang='lat' dir='ltr'>mox</span> <span class='ocrx_word' id='word_1_169' title='bbox 883 4249 940 4288; x_wconf 90' lang='lat' dir='ltr'>om.</span> <span class='ocrx_word' id='word_1_170' title='bbox 954 4233 1077 4308; x_wconf 79' lang='lat' dir='ltr'>superbe.</span> <span class='ocrx_word' id='word_1_171' title='bbox 1214 4243 1237 4276; x_wconf 65' lang='lat' dir='ltr'>v</span> <span class='ocrx_word' id='word_1_172' title='bbox 1250 4223 1411 4292; x_wconf 63' lang='lat' dir='ltr'>aurumi-</span> 
     </span>
    </p>

    <p class='ocr_par' dir='ltr' id='par_1_13' title="bbox 324 4309 1409 4392">
     <span class='ocr_line' id='line_1_29' title="bbox 324 4309 1409 4392; baseline 0.006 -24"><span class='ocrx_word' id='word_1_173' title='bbox 324 4309 402 4386; x_wconf 77' lang='lat' dir='ltr'>dum]</span> <span class='ocrx_word' id='word_1_174' title='bbox 418 4311 594 4369; x_wconf 78' lang='lat' dir='ltr'>laborandam</span> <span class='ocrx_word' id='word_1_175' title='bbox 609 4312 644 4370; x_wconf 94' lang='lat' dir='ltr'>L.</span> <span class='ocrx_word' id='word_1_176' title='bbox 764 4321 781 4354; x_wconf 89' lang='lat'><em>¹</em></span> <span class='ocrx_word' id='word_1_177' title='bbox 794 4309 892 4387; x_wconf 79' lang='lat' dir='ltr'>dividi]</span> <span class='ocrx_word' id='word_1_178' title='bbox 909 4315 1014 4370; x_wconf 70' lang='lat' dir='ltr'>marm</span> <span class='ocrx_word' id='word_1_179' title='bbox 1027 4313 1060 4372; x_wconf 83' lang='lat' dir='ltr'>L</span> <span class='ocrx_word' id='word_1_180' title='bbox 1077 4315 1123 4392; x_wconf 89' lang='lat' dir='ltr'>qui</span> <span class='ocrx_word' id='word_1_181' title='bbox 1139 4334 1204 4372; x_wconf 85' lang='lat' dir='ltr'>mox</span> <span class='ocrx_word' id='word_1_182' title='bbox 1218 4333 1274 4374; x_wconf 91' lang='lat' dir='ltr'>om.</span> <span class='ocrx_word' id='word_1_183' title='bbox 1289 4317 1317 4374; x_wconf 82' lang='lat' dir='ltr'>in</span> <span class='ocrx_word' id='word_1_184' title='bbox 1330 4327 1359 4374; x_wconf 89' lang='lat' dir='ltr'>et</span> <span class='ocrx_word' id='word_1_185' title='bbox 1374 4324 1409 4374; x_wconf 85' lang='lat' dir='ltr'>et.</span> 
     </span>
    </p>

    <p class='ocr_par' dir='ltr' id='par_1_14' title="bbox 315 4393 1409 4472">
     <span class='ocr_line' id='line_1_30' title="bbox 315 4393 1409 4472; baseline 0.005 -23"><span class='ocrx_word' id='word_1_186' title='bbox 315 4403 341 4448; x_wconf 54' lang='lat' dir='ltr'>*t</span> <span class='ocrx_word' id='word_1_187' title='bbox 353 4394 475 4468; x_wconf 80' lang='lat' dir='ltr'>rapertus</span> <span class='ocrx_word' id='word_1_188' title='bbox 487 4394 594 4450; x_wconf 71' lang='lat' dir='ltr'>inuidiae</span> <span class='ocrx_word' id='word_1_189' title='bbox 609 4393 783 4466; x_wconf 59' lang='lat' dir='ltr'>cartham</span> <span class='ocrx_word' id='word_1_190' title='bbox 797 4393 938 4450; x_wconf 69' lang='lat' dir='ltr'>ammam</span> <span class='ocrx_word' id='word_1_191' title='bbox 949 4413 1025 4452; x_wconf 82' lang='lat' dir='ltr'>arces</span> <span class='ocrx_word' id='word_1_192' title='bbox 1038 4394 1071 4452; x_wconf 90' lang='lat' dir='ltr'>L.</span> <span class='ocrx_word' id='word_1_193' title='bbox 1182 4395 1409 4472; x_wconf 73' lang='lat' dir='ltr'>²arctastalectum]</span> 
     </span>
    </p>

    <p class='ocr_par' dir='ltr' id='par_1_15' title="bbox 173 4465 1412 4626">
     <span class='ocr_line' id='line_1_31' title="bbox 173 4465 1412 4553; baseline 0.005 -24"><span class='ocrx_word' id='word_1_194' title='bbox 173 4465 181 4474; x_wconf 80' lang='grc'><em>“</em></span> <span class='ocrx_word' id='word_1_195' title='bbox 326 4472 372 4532; x_wconf 87' lang='lat' dir='ltr'>Sic</span> <span class='ocrx_word' id='word_1_196' title='bbox 385 4473 420 4532; x_wconf 91' lang='lat' dir='ltr'>L.</span> <span class='ocrx_word' id='word_1_197' title='bbox 436 4471 646 4532; x_wconf 83' lang='lat' dir='ltr'>acatalecticum</span> <span class='ocrx_word' id='word_1_198' title='bbox 661 4473 817 4531; x_wconf 86' lang='lat' dir='ltr'>Putsehius.</span> <span class='ocrx_word' id='word_1_199' title='bbox 901 4527 903 4532; x_wconf 81' lang='grc'>,</span> <span class='ocrx_word' id='word_1_200' title='bbox 954 4475 1057 4553; x_wconf 81' lang='lat' dir='ltr'>⁸quod</span> <span class='ocrx_word' id='word_1_201' title='bbox 1072 4477 1186 4552; x_wconf 85' lang='lat' dir='ltr'>praeter]</span> <span class='ocrx_word' id='word_1_202' title='bbox 1203 4475 1249 4535; x_wconf 83' lang='lat' dir='ltr'>Sic</span> <span class='ocrx_word' id='word_1_203' title='bbox 1264 4477 1297 4535; x_wconf 92' lang='lat' dir='ltr'>L.</span> <span class='ocrx_word' id='word_1_204' title='bbox 1309 4485 1412 4553; x_wconf 77' lang='lat' dir='ltr'>preter</span> 
     </span>
     <span class='ocr_line' id='line_1_32' title="bbox 324 4549 1258 4626; baseline 0.004 -13"><span class='ocrx_word' id='word_1_205' title='bbox 324 4573 382 4614; x_wconf 84' lang='lat' dir='ltr'>om.</span> <span class='ocrx_word' id='word_1_206' title='bbox 398 4554 553 4613; x_wconf 83' lang='lat' dir='ltr'>Putscbiua.</span> <span class='ocrx_word' id='word_1_207' title='bbox 634 4549 712 4608; x_wconf 82' lang='lat' dir='ltr'>baut</span> <span class='ocrx_word' id='word_1_208' title='bbox 727 4553 973 4626; x_wconf 60' lang='lat' dir='ltr'>hypercatalectus„</span> <span class='ocrx_word' id='word_1_209' title='bbox 986 4568 1161 4613; x_wconf 85' lang='lat' dir='ltr'>accesserunt</span> <span class='ocrx_word' id='word_1_210' title='bbox 1174 4577 1208 4616; x_wconf 87' lang='lat' dir='ltr'>ex</span> <span class='ocrx_word' id='word_1_211' title='bbox 1222 4557 1258 4617; x_wconf 91' lang='lat' dir='ltr'>L.</span> 
     </span>
    </p>
   </div>
   <div class='ocr_carea' id='block_1_11' title="bbox 0 0 1555 5142">
    <p class='ocr_par' dir='ltr' id='par_1_16' title="bbox 0 0 1555 5142">
     <span class='ocr_line' id='line_1_33' title="bbox 0 0 1555 5142; baseline 0 0"><span class='ocrx_word' id='word_1_212' title='bbox 0 0 1555 5142; x_wconf 95' lang='lat' dir='ltr'> </span> 
     </span>
    </p>
   </div>
  </div>
 </body>
</html>
