3076 5140
295 397 362 476 198
680 375 802 452 Marii
821 375 1004 450 Victorini
1244 397 1320 448 me.
1338 399 1391 450 iv.

392 564 517 662 Lydio
535 563 593 636 olio
604 586 736 658 precor
755 559 856 646 milri,
868 559 1026 657 perdere
1042 585 1108 636 carr
1122 557 1293 632 sodalem.

292 681 388 754 Item
416 704 462 752 ex
486 677 696 750 choriambo
724 689 761 750 et
782 674 929 774 dipodia
954 674 1110 748 iambica
1137 688 1174 748 et
1196 673 1391 762 trochaica,

293 793 424 868 ultimo
442 791 701 892 amphimacro,
718 803 770 879 ut,

394 906 517 1006 Iasdio
534 907 591 980 dic
603 931 738 1002 precor
755 905 879 994 liberas,
895 905 992 978 unde
1008 905 1104 980 dono
1117 929 1194 1001 quo
1206 903 1318 1002 geria

251 1033 282 1083 ²⁶
296 1020 391 1093 Item
413 1048 459 1094 ex
484 1021 695 1094 choriambo
720 1033 758 1094 et
780 1021 857 1094 basi
883 1018 1049 1103 iambica,
1067 1017 1203 1092 ultimis
1226 1015 1392 1090 trochaeis

295 1135 422 1222 tribus,

395 1247 518 1346 Lydio
536 1247 593 1320 dio
604 1275 735 1344 precor
752 1250 842 1322 mibi
859 1275 925 1324 car
942 1259 1064 1324 tacere
1079 1248 1182 1323 colis.

296 1365 389 1438 Item
416 1388 462 1436 ex
487 1362 733 1438 choriambico
753 1363 908 1440 dimetro
932 1365 1139 1453 acatalecto,
1156 1377 1193 1436 et
1209 1361 1393 1436 trochaico

296 1479 473 1552 ¹dimetro
491 1477 710 1566 catalectico,
730 1480 793 1566 sic,

397 1594 519 1692 Lydio
537 1594 595 1668 dio
610 1593 702 1692 quid
715 1595 857 1680 retices,
874 1619 942 1666 cur
957 1594 1080 1666 venire
1091 1617 1282 1692 peraegre.

253 1739 284 1790 er
297 1712 392 1786 Item
412 1735 456 1782 ex
475 1710 656 1806 Glyconio
673 1725 709 1782 et
726 1709 884 1782 iambico
900 1708 1056 1782 dimetro
1072 1707 1293 1790 catalectico,

401 1823 523 1898 Contu
540 1821 863 1924 lenaticoitseros,
881 1832 917 1895 et
934 1823 1061 1920 impios·
1073 1824 1262 1921 gigmatos.

299 1941 393 2016 Item
420 1965 464 2012 ex
490 1939 715 2012 Pherecratio
745 1951 782 2012 et
806 1937 962 2012 iambico
988 1937 1142 2013 dimetro
1164 1937 1395 2013 ¹catalectico

299 2058 361 2140 sic,
385 2079 429 2126 ex
459 2053 514 2126 bis
540 2052 757 2126 Callimachi
789 2051 1006 2124 brevissimis
1035 2051 1187 2126 duobus.
1232 2052 1326 2125 ltem
1348 2075 1395 2124 ex

300 2167 480 2265 Glyconio
496 2179 534 2238 et
551 2167 778 2242 Pherecratio
789 2166 939 2264 junctis,
957 2193 977 2240 e
995 2167 1075 2263 quis
1089 2167 1259 2266 Priapeus
1271 2191 1396 2240 versus

300 2284 353 2370 fir,
371 2282 433 2370 sic,

349 2396 495 2470 Nereus
511 2406 552 2469 nt
570 2405 714 2468 careret
730 2393 835 2495 ⁸fero
849 2406 961 2494 grato
979 2393 1131 2494 Pyrrho
1147 2393 1214 2467 sub
1232 2403 1348 2467 actm.

257 2547 288 2595 aa
301 2513 395 2587 Item
413 2539 514 2585 verso
530 2536 652 2584 eorum
672 2509 807 2597 ordine,
826 2511 952 2583 similis
970 2509 1140 2609 superiori
1158 2535 1280 2582 versus
1297 2535 1398 2582 crea·

301 2631 409 2714 bitur,
427 2643 480 2714 ut,

351 2739 570 2843 Ibomsorte
581 2767 651 2839 per
667 2766 799 2839 ogram
816 2740 947 2814 montir
962 2739 1137 2812 silvicomr'
1152 2763 1287 2812 nonus.

302 2859 395 2931 Item
412 2857 510 2955 quod
530 2870 699 2956 utrosque
713 2856 915 2954 Glyconios
934 2855 1054 2942 babet,
1072 2869 1124 2938 ut,

221 3005 223 3008 ·
354 2969 573 3073 Ibomforte
584 2999 655 3070 per
672 2971 829 3046 ordeum
847 2971 977 3044 moratis
992 2968 1167 3044 sileioomi
1182 2993 1316 3042 mas.

260 3122 291 3174 29
305 3087 398 3160 Item
419 3087 516 3185 quod
536 3101 707 3184 utrosque
725 3085 982 3169 Pberecmtios,
1000 3083 1063 3169 sic,

404 3203 595 3298 Rumpunt
611 3201 765 3274 carbaso
779 3197 1001 3299 certificat
1018 3197 1092 3272 libo
1109 3197 1263 3295 Priapo.

304 3315 398 3388 Item
418 3341 463 3386 ex
479 3315 621 3387 duobus
639 3315 804 3388 trochaeis
822 3330 859 3388 et
875 3315 1017 3389 duobus
1035 3313 1177 3401 iambis,
1193 3325 1245 3401 ut,

405 3427 544 3500 Soracte
562 3429 645 3501 diva
659 3453 795 3524 pererro
810 3428 926 3504 Semi.

305 3544 401 3616 Item
418 3568 463 3614 ex
483 3543 639 3614 molosso
656 3556 693 3614 et
709 3542 843 3633 iambo,
860 3543 923 3640 qui
950 3542 1225 3616 molossiambus
1245 3541 1400 3615 dicitur:

306 3671 358 3746 ut,
407 3755 595 3828 Morcercti
607 3755 732 3854 grado
749 3756 959 3828 bnectebant
976 3757 1113 3830 choros.

262 3919 294 3967 30
306 3886 401 3958 Item
419 3911 464 3958 ex
483 3885 768 3983 penthemimere
785 3899 822 3958 et
839 3887 987 3986 syzygia
1010 3885 1164 3959 iambica
1189 3911 1272 3958 cum
1296 3885 1403 3956 serni-

349 4137 364 4170 ¹
378 4123 513 4200 dimetro]
529 4125 650 4185 dimetro
664 4125 827 4186 catalectico
842 4127 872 4184 P.
955 4125 1312 4206 imminuit—gigantes]
1333 4145 1403 4183 oon·

307 4203 560 4283 licuit—gigantas
574 4207 604 4262 P.
728 4205 933 4280 ¹acatalectico]
948 4205 1119 4266 catalecticis
1133 4207 1165 4264 P.
1299 4205 1401 4281 ⁸terri]

307 4285 381 4344 feros
395 4286 427 4342 P.
511 4283 527 4330 b
541 4285 707 4360 nectebant]
723 4288 914 4346 neotenebant
928 4287 963 4346 P.

351 4479 398 4538 27.
414 4463 538 4539 duobus]
557 4464 614 4522 Ilio
629 4464 757 4541 quadarn
774 4462 940 4522 Callimachi
954 4463 1086 4523 videntur
1099 4463 1207 4522 deesse.
1228 4463 1360 4521 COMM.
