3012 5084
293 368 345 430 30
669 351 792 428 Marii
810 351 994 428 Victorini
1277 377 1360 428 ura.
1379 378 1429 428 r.

294 536 541 637 “diphthongi
567 561 641 612 non
671 549 755 612 sunt
780 563 862 636 qure
891 539 985 612 fiunt
1012 547 1112 636 'per
1139 537 1278 610 vocales
1311 537 1427 614 loco

293 653 571 728 consonantium
599 653 775 752 ¹positas‚
793 666 834 726 ut
853 653 927 742 ria,
944 653 990 740 ie,
1011 653 1051 740 ti,
1068 653 1115 742 io,
1131 652 1183 740 iu,
1198 677 1258 740 va,
1274 678 1327 742 ue,
1345 655 1419 738 υἱ,

267 785 349 858 tvo,
366 783 449 842 'ora
499 766 592 842 Alioe
607 794 693 842 vero
705 770 800 842 flunt
814 769 994 869 positione
1017 769 1136 866 longae
1160 766 1276 840 modis
1296 782 1414 842 octo.

293 881 427 970 Primo,
441 882 470 955 si
488 893 678 981 ‘correpta
690 882 821 956 vocalia
834 881 974 956 desinat
991 881 1027 956 in
1042 881 1130 956 duas
1143 897 1412 968 consonantes,

265 1012 337 1072 sut
361 1023 434 1072 ors.
484 995 665 1082 Secundo,
691 997 718 1070 si
745 997 925 1097 excipitur
951 1024 972 1070 a
995 996 1135 1070 duabus
1165 999 1414 1072 consonanti-

293 1114 374 1202 bus,
390 1125 433 1186 ut
448 1111 684 1186 Acrisioneis
700 1110 848 1186 Danae.
898 1111 1033 1198 Tertio,
1051 1107 1080 1186 s'i
1097 1111 1230 1187 desinit
1251 1113 1288 1186 in
1304 1140 1410 1188 con-

294 1239 494 1315 sonantem,
512 1239 549 1300 et
577 1225 756 1324 excipitur
781 1227 827 1298 ab
854 1227 935 1314 alia,
959 1227 1015 1300 vel
1043 1228 1089 1300 ab
1115 1227 1240 1302 eadem
1265 1255 1409 1301 conso-

265 1353 416 1430 snante,
438 1353 481 1414 ut
510 1367 627 1430 orma,
643 1340 769 1414 Anna.
821 1340 971 1430 Quarto,
993 1341 1021 1414 si
1048 1339 1180 1416 desinit
1208 1342 1245 1415 in
1272 1342 1407 1442 dupli-

293 1479 372 1530 cem
401 1455 568 1545 litteram,
585 1469 626 1530 ut
642 1481 724 1530 noc.
774 1455 924 1543 Quinto,
942 1455 971 1528 si
996 1455 1176 1555 excipitur
1198 1485 1218 1532 a
1241 1457 1404 1558 duplici,

250 1604 281 1643 ιο
292 1582 334 1644 ut
351 1572 441 1644 acis.
492 1569 616 1656 Sexto,
634 1569 663 1642 si
689 1569 821 1644 desinit
847 1569 884 1642 in
909 1591 1181 1662 consonantem,
1197 1599 1279 1670 quar
1300 1573 1403 1648 dua-

291 1710 371 1760 rum
396 1710 525 1759 sonum
549 1686 718 1784 proebeat,
737 1698 778 1760 ut
795 1685 881 1760 hooc
903 1697 994 1762 erut
1045 1685 1222 1785 Septimo,
1238 1689 1268 1760 si
1294 1687 1402 1760 desi-

291 1801 346 1874 nit
370 1801 408 1874 in
435 1813 692 1874 consonantem
718 1812 755 1873 et
779 1801 959 1900 excipitur
975 1827 996 1874 e
1012 1803 1124 1876 vocali
1154 1803 1234 1876 loco
1263 1829 1402 1876 conso-

202 1961 205 1968 ι
248 1948 274 1984 ιι
291 1915 410 1988 nantis
436 1915 563 2014 posits,
588 1927 630 1988 ut
657 1941 795 1989 aruum.
857 1915 1009 2006 Octavo,
1039 1919 1068 1990 si
1098 1918 1277 2018 excipitur
1302 1919 1350 1991 ab
1378 1920 1399 1991 i

291 2029 409 2104 littera
421 2029 667 2129 duplicata,ut
682 2028 700 2078 b
715 2029 852 2120 Tmiia,
869 2031 954 2120 aiio,
973 2031 1270 2120 Graiiua,Aiiuc.
1306 2033 1398 2106 Me-

290 2145 359 2220 diae
377 2159 497 2219 autem
516 2146 590 2218 sive
613 2171 824 2220 communes
842 2147 989 2246 syllabae
1007 2150 1100 2222 fiunt
1126 2147 1241 2222 modia
1258 2159 1396 2246 cquat-

248 2291 277 2326 n
290 2276 382 2336 tuor.
440 2263 562 2336 Primo
581 2263 609 2336 si
628 2278 791 2363 correpta
807 2264 939 2338 vocalia
957 2263 1097 2338 desinat
1124 2263 1162 2336 in
1185 2289 1394 2337 consonan-

290 2389 365 2450 tem
391 2403 472 2474 quoe
496 2377 664 2452 orationis
679 2378 782 2454 finiat
807 2391 959 2478 partem,
976 2391 1013 2452 et
1035 2378 1235 2478 excipiatur
1251 2405 1273 2451 a
1289 2379 1395 2478 prin·-

290 2493 395 2594 cipsli
414 2493 532 2568 littere
543 2493 669 2568 vocali.
719 2493 789 2569 Est
801 2493 897 2568 enim
918 2493 1034 2568 brevis
1049 2493 1112 2584 sic,
1129 2494 1180 2566 Te
1195 2491 1354 2568 Coridon
1366 2521 1393 2568 o

248 2607 436 2718 13‘1Alexi3
471 2609 522 2682 Et
538 2609 625 2682 item
644 2635 728 2683 cum
742 2607 901 2682 vocalem
915 2635 977 2682 seu
994 2609 1220 2709 productam,
1232 2636 1293 2682 seu
1309 2610 1390 2682 bre-

289 2750 384 2814 vem,
400 2737 461 2800 aut
480 2725 767 2824 ‘diphthongon
784 2739 820 2798 et
846 2739 901 2799 est
924 2725 1052 2818 brevis,
1068 2737 1120 2814 ut,
1136 2723 1268 2800 Insula
1284 2723 1390 2798 Ionio

288 2840 328 2914 in
344 2865 499 2940 magno.-
526 2839 539 2888 ¹
547 2840 655 2940 longa
672 2853 727 2914 est
744 2851 864 2914 autem
884 2840 947 2928 sic,

329 3049 347 3082 ¹¹
360 3037 523 3120 diphtongi]
541 3038 704 3118 dyptongoe
718 3040 750 3098 P.
839 3049 862 3080 V
877 3039 939 3118 per]
961 3057 1012 3118 pru
1026 3037 1058 3096 P.
1140 3047 1157 3079 ¹
1170 3037 1284 3116 posite]
1306 3039 1385 3118 pnsi-

288 3131 318 3177 ts
332 3119 363 3177 P.
455 3123 511 3198 ηε
520 3119 558 3196 Ji]
571 3125 601 3198 je
614 3119 646 3177 P.
736 3119 813 3194 Ιινιι]
829 3138 878 3177 rus
892 3119 924 3178 P.
1017 3119 1187 3196 ⁸correpto]
1204 3132 1339 3198 correptae
1353 3121 1386 3179 P.

288 3196 578 3272 emotis-Gratius]
593 3197 821 3258 Troia-Graius
834 3200 867 3258 P.
1009 3199 1170 3276 equotuor]
1194 3211 1330 3276 quattuor
1348 3202 1381 3258 P.

287 3274 398 3336 “Alexi
412 3279 481 3353 etc]
496 3278 578 3336 Alexi
592 3279 624 3336 P.
758 3279 979 3360 ediptrtongon]
996 3278 1184 3358 diphtongon
1198 3281 1230 3337 P.
1330 3277 1386 3338 set

287 3357 387 3437 longa]
404 3356 490 3438 longa
503 3358 536 3417 P.

332 3521 378 3562 η.
409 3503 501 3560 Totus
532 3501 611 3560 locus
639 3501 814 3580 depravatus,
856 3501 942 3562 luisse
961 3502 1104 3562 rideatur:
1133 3504 1165 3562 Si
1187 3513 1312 3580 correpto
1335 3525 1382 3564 oo·

289 3603 346 3642 non
362 3584 483 3642 obscuro
497 3597 594 3640 minen
613 3601 708 3641 sensu.
750 3583 814 3642 Do·
856 3585 923 3641 colit
939 3586 1046 3642 duinct
1065 3587 1094 3640 in
1108 3593 1309 3651 emmenum,
1325 3605 1383 3662 quc

288 3677 336 3722 oet
353 3663 430 3723 euim
454 3683 635 3722 communem
659 3663 735 3722 reddi
759 3663 815 3741 ayl-
856 3666 988 3722 orationis
996 3665 1083 3740 firme
1104 3673 1221 3740 purtem,
1237 3673 1264 3724 el
1283 3668 1381 3740 excipi·

288 3744 393 3810 labem,
408 3745 432 3801 si
455 3762 512 3822 quo
534 3742 597 3801 loco
621 3743 732 3804 brevem
754 3763 816 3804 esse
856 3752 922 3800 ntur·
949 3747 1135 3820 aprbrctpolt
1158 3747 1250 3804 tinem
1274 3748 1380 3804 vocati.-

288 3825 447 3903 oportebat,
456 3824 542 3903 longa
553 3837 741 3904 ponatur‚per
749 3843 814 3902 pro·
855 3824 911 3882 Est
932 3826 1003 3882 errr'rrr
1028 3825 1112 3897 longo
1131 3827 1190 3884 ric:
1218 3827 1273 3882 Hic
1294 3828 1336 3884 ait
1356 3835 1383 3882 et

287 3904 401 3963 ducum
409 3903 535 3963 vocalem
546 3903 588 3961 rel
597 3905 815 3984 diphthongum,
857 3907 975 3961 nostrin·
1008 3905 1105 3962 Brenn
1129 3913 1221 3963 autem
1242 3909 1303 3962 rte:
1328 3907 1382 3962 fflc

288 4004 346 4062 qua
359 3983 472 4042 finietur
486 4003 549 4062 pars
563 3985 698 4042 orationis
711 3997 740 4044 et
754 4005 818 4063 quse
856 3987 900 4043 air
918 3985 963 4042 lu’c
980 3991 1028 4041 ert.
1071 3985 1204 4053 Secundo,
1218 4003 1279 4042 cum
1299 3987 1379 4060 longa

288 4084 346 4122 non
369 4064 744 4143 excipiaturaconsonsnte
766 4065 816 4124 sed
856 4066 957 4122 uocalis
971 4066 1127 4122 continuam
1148 4067 1176 4122 in
1195 4069 1253 4123 alic
1267 4068 1381 4122 dictione
1497 4089 1498 4106 ¹

287 4145 386 4204 vocali.
444 4145 535 4204 Deest
562 4157 655 4203 autem
684 4145 815 4213 omissus,
858 4145 938 4202 tabet
956 4153 1109 4218 sequentem
1131 4148 1252 4202 vocalem
1267 4147 1379 4202 brevem.

287 4223 395 4284 incuria
425 4224 540 4290 librarii,
569 4225 678 4301 primus
713 4226 814 4284 modus
855 4225 991 4284 Ertenim
1007 4225 1093 4282 brevis
1105 4227 1154 4294 rio,
1173 4227 1211 4283 Te
1226 4225 1379 4300 Corydona

288 4305 482 4363 communium
498 4303 667 4382 syllabarum
679 4305 814 4382 exemplis
857 4307 957 4363 Alexi:
980 4305 1078 4380 Longa
1088 4313 1190 4375 oulen,
1202 4305 1323 4362 Mseoniu
1335 4324 1378 4380 ge·
1496 4329 1497 4346 ¹

287 4383 345 4442 suis
355 4383 514 4453 conclusus,
524 4397 554 4442 st
564 4383 728 4444 inchoatum
744 4405 813 4464 prae·
855 4405 949 4443 more
959 4387 1038 4442 domo
1052 4387 1099 4443 ubi
1112 4389 1157 4450 tte.
1189 4387 1227 4442 Et
1239 4387 1309 4444 mern
1322 4405 1377 4442 cum

287 4477 400 4544 ceptum
427 4464 554 4532 secundi,
578 4478 609 4524 ut
640 4465 724 4526 lectio
751 4465 815 4524 talis
854 4467 974 4523 ecculm
989 4469 1034 4528 tre.
1076 4465 1228 4524 CAMER.
