2980 5142
28 452 137 503 car.
156 442 233 505 34.
401 428 467 502 De
482 453 653 504 versuum
666 431 873 529 generibus.
1107 445 1178 508 ⁵03

28 611 167 684 bicus
190 610 359 710 'recipit
381 636 512 685 novam
540 611 714 712 syllabam
742 613 797 686 ab·
814 612 943 686 ultima
966 613 1122 704 tertiam,
1140 627 1180 688 ut

31 727 181 827 possit
202 753 397 801 recurrere.

102 843 313 917 Iambicus
340 843 549 918 hexameter
570 844 625 934 fit,
642 868 727 916 cum
755 843 878 917 iambo
903 843 1126 936 terminatur,
1143 857 1225 920 etto

39 960 95 1031 fit
116 959 230 1045 talis,

204 1075 274 1138 Per
288 1076 397 1140 varios
410 1096 534 1162 aampaer
546 1083 683 1140 armant
697 1095 766 1138 area
779 1075 923 1139 carmina
938 1075 1052 1141 mador.

47 1185 94 1257 Si
127 1185 345 1282 proximam
374 1186 513 1260 uttimae
540 1187 716 1287 syllabam
747 1183 937 1285 producas,
964 1187 1032 1260 erit
1056 1213 1179 1261 versus

50 1299 301 1374 hexameter.
351 1300 544 1374 ¹Dimeter
567 1304 602 1375 ἐκ
626 1301 743 1376 τελείου
770 1303 888 1396 ἰάμβου
909 1315 974 1389 est,
991 1304 1020 1376 si
1045 1305 1176 1377 faciam

51 1416 206 1489 talerna
236 1415 401 1490 carmina
417 1417 549 1490 modas.
599 1417 823 1491 'Petrameter
840 1419 874 1492 ἔκ
889 1419 1007 1493 τελείου
1023 1420 1152 1516 ἰάμβου,
1237 1501 1240 1506 ,

205 1533 361 1597 Fulmina
375 1533 513 1598 samua
525 1535 618 1599 obvia
632 1555 744 1600 moves.

59 1645 102 1717 Si
134 1658 237 1718 esset
260 1645 296 1718 in
328 1645 398 1718 hoc
415 1648 586 1720 tverbum
607 1657 766 1748 torques,
784 1661 877 1721 esset
900 1660 1107 1722 tetrameter
1130 1673 1177 1721 ex

62 1761 197 1834 heroo.
239 1761 467 1866 Pentameter
481 1764 555 1836 Πέκ
571 1763 689 1837 τελείου
706 1765 823 1857 ἰάμβου
837 1766 913 1838 fieri
931 1778 1050 1865 potest
1067 1764 1160 1852 talis,

206 1888 222 1921 ²
231 1875 378 1963 Uadiqaoe
391 1877 571 1942 nominibus
583 1900 664 1966 parra
677 1879 799 1944 indicat
812 1881 902 1944 ²r'ter.

67 1985 107 2058 Si
126 1985 221 2058 velis
247 1985 285 2058 in
312 1986 387 2059 imo
404 1996 507 2061 astra
532 2015 666 2088 ponere
691 1991 754 2064 ubi
781 2004 837 2065 est
852 1991 937 2076 iter,
953 1987 1063 2064 facies
1088 2016 1177 2090 peu·

69 2115 272 2176 tametrum
294 2103 442 2176 heroum
462 2127 507 2175 ex
525 2103 701 2178 inferiore.

124 2218 283 2292 Serenus
301 2217 388 2291 fecit
404 2216 613 2314 hujusmodi
631 2216 803 2310 lursarum,
1182 2234 1212 2286 ⁶¹

165 2336 231 2410 Quat
244 2336 416 2423 navigium
430 2335 581 2399 manicata
594 2337 705 2423 aafim
720 2338 845 2403 Picena
858 2338 1020 2424 marginis
1032 2343 1112 2400 arta.

76 2443 249 2544 Superius
276 2470 421 2519 comma
450 2458 575 2518 estex
605 2447 820 2548 arrapaestico
846 2445 1004 2534 eborico,
1028 2443 1075 2517 de
1103 2469 1177 2540 quo

79 2587 186 2660 supra
202 2560 339 2634 dictum
356 2573 422 2634 est.
473 2561 513 2634 N
514 2587 571 2634 am
592 2561 673 2653 hoc,

211 2679 275 2752 Qut
288 2679 460 2765 navigium
473 2677 625 2742 navicula
636 2677 758 2763 saffira,

83 2787 198 2860 simile
215 2801 269 2860 est
287 2787 354 2874 illi,

208 2903 327 2967 Asdara
339 2905 475 2968 aimlam
489 2905 644 2992 qaifrcta
658 2904 811 2990 ορᾳὶυηυυυ.

89 3015 235 3088 lnferius
253 3029 374 3087 autem
393 3015 549 3102 comma,
567 3015 664 3112 quod
681 3029 737 3088 eat
754 3015 837 3104 tale,

209 3133 334 3196 Picenae
348 3132 511 3219 marginis
524 3139 612 3214 aaa,

91 3242 198 3315 simile
214 3255 267 3316 est
286 3241 348 3331 illi,

130 3527 150 3558 a
163 3515 255 3594 recipit
274 3529 338 3595 post
358 3537 462 3576 aonam
479 3517 617 3595 syllabam
631 3515 787 3576 iuter-sitam
804 3515 834 3573 u't
848 3515 951 3593 possit]
968 3517 1066 3592 recipit
1080 3535 1178 3574 aoaam

95 3599 207 3654 allalma
221 3601 257 3654 ad
280 3591 328 3672 (ab
345 3599 390 3672 Β.)
411 3601 509 3656 ultiraa
531 3601 640 3656 tertiam
663 3607 695 3655 ut
713 3605 804 3674 posset
817 3597 889 3656 Art.
910 3601 1019 3654 tertiam
1033 3597 1108 3655 Ven.
1128 3594 1177 3654 ubi

97 3678 161 3735 inlra
173 3682 358 3736 terminantur.
390 3680 428 3735 Et
441 3681 556 3754 si-per
567 3682 668 3737 uarias
758 3693 770 3722 ¹
787 3677 919 3736 Dimeter
931 3697 964 3736 ex
979 3677 1027 3735 tali
1043 3677 1175 3735 iambico.

97 3758 211 3816 Fulmina
225 3759 347 3817 nabibus
361 3758 443 3817 obvia
463 3771 588 3817 manent.
624 3759 654 3818 Si
675 3773 749 3819 esset
767 3759 795 3818 in
817 3761 873 3818 hoc
894 3760 1008 3818 verbum
1030 3759 1172 3834 (torques)

98 3853 164 3897 esset
175 3851 331 3898 tetrameter
344 3859 376 3898 ex
392 3839 518 3914 heroico]
541 3841 574 3897 si
589 3844 743 3916 proximam
763 3844 867 3899 ultima
885 3842 1019 3916 syllabam
1037 3841 1176 3914 producas

99 3925 144 3977 era
156 3940 236 3978 aeram
249 3929 396 3979 eaameter.
440 3921 568 3979 Dimeter
586 3941 619 3978 ea
638 3924 704 3980 teliu
722 3925 837 3980 iambum
853 3929 893 3979 eat
904 3924 928 3978 ri
935 3920 1045 3996 saetam
1066 3920 1176 3997 (sarias

100 4003 141 4074 Β.)
161 4005 230 4059 tatem
251 4005 375 4059 carmina
394 4004 493 4061 medas.
521 4010 678 4060 tetrameter
700 4006 799 4061 catella
823 4001 1044 4079 iambuflamiaa
1062 4001 1176 4057 nuliam

101 4085 189 4140 aarum
209 4101 268 4140 oves
287 4087 310 4140 st
333 4091 420 4141 emeat
445 4085 527 4156 (esset
547 4084 595 4158 B.)
619 4085 647 4140 in
673 4083 723 4142 hac
746 4083 827 4143 verba
850 4081 1079 4157 torques—beroa
1101 4081 1174 4141 ΑΒ.

101 4165 192 4220 laerta
203 4164 272 4223 Van.
354 4173 387 4222 tt
400 4183 434 4222 ex
449 4163 499 4222 tali
513 4163 665 4240 iambicus]
689 4183 722 4220 ca
735 4167 801 4222 teliu
815 4165 907 4220 tamar
923 4162 1025 4236 (lamba
1039 4161 1089 4236 Β.)
1103 4161 1174 4217 AB.

102 4243 232 4322 ²undique
246 4245 282 4303 de
298 4246 461 4304 nominibus
475 4243 572 4324 ponis]
587 4247 707 4319 undique
720 4245 871 4302 nominibus
883 4261 951 4318 paris
965 4243 999 4298 A.
1116 4251 1132 4283 ⁸
1145 4251 1175 4298 et

103 4323 154 4382 vilis
165 4337 188 4383 at
200 4325 284 4384 immo
304 4339 381 4384 astro
402 4345 508 4404 ponera
522 4327 571 4382 ubi
585 4337 638 4382 est.
669 4323 737 4382 item
758 4325 857 4398 facies]
883 4325 935 4380 iter
950 4325 974 4380 ri
990 4324 1056 4380 aelia
1073 4324 1102 4378 ia
1119 4324 1174 4380 ima

104 4406 347 4483 astra-iterfaeics
361 4409 393 4465 A.
408 4409 528 4464 iteratae
541 4410 623 4463 imma
637 4405 905 4482 asma-iterfacite
915 4405 948 4462 B.
1020 4399 1172 4477 bversum]

104 4507 178 4544 acram
189 4489 220 4544 B.
296 4489 436 4566 eprimus¹
457 4486 575 4545 inferius
589 4487 716 4562 comma]
733 4490 817 4562 prius.
841 4487 955 4562 insertas
969 4491 1059 4543 autem
1070 4503 1175 4542 corama

106 4569 161 4626 au.
184 4568 245 4626 Mox
260 4587 365 4626 ramma
380 4571 486 4644 quidem
502 4576 541 4626 eat
555 4569 620 4626 tulta
635 4567 706 4625 Ven.
