<?xml version="1.0" encoding="UTF-8"?>
<!DOCTYPE html PUBLIC "-//W3C//DTD XHTML 1.0 Transitional//EN"
    "http://www.w3.org/TR/xhtml1/DTD/xhtml1-transitional.dtd">
<html xmlns="http://www.w3.org/1999/xhtml" xml:lang="en" lang="en">
 <head>
  <title>
</title>
<meta http-equiv="Content-Type" content="text/html;charset=utf-8" />
  <meta name='ocr-system' content='tesseract 3.04.00' />
  <meta name='ocr-capabilities' content='ocr_page ocr_carea ocr_par ocr_line ocrx_word'/>
</head>
<body>
  <div class='ocr_page' id='page_1' title='image "./scriptoreslatin00gaisgoog_0426.png"; bbox 0 0 3082 5140; ppageno 0'>
   <div class='ocr_carea' id='block_1_1' title="bbox 277 275 1178 378">
    <p class='ocr_par' dir='ltr' id='par_1_1' title="bbox 277 275 1178 378">
     <span class='ocr_line' id='line_1_1' title="bbox 277 275 1178 378; baseline -0.003 -22"><span class='ocrx_word' id='word_1_1' title='bbox 277 293 349 356; x_wconf 79' lang='grc'>408</span> <span class='ocrx_word' id='word_1_2' title='bbox 480 277 672 354; x_wconf 72' lang='lat' dir='ltr'>Cmmriai</span> <span class='ocrx_word' id='word_1_3' title='bbox 688 275 952 378; x_wconf 61' lang='lat' dir='ltr'>{tegmentum</span> <span class='ocrx_word' id='word_1_4' title='bbox 969 279 1014 352; x_wconf 82' lang='lat' dir='ltr'>de</span> <span class='ocrx_word' id='word_1_5' title='bbox 1029 277 1178 353; x_wconf 76' lang='lat' dir='ltr'>Matris.</span> 
     </span>
    </p>
   </div>
   <div class='ocr_carea' id='block_1_2' title="bbox 426 555 1229 670">
    <p class='ocr_par' dir='ltr' id='par_1_2' title="bbox 426 555 1229 670">
     <span class='ocr_line' id='line_1_2' title="bbox 426 555 1229 670; baseline -0.002 -30"><span class='ocrx_word' id='word_1_6' title='bbox 426 557 531 640; x_wconf 83' lang='lat' dir='ltr'>Car.</span> <span class='ocrx_word' id='word_1_7' title='bbox 554 555 638 640; x_wconf 88' lang='lat'>111.</span> <span class='ocrx_word' id='word_1_8' title='bbox 679 559 745 640; x_wconf 80' lang='lat' dir='ltr'>De</span> <span class='ocrx_word' id='word_1_9' title='bbox 764 559 946 641; x_wconf 77' lang='lat' dir='ltr'>numeris</span> <span class='ocrx_word' id='word_1_10' title='bbox 962 559 1229 670; x_wconf 75' lang='lat' dir='ltr'>simplicibus.</span> 
     </span>
    </p>
   </div>
   <div class='ocr_carea' id='block_1_3' title="bbox 278 733 1310 1168">
    <p class='ocr_par' dir='ltr' id='par_1_3' title="bbox 278 733 1310 1168">
     <span class='ocr_line' id='line_1_3' title="bbox 329 733 573 836; baseline -0.008 -28"><span class='ocrx_word' id='word_1_11' title='bbox 329 733 573 836; x_wconf 86' lang='lat' dir='ltr'>Pyrrhichius,</span> 
     </span>
     <span class='ocr_line' id='line_1_4' title="bbox 407 849 969 940; baseline -0.007 -24"><span class='ocrx_word' id='word_1_12' title='bbox 407 853 537 940; x_wconf 79' lang='lat' dir='ltr'>Rapite,</span> <span class='ocrx_word' id='word_1_13' title='bbox 550 851 650 940; x_wconf 70' lang='lat' dir='ltr'>agite,</span> <span class='ocrx_word' id='word_1_14' title='bbox 665 851 762 930; x_wconf 75' lang='lat' dir='ltr'>ruite,</span> <span class='ocrx_word' id='word_1_15' title='bbox 776 849 969 938; x_wconf 73' lang='lat' dir='ltr'>celeripedea.</span> 
     </span>
     <span class='ocr_line' id='line_1_5' title="bbox 278 975 1310 1076; baseline 0 -24"><span class='ocrx_word' id='word_1_16' title='bbox 278 977 489 1052; x_wconf 88' lang='lat' dir='ltr'>Contrarius</span> <span class='ocrx_word' id='word_1_17' title='bbox 506 991 560 1050; x_wconf 83' lang='lat' dir='ltr'>est</span> <span class='ocrx_word' id='word_1_18' title='bbox 579 975 665 1050; x_wconf 84' lang='lat' dir='ltr'>huic</span> <span class='ocrx_word' id='word_1_19' title='bbox 683 989 719 1048; x_wconf 92' lang='lat' dir='ltr'>et</span> <span class='ocrx_word' id='word_1_20' title='bbox 736 975 1055 1074; x_wconf 82' lang='lat' dir='ltr'>duodecasyilabos</span> <span class='ocrx_word' id='word_1_21' title='bbox 1072 978 1310 1076; x_wconf 80' lang='lat' dir='ltr'>spondiazon,</span> 
     </span>
     <span class='ocr_line' id='line_1_6' title="bbox 409 1101 1056 1168; baseline -0.005 -1"><span class='ocrx_word' id='word_1_22' title='bbox 409 1103 473 1168; x_wconf 81' lang='lat' dir='ltr'>Olli</span> <span class='ocrx_word' id='word_1_23' title='bbox 487 1101 662 1166; x_wconf 71' lang='lat' dir='ltr'>crateribus</span> <span class='ocrx_word' id='word_1_24' title='bbox 677 1121 714 1164; x_wconf 78' lang='lat' dir='ltr'>ur</span> <span class='ocrx_word' id='word_1_25' title='bbox 729 1103 856 1164; x_wconf 81' lang='lat' dir='ltr'>auratis</span> <span class='ocrx_word' id='word_1_26' title='bbox 869 1101 1056 1166; x_wconf 67' lang='lat' dir='ltr'>nauarent.</span> 
     </span>
    </p>
   </div>
   <div class='ocr_carea' id='block_1_4' title="bbox 261 1221 1324 1916">
    <p class='ocr_par' dir='ltr' id='par_1_4' title="bbox 261 1221 1324 1916">
     <span class='ocr_line' id='line_1_7' title="bbox 278 1221 503 1306; baseline -0.013 -10"><span class='ocrx_word' id='word_1_27' title='bbox 278 1221 375 1296; x_wconf 90' lang='lat' dir='ltr'>Dact</span> <span class='ocrx_word' id='word_1_28' title='bbox 404 1221 503 1306; x_wconf 81' lang='lat' dir='ltr'>licus,</span> 
     </span>
     <span class='ocr_line' id='line_1_8' title="bbox 374 1247 1324 1424; baseline -0.004 -20"><span class='ocrx_word' id='word_1_29' title='bbox 374 1247 640 1404; x_wconf 74' lang='lat' dir='ltr'>yPulveruIentu</span> <span class='ocrx_word' id='word_1_30' title='bbox 650 1345 776 1422; x_wconf 81' lang='lat' dir='ltr'>putrem</span> <span class='ocrx_word' id='word_1_31' title='bbox 790 1338 897 1400; x_wconf 79' lang='lat' dir='ltr'>souitu</span> <span class='ocrx_word' id='word_1_32' title='bbox 910 1339 1013 1424; x_wconf 71' lang='lat' dir='ltr'>proti!</span> <span class='ocrx_word' id='word_1_33' title='bbox 1026 1323 1152 1424; x_wconf 75' lang='lat' dir='ltr'>ungulo</span> <span class='ocrx_word' id='word_1_34' title='bbox 1166 1359 1324 1424; x_wconf 68' lang='lat' dir='ltr'>conpara.</span> 
     </span>
     <span class='ocr_line' id='line_1_9' title="bbox 279 1463 1274 1568; baseline -0.005 -26"><span class='ocrx_word' id='word_1_35' title='bbox 279 1463 573 1568; x_wconf 83' lang='lat' dir='ltr'>Amphibrachus</span> <span class='ocrx_word' id='word_1_36' title='bbox 591 1490 664 1536; x_wconf 92' lang='lat' dir='ltr'>uon</span> <span class='ocrx_word' id='word_1_37' title='bbox 682 1463 769 1536; x_wconf 84' lang='lat' dir='ltr'>facit</span> <span class='ocrx_word' id='word_1_38' title='bbox 787 1489 988 1536; x_wconf 87' lang='lat' dir='ltr'>numemm.</span> <span class='ocrx_word' id='word_1_39' title='bbox 1038 1465 1274 1565; x_wconf 79' lang='lat' dir='ltr'>Anapaestus,</span> 
     </span>
     <span class='ocr_line' id='line_1_10' title="bbox 261 1583 1215 1680; baseline -0.001 -25"><span class='ocrx_word' id='word_1_40' title='bbox 261 1583 266 1604; x_wconf 78' lang='lat'>&#39;</span> <span class='ocrx_word' id='word_1_41' title='bbox 408 1591 517 1680; x_wconf 70' lang='lat' dir='ltr'>agitis</span> <span class='ocrx_word' id='word_1_42' title='bbox 530 1591 656 1676; x_wconf 74' lang='lat' dir='ltr'>sonipes</span> <span class='ocrx_word' id='word_1_43' title='bbox 670 1591 800 1676; x_wconf 81' lang='lat' dir='ltr'>rapitur</span> <span class='ocrx_word' id='word_1_44' title='bbox 812 1590 904 1654; x_wconf 73' lang='lat' dir='ltr'>celeri</span> <span class='ocrx_word' id='word_1_45' title='bbox 918 1593 1024 1656; x_wconf 80' lang='lat' dir='ltr'>sonitu</span> <span class='ocrx_word' id='word_1_46' title='bbox 1038 1593 1215 1680; x_wconf 78' lang='lat' dir='ltr'>trepidum.</span> 
     </span>
     <span class='ocr_line' id='line_1_11' title="bbox 279 1709 457 1798; baseline 0.011 -16"><span class='ocrx_word' id='word_1_47' title='bbox 279 1709 457 1798; x_wconf 83' lang='lat' dir='ltr'>Creticus,</span> 
     </span>
     <span class='ocr_line' id='line_1_12' title="bbox 412 1827 1063 1916; baseline -0.003 -24"><span class='ocrx_word' id='word_1_48' title='bbox 412 1827 551 1892; x_wconf 81' lang='lat' dir='ltr'>Horridr&#39;</span> <span class='ocrx_word' id='word_1_49' title='bbox 567 1837 735 1894; x_wconf 75' lang='lat' dir='ltr'>transeunt</span> <span class='ocrx_word' id='word_1_50' title='bbox 748 1829 792 1892; x_wconf 90' lang='lat' dir='ltr'>ad</span> <span class='ocrx_word' id='word_1_51' title='bbox 803 1829 897 1916; x_wconf 81' lang='lat' dir='ltr'>pedes</span> <span class='ocrx_word' id='word_1_52' title='bbox 911 1849 950 1891; x_wconf 76' lang='lat' dir='ltr'>ca·</span> <span class='ocrx_word' id='word_1_53' title='bbox 964 1830 1063 1914; x_wconf 78' lang='lat' dir='ltr'>equis.</span> 
     </span>
    </p>
   </div>
   <div class='ocr_carea' id='block_1_5' title="bbox 280 1937 1051 2120">
    <p class='ocr_par' dir='ltr' id='par_1_5' title="bbox 280 1937 1051 2120">
     <span class='ocr_line' id='line_1_13' title="bbox 280 1937 580 2028; baseline -0.007 -16"><span class='ocrx_word' id='word_1_54' title='bbox 280 1937 580 2028; x_wconf 83' lang='lat' dir='ltr'>Palimbacchiua,</span> 
     </span>
     <span class='ocr_line' id='line_1_14' title="bbox 409 2053 1051 2120; baseline 0.003 -2"><span class='ocrx_word' id='word_1_55' title='bbox 409 2055 535 2118; x_wconf 77' lang='lat' dir='ltr'>Amicos</span> <span class='ocrx_word' id='word_1_56' title='bbox 548 2055 591 2118; x_wconf 84' lang='lat' dir='ltr'>od</span> <span class='ocrx_word' id='word_1_57' title='bbox 603 2053 686 2118; x_wconf 71' lang='lat' dir='ltr'>hanc</span> <span class='ocrx_word' id='word_1_58' title='bbox 700 2076 767 2118; x_wconf 85' lang='lat' dir='ltr'>rem</span> <span class='ocrx_word' id='word_1_59' title='bbox 780 2057 809 2120; x_wconf 81' lang='lat' dir='ltr'>si</span> <span class='ocrx_word' id='word_1_60' title='bbox 826 2057 909 2120; x_wconf 83' lang='lat' dir='ltr'>voles</span> <span class='ocrx_word' id='word_1_61' title='bbox 922 2055 1051 2120; x_wconf 84' lang='lat' dir='ltr'>advoca.</span> 
     </span>
    </p>
   </div>
   <div class='ocr_carea' id='block_1_6' title="bbox 253 2181 1381 2632">
    <p class='ocr_par' dir='ltr' id='par_1_6' title="bbox 253 2181 1381 2632">
     <span class='ocr_line' id='line_1_15' title="bbox 279 2181 1377 2281; baseline -0.001 -25"><span class='ocrx_word' id='word_1_62' title='bbox 279 2181 461 2256; x_wconf 86' lang='lat' dir='ltr'>Bacchius</span> <span class='ocrx_word' id='word_1_63' title='bbox 480 2207 553 2255; x_wconf 91' lang='lat' dir='ltr'>nou</span> <span class='ocrx_word' id='word_1_64' title='bbox 570 2181 656 2256; x_wconf 86' lang='lat' dir='ltr'>facit</span> <span class='ocrx_word' id='word_1_65' title='bbox 675 2207 879 2256; x_wconf 88' lang='lat' dir='ltr'>numerum.</span> <span class='ocrx_word' id='word_1_66' title='bbox 932 2183 1112 2256; x_wconf 85' lang='lat' dir='ltr'>Molossos</span> <span class='ocrx_word' id='word_1_67' title='bbox 1129 2181 1227 2254; x_wconf 87' lang='lat' dir='ltr'>idem</span> <span class='ocrx_word' id='word_1_68' title='bbox 1246 2197 1304 2256; x_wconf 88' lang='lat' dir='ltr'>est</span> <span class='ocrx_word' id='word_1_69' title='bbox 1320 2184 1377 2281; x_wconf 92' lang='lat' dir='ltr'>qui</span> 
     </span>
     <span class='ocr_line' id='line_1_16' title="bbox 280 2296 513 2400; baseline -0.009 -28"><span class='ocrx_word' id='word_1_70' title='bbox 280 2296 513 2400; x_wconf 77' lang='lat' dir='ltr'>spondiazon.</span> 
     </span>
     <span class='ocr_line' id='line_1_17' title="bbox 253 2413 1378 2516; baseline -0.002 -28"><span class='ocrx_word' id='word_1_71' title='bbox 253 2463 266 2498; x_wconf 76' lang='lat'>2</span> <span class='ocrx_word' id='word_1_72' title='bbox 338 2415 450 2488; x_wconf 91' lang='lat' dir='ltr'>Nunc</span> <span class='ocrx_word' id='word_1_73' title='bbox 477 2413 783 2512; x_wconf 82' lang='lat' dir='ltr'>quemadmodum</span> <span class='ocrx_word' id='word_1_74' title='bbox 816 2441 836 2488; x_wconf 86' lang='lat' dir='ltr'>a</span> <span class='ocrx_word' id='word_1_75' title='bbox 864 2414 1054 2515; x_wconf 90' lang='lat' dir='ltr'>principali</span> <span class='ocrx_word' id='word_1_76' title='bbox 1084 2414 1231 2487; x_wconf 89' lang='lat' dir='ltr'>heroico</span> <span class='ocrx_word' id='word_1_77' title='bbox 1260 2417 1378 2516; x_wconf 84' lang='lat' dir='ltr'>plures</span> 
     </span>
     <span class='ocr_line' id='line_1_18' title="bbox 279 2531 1381 2632; baseline -0.001 -26"><span class='ocrx_word' id='word_1_78' title='bbox 279 2531 420 2606; x_wconf 89' lang='lat' dir='ltr'>numeri</span> <span class='ocrx_word' id='word_1_79' title='bbox 445 2533 741 2632; x_wconf 87' lang='lat' dir='ltr'>transfigurantur</span> <span class='ocrx_word' id='word_1_80' title='bbox 760 2531 959 2608; x_wconf 85' lang='lat' dir='ltr'>ostendam.</span> <span class='ocrx_word' id='word_1_81' title='bbox 1011 2533 1066 2604; x_wconf 82' lang='lat' dir='ltr'>Ac</span> <span class='ocrx_word' id='word_1_82' title='bbox 1092 2531 1231 2630; x_wconf 88' lang='lat' dir='ltr'>primus</span> <span class='ocrx_word' id='word_1_83' title='bbox 1258 2533 1381 2606; x_wconf 85' lang='lat' dir='ltr'>trime-</span> 
     </span>
    </p>
   </div>
   <div class='ocr_carea' id='block_1_7' title="bbox 280 2647 1111 2852">
    <p class='ocr_par' dir='ltr' id='par_1_7' title="bbox 280 2647 1111 2852">
     <span class='ocr_line' id='line_1_19' title="bbox 280 2647 852 2748; baseline -0.003 -26"><span class='ocrx_word' id='word_1_84' title='bbox 280 2661 356 2722; x_wconf 87' lang='lat' dir='ltr'>trus</span> <span class='ocrx_word' id='word_1_85' title='bbox 374 2649 417 2722; x_wconf 88' lang='lat' dir='ltr'>fit</span> <span class='ocrx_word' id='word_1_86' title='bbox 434 2647 599 2722; x_wconf 87' lang='lat' dir='ltr'>heroicus</span> <span class='ocrx_word' id='word_1_87' title='bbox 618 2647 852 2748; x_wconf 87' lang='lat' dir='ltr'>spondiazon,</span> 
     </span>
     <span class='ocr_line' id='line_1_20' title="bbox 411 2763 1111 2852; baseline -0.006 -23"><span class='ocrx_word' id='word_1_88' title='bbox 411 2763 505 2830; x_wconf 81' lang='lat' dir='ltr'>Cives</span> <span class='ocrx_word' id='word_1_89' title='bbox 519 2764 658 2829; x_wconf 67' lang='lat' dir='ltr'>Rotnani</span> <span class='ocrx_word' id='word_1_90' title='bbox 672 2765 838 2852; x_wconf 81' lang='lat' dir='ltr'>tuncsactr&#39;</span> <span class='ocrx_word' id='word_1_91' title='bbox 852 2773 928 2829; x_wconf 81' lang='lat' dir='ltr'>aunt</span> <span class='ocrx_word' id='word_1_92' title='bbox 943 2765 1111 2851; x_wconf 83' lang='lat' dir='ltr'>Campani.</span> 
     </span>
    </p>
   </div>
   <div class='ocr_carea' id='block_1_8' title="bbox 249 2894 1383 4258">
    <p class='ocr_par' dir='ltr' id='par_1_8' title="bbox 249 2894 1383 4258">
     <span class='ocr_line' id='line_1_21' title="bbox 279 2894 1383 2996; baseline -0.004 -27"><span class='ocrx_word' id='word_1_93' title='bbox 279 2895 464 2996; x_wconf 87' lang='lat' dir='ltr'>Syllabam</span> <span class='ocrx_word' id='word_1_94' title='bbox 497 2921 619 2982; x_wconf 89' lang='lat' dir='ltr'>unam,</span> <span class='ocrx_word' id='word_1_95' title='bbox 650 2920 730 2993; x_wconf 83' lang='lat' dir='ltr'>quae</span> <span class='ocrx_word' id='word_1_96' title='bbox 760 2907 815 2967; x_wconf 89' lang='lat' dir='ltr'>est</span> <span class='ocrx_word' id='word_1_97' title='bbox 848 2907 931 2966; x_wconf 88' lang='lat' dir='ltr'>ante</span> <span class='ocrx_word' id='word_1_98' title='bbox 960 2907 1173 2984; x_wconf 81' lang='lat' dir='ltr'>extremam,</span> <span class='ocrx_word' id='word_1_99' title='bbox 1198 2917 1246 2966; x_wconf 86' lang='lat' dir='ltr'>ex</span> <span class='ocrx_word' id='word_1_100' title='bbox 1273 2894 1383 2993; x_wconf 75' lang='lat' dir='ltr'>longa</span> 
     </span>
     <span class='ocr_line' id='line_1_22' title="bbox 279 3011 555 3096; baseline -0.011 -9"><span class='ocrx_word' id='word_1_101' title='bbox 279 3011 475 3087; x_wconf 82' lang='lat' dir='ltr'>contraho:</span> <span class='ocrx_word' id='word_1_102' title='bbox 504 3023 555 3096; x_wconf 88' lang='lat' dir='ltr'>ut,</span> 
     </span>
     <span class='ocr_line' id='line_1_23' title="bbox 411 3125 1076 3214; baseline -0.008 -20"><span class='ocrx_word' id='word_1_103' title='bbox 411 3129 506 3194; x_wconf 73' lang='lat' dir='ltr'>Cives</span> <span class='ocrx_word' id='word_1_104' title='bbox 520 3127 660 3192; x_wconf 76' lang='lat' dir='ltr'>Romani</span> <span class='ocrx_word' id='word_1_105' title='bbox 675 3127 843 3212; x_wconf 82' lang='lat' dir='ltr'>tuncsacti</span> <span class='ocrx_word' id='word_1_106' title='bbox 856 3135 933 3190; x_wconf 82' lang='lat' dir='ltr'>runt</span> <span class='ocrx_word' id='word_1_107' title='bbox 944 3125 1076 3214; x_wconf 73' lang='lat' dir='ltr'>Appuli.</span> 
     </span>
     <span class='ocr_line' id='line_1_24' title="bbox 250 3253 1208 3357; baseline -0.009 -21"><span class='ocrx_word' id='word_1_108' title='bbox 250 3329 253 3336; x_wconf 87' lang='lat'>.</span> <span class='ocrx_word' id='word_1_109' title='bbox 279 3271 316 3332; x_wconf 92' lang='lat' dir='ltr'>et</span> <span class='ocrx_word' id='word_1_110' title='bbox 333 3284 409 3331; x_wconf 89' lang='lat' dir='ltr'>esse</span> <span class='ocrx_word' id='word_1_111' title='bbox 427 3257 540 3357; x_wconf 91' lang='lat' dir='ltr'>coepit</span> <span class='ocrx_word' id='word_1_112' title='bbox 558 3255 749 3330; x_wconf 82' lang='lat' dir='ltr'>trimetros.</span> <span class='ocrx_word' id='word_1_113' title='bbox 800 3253 1014 3353; x_wconf 85' lang='lat' dir='ltr'>Elegiacum</span> <span class='ocrx_word' id='word_1_114' title='bbox 1032 3254 1208 3344; x_wconf 87' lang='lat' dir='ltr'>transibit,</span> 
     </span>
     <span class='ocr_line' id='line_1_25' title="bbox 408 3371 766 3460; baseline -0.003 -24"><span class='ocrx_word' id='word_1_115' title='bbox 408 3373 501 3436; x_wconf 81' lang='lat' dir='ltr'>Bella</span> <span class='ocrx_word' id='word_1_116' title='bbox 509 3391 573 3460; x_wconf 78' lang='lat' dir='ltr'>per</span> <span class='ocrx_word' id='word_1_117' title='bbox 588 3371 766 3436; x_wconf 74' lang='lat' dir='ltr'>Enrathios.</span> 
     </span>
     <span class='ocr_line' id='line_1_26' title="bbox 280 3479 1379 3582; baseline -0.004 -26"><span class='ocrx_word' id='word_1_118' title='bbox 280 3481 418 3557; x_wconf 87' lang='lat' dir='ltr'>Rursus</span> <span class='ocrx_word' id='word_1_119' title='bbox 442 3479 486 3553; x_wconf 91' lang='lat' dir='ltr'>ad</span> <span class='ocrx_word' id='word_1_120' title='bbox 512 3493 767 3582; x_wconf 83' lang='lat' dir='ltr'>pentametros,</span> <span class='ocrx_word' id='word_1_121' title='bbox 786 3493 827 3554; x_wconf 90' lang='lat' dir='ltr'>ut</span> <span class='ocrx_word' id='word_1_122' title='bbox 850 3505 1065 3580; x_wconf 88' lang='lat' dir='ltr'>componam</span> <span class='ocrx_word' id='word_1_123' title='bbox 1085 3479 1259 3568; x_wconf 84' lang='lat' dir='ltr'>heroicos,</span> <span class='ocrx_word' id='word_1_124' title='bbox 1276 3505 1379 3552; x_wconf 89' lang='lat' dir='ltr'>sumo</span> 
     </span>
     <span class='ocr_line' id='line_1_27' title="bbox 279 3594 685 3704; baseline -0.02 -28"><span class='ocrx_word' id='word_1_125' title='bbox 279 3615 419 3704; x_wconf 88' lang='lat' dir='ltr'>partem</span> <span class='ocrx_word' id='word_1_126' title='bbox 438 3594 685 3697; x_wconf 89' lang='lat' dir='ltr'>posteriorem,</span> 
     </span>
     <span class='ocr_line' id='line_1_28' title="bbox 408 3713 1061 3802; baseline -0.008 -19"><span class='ocrx_word' id='word_1_127' title='bbox 408 3717 498 3783; x_wconf 86' lang='lat' dir='ltr'>Dum</span> <span class='ocrx_word' id='word_1_128' title='bbox 512 3733 599 3778; x_wconf 73' lang='lat' dir='ltr'>mern</span> <span class='ocrx_word' id='word_1_129' title='bbox 612 3714 742 3778; x_wconf 76' lang='lat' dir='ltr'>assiduo</span> <span class='ocrx_word' id='word_1_130' title='bbox 755 3713 857 3778; x_wconf 78' lang='lat' dir='ltr'>lrrceot</span> <span class='ocrx_word' id='word_1_131' title='bbox 872 3716 1061 3802; x_wconf 71' lang='lat' dir='ltr'>igneftnw.</span> 
     </span>
     <span class='ocr_line' id='line_1_29' title="bbox 278 3845 527 3932; baseline -0.02 -27"><span class='ocrx_word' id='word_1_132' title='bbox 278 3845 316 3906; x_wconf 87' lang='lat' dir='ltr'>et</span> <span class='ocrx_word' id='word_1_133' title='bbox 334 3854 527 3932; x_wconf 89' lang='lat' dir='ltr'>compono,</span> 
     </span>
     <span class='ocr_line' id='line_1_30' title="bbox 408 3939 1204 4032; baseline -0.014 -20"><span class='ocrx_word' id='word_1_134' title='bbox 408 3949 527 4012; x_wconf 77' lang='lat' dir='ltr'>erceat</span> <span class='ocrx_word' id='word_1_135' title='bbox 541 3941 723 4032; x_wconf 71' lang='lat' dir='ltr'>igoeficuu</span> <span class='ocrx_word' id='word_1_136' title='bbox 742 3941 852 4025; x_wconf 71' lang='grc' dir='ltr'>Τνιῄω</span> <span class='ocrx_word' id='word_1_137' title='bbox 866 3941 921 4026; x_wconf 84' lang='lat' dir='ltr'>qui</span> <span class='ocrx_word' id='word_1_138' title='bbox 931 3941 1060 4026; x_wconf 83' lang='lat' dir='ltr'>primus</span> <span class='ocrx_word' id='word_1_139' title='bbox 1073 3939 1114 4002; x_wconf 84' lang='lat' dir='ltr'>ub</span> <span class='ocrx_word' id='word_1_140' title='bbox 1126 3941 1204 4003; x_wconf 82' lang='lat' dir='ltr'>oris.</span> 
     </span>
     <span class='ocr_line' id='line_1_31' title="bbox 249 4051 877 4150; baseline -0.008 -23"><span class='ocrx_word' id='word_1_141' title='bbox 249 4055 500 4132; x_wconf 87' lang='lat' dir='ltr'>sPhalaecium</span> <span class='ocrx_word' id='word_1_142' title='bbox 519 4077 711 4130; x_wconf 88' lang='lat' dir='ltr'>numerum</span> <span class='ocrx_word' id='word_1_143' title='bbox 730 4051 792 4150; x_wconf 93' lang='lat' dir='ltr'>qui</span> <span class='ocrx_word' id='word_1_144' title='bbox 811 4063 877 4138; x_wconf 88' lang='lat' dir='ltr'>est,</span> 
     </span>
     <span class='ocr_line' id='line_1_32' title="bbox 408 4169 992 4258; baseline -0.009 -24"><span class='ocrx_word' id='word_1_145' title='bbox 408 4173 492 4236; x_wconf 75' lang='lat' dir='ltr'>Altis</span> <span class='ocrx_word' id='word_1_146' title='bbox 494 4173 640 4258; x_wconf 76' lang='lat' dir='ltr'>stamina</span> <span class='ocrx_word' id='word_1_147' title='bbox 656 4169 791 4234; x_wconf 73' lang='lat' dir='ltr'>uallibus</span> <span class='ocrx_word' id='word_1_148' title='bbox 806 4175 992 4244; x_wconf 81' lang='lat' dir='ltr'>tumescunt,</span> 
     </span>
    </p>
   </div>
   <div class='ocr_carea' id='block_1_9' title="bbox 279 4285 1217 4487">
    <p class='ocr_par' dir='ltr' id='par_1_9' title="bbox 279 4285 1217 4487">
     <span class='ocr_line' id='line_1_33' title="bbox 279 4285 881 4373; baseline 0.003 -15"><span class='ocrx_word' id='word_1_149' title='bbox 279 4285 421 4358; x_wconf 86' lang='lat' dir='ltr'>insertis</span> <span class='ocrx_word' id='word_1_150' title='bbox 438 4289 555 4361; x_wconf 86' lang='lat' dir='ltr'>verbis</span> <span class='ocrx_word' id='word_1_151' title='bbox 573 4289 665 4364; x_wconf 86' lang='lat' dir='ltr'>facio</span> <span class='ocrx_word' id='word_1_152' title='bbox 684 4289 881 4373; x_wconf 88' lang='lat' dir='ltr'>heroicum,</span> 
     </span>
     <span class='ocr_line' id='line_1_34' title="bbox 407 4399 1217 4487; baseline 0.004 -24"><span class='ocrx_word' id='word_1_153' title='bbox 407 4399 639 4484; x_wconf 77' lang='lat' dir='ltr'>Altiaflamina</span> <span class='ocrx_word' id='word_1_154' title='bbox 650 4403 780 4487; x_wconf 77' lang='lat' dir='ltr'>proditu</span> <span class='ocrx_word' id='word_1_155' title='bbox 795 4403 931 4467; x_wconf 79' lang='lat' dir='ltr'>vallibus</span> <span class='ocrx_word' id='word_1_156' title='bbox 945 4400 1019 4464; x_wconf 82' lang='lat' dir='ltr'>inde</span> <span class='ocrx_word' id='word_1_157' title='bbox 1033 4409 1217 4466; x_wconf 80' lang='lat' dir='ltr'>tumescunt.</span> 
     </span>
    </p>
   </div>
   <div class='ocr_carea' id='block_1_10' title="bbox 0 0 1551 5140">
    <p class='ocr_par' dir='ltr' id='par_1_10' title="bbox 0 0 1551 5140">
     <span class='ocr_line' id='line_1_35' title="bbox 0 0 1551 5140; baseline 0 0"><span class='ocrx_word' id='word_1_158' title='bbox 0 0 1551 5140; x_wconf 95' lang='lat' dir='ltr'> </span> 
     </span>
    </p>
   </div>
  </div>
 </body>
</html>
