3082 5140
133 449 220 502 cnr.
233 443 268 501 2.
465 423 530 516 De
547 420 683 497 Matris
701 421 911 496 Orotomm.
1163 439 1238 518 399

134 623 158 655 “
177 638 275 712 agas,
300 608 436 685 cadunt
461 609 676 708 plerumque
709 619 935 694 ‘numerose
961 608 1115 706 Gorgias
1142 610 1239 710 lpri-

133 739 159 771 “
179 755 260 802 mus
282 725 441 800 invenit:
467 722 529 798 sed
553 723 610 797 his
628 735 683 797 est
699 749 785 798 usus
811 724 1122 824 intemperantius.
1172 727 1238 802 ¹1d

134 855 159 888 “
179 857 300 918 autem
327 855 381 917 eat
407 867 521 941 genus
540 841 596 933 (ut
612 839 850 916 antedictum
868 847 937 940 est)
956 843 1133 926 extribus
1159 869 1238 943 par·

136 972 161 1002 ‘⁶
180 961 277 1032 tibus
295 957 542 1033 collocationis
560 957 724 1031 alterum.
765 955 903 1030 Eorum
924 971 1074 1056 uterque
1101 959 1236 1032 Isocra·

136 1081 255 1148 “tem
279 1087 402 1148 ‘aetate
427 1073 632 1174 praecurrit:
657 1085 700 1145 ut
724 1071 785 1145 ille
807 1099 868 1145 eos
892 1073 1149 1166 moderatione,
1166 1102 1239 1148 non

137 1203 162 1268 ‘‚‘
181 1191 389 1290 inventione
417 1189 550 1262 vicerit.
602 1189 671 1262 Est
697 1187 818 1260 benim
849 1201 891 1260 ut
920 1189 956 1261 in
987 1190 1239 1264 transferendis

138 1317 163 1347 ‘⁸
181 1303 425 1403 faciendisque
442 1303 559 1378 verbis
577 1305 813 1404 tranquillior,
829 1305 882 1377 sio
905 1304 939 1377 in
967 1305 1054 1404 ipsis
1080 1309 1239 1380 numeris

138 1433 163 1464 “
182 1421 346 1494 sedatior.
383 1421 537 1520 Gorgias
555 1434 677 1494 autem
695 1419 832 1494 avidior
848 1433 903 1494 est
919 1421 1079 1520 egeneris
1096 1421 1186 1518 ejus,
1204 1437 1245 1496 et.

139 1549 163 1579 “
183 1537 225 1610 iis
253 1537 506 1610 festivitatibus
532 1537 600 1633 (sic
629 1536 726 1610 enim
756 1536 833 1636 ipse
861 1539 997 1632 censet)
1028 1538 1239 1611 insolentius
1325 1624 1327 1632 .

139 1663 164 1694 “
183 1653 366 1725 abutitur:
392 1679 482 1751 quas
508 1651 696 1740 Isocrates,
714 1679 797 1726 cum
825 1667 947 1726 tamen
974 1653 1131 1727 audisset
1156 1654 1241 1728 ado-

140 1780 164 1812 “
183 1769 319 1842 lescens
332 1769 442 1841 etiam
461 1768 498 1841 in
515 1767 700 1843 Thessalia
719 1797 842 1844 senem
860 1771 939 1868 jam
959 1771 1145 1870 Gorgiam,
1165 1798 1241 1846 mo-

140 1896 164 1927 “
182 1882 338 1957 deratius
364 1883 607 1984 temperavit.”
658 1883 705 1958 In
729 1883 822 1958 ‘lelio
839 1887 921 1960 loco
938 1886 1010 1960 sic:
1039 1879 1147 1960 “Sed
1175 1887 1286 1964 bosss

141 2011 164 2043 ‘⁶
183 2027 267 2074 cum
292 1999 329 2072 in
346 2000 516 2080 clausulis
543 1998 651 2098 pedes
677 1999 838 2087 nomino,
856 2021 931 2074 non¹
955 2002 1083 2100 loquor
1099 1996 1144 2076 de
1167 2030 1240 2078 uno

140 2115 275 2216 “pede
297 2129 479 2190 extremo:
502 2114 660 2214 adjungo
677 2115 790 2214 (quod
817 2115 1012 2192 minimum
1038 2117 1099 2215 sit)
1123 2120 1242 2218 proxi-

142 2242 286 2304 “mum
312 2232 543 2330 superiorem,
563 2257 659 2332 saepe
683 2232 791 2305 etiam
817 2232 974 2306 tertium.
1012 2232 1073 2306 Ne
1099 2234 1241 2310 iambus

142 2359 165 2390 “
183 2347 345 2446 quidem,
369 2341 433 2446 qui
456 2361 512 2420 est
536 2373 556 2420 e
582 2349 681 2422 brevi
704 2361 740 2420 et
765 2348 884 2448 longa,
901 2361 963 2422 aut
988 2361 1073 2449 ‘par
1097 2349 1241 2441 choreo,

142 2477 165 2506 “
184 2464 247 2562 qui
278 2463 388 2537 habet
413 2477 484 2536 tres
514 2463 650 2553 breves,
680 2459 893 2566 [trochaeus]
923 2461 1001 2536 'sed
1025 2465 1141 2565 spatio
1166 2493 1242 2566 par,

142 2592 165 2624 ‘⁴
185 2607 256 2654 non
275 2579 443 2679 syllabis;
470 2581 657 2653 autetiam
678 2579 855 2677 dactylus,
873 2578 935 2677 qui
959 2592 1015 2652 est
1036 2606 1057 2652 e
1081 2581 1189 2680 longa
1206 2599 1243 2655 et

143 2696 324 2770 “duabus
349 2695 530 2783 brevibus,
556 2697 585 2770 si
615 2709 670 2770 est
695 2695 882 2796 proximus
908 2720 929 2767 a
954 2707 1147 2794 postremo,
1179 2722 1243 2796 pa-

142 2823 166 2855 “
185 2838 265 2886 rum
283 2811 489 2885 volubiliter
511 2811 673 2911 pervenit
696 2809 741 2884 ad
763 2823 981 2899 extremum,
998 2809 1027 2882 si
1051 2821 1106 2882 est
1127 2822 1245 2884 extre-

143 2940 166 2970 “
186 2955 267 3004 mus
290 2930 442 3003 choreus
466 2941 528 3001 aut
557 2925 750 3026 spondeus.
791 2925 993 3022 Nunquam
1015 2925 1111 2999 enim
1134 2925 1287 3001 inter-ss

142 3056 167 3086 “
186 3059 257 3134 est,
269 3058 348 3117 uter
364 3043 411 3118 sit
427 3069 551 3117 eorum
571 3043 607 3116 in
626 3041 718 3141 pede
735 3055 909 3117 extremo.
953 3042 1023 3116 Sed
1042 3043 1151 3118 iidem
1172 3057 1243 3116 tres

143 3172 167 3204 “
187 3160 295 3260 pedes
321 3159 415 3234 male
441 3157 718 3248 concluduntur,
736 3158 764 3232 si
783 3157 864 3256 quis
882 3183 1005 3231 eorum
1027 3157 1064 3230 in
1081 3172 1244 3232 extremo

143 3287 167 3317 “
187 3277 323 3350 locatus
343 3288 408 3366 est,
425 3273 493 3348 nisi
519 3299 585 3374 pro
607 3273 740 3348 cretico
765 3285 967 3372 postremus
987 3285 1043 3346 est
1067 3271 1243 3372 dactylus.

144 3403 168 3434 ‘⁴
185 3391 290 3465 Nihil
309 3391 406 3464 enim
433 3391 593 3478 interest,
609 3388 775 3489 dactylus
802 3387 847 3461 sit
864 3400 1046 3461 extremus
1072 3415 1119 3461 an
1140 3387 1245 3461 creti-

144 3518 168 3550 “
187 3534 269 3580 cus:
295 3507 407 3606 &quia
432 3520 614 3606 postrema
631 3505 768 3605 syllaba
786 3503 902 3576 brevis
927 3529 973 3576 an
1000 3505 1107 3604 longa
1124 3503 1182 3594 sit,
1198 3529 1244 3577 ne

144 3634 167 3666 “
188 3624 223 3696 in
250 3623 377 3698 ¹¹versu
398 3621 544 3722 quidem
572 3621 690 3694 refert.
741 3619 863 3700 Quare
888 3617 998 3693 etiam
1024 3617 1164 3720 ¹paeana
1181 3619 1244 3717 qui

145 3739 280 3812 “dixit
305 3738 492 3840 aptiorem,
518 3736 555 3810 in
582 3761 655 3834 quo
678 3747 772 3808 esset
797 3735 904 3834 longa
930 3749 1123 3834 postrema,
1148 3733 1246 3807 videt

144 3867 168 3896 “
187 3881 335 3956 parum:
362 3853 534 3952 quoniam
563 3851 654 3924 nihil
681 3849 725 3924 ad
752 3877 826 3924 rem
846 3863 911 3940 est,
930 3865 1111 3950 postrema
1129 3848 1245 3923 brevis

185 4156 360 4230 ¹numeros]
378 4171 528 4212 numerose
541 4152 615 4210 Ven.
631 4151 696 4212 Ald.
747 4152 882 4229 ’primus
896 4169 955 4207 om.
972 4149 1044 4207 Ven.
1054 4146 1119 4206 Ald.
1171 4145 1242 4222 rid]

143 4235 221 4314 quod
238 4235 309 4294 Ven.
405 4245 421 4278 ⁸
434 4245 519 4294 etate
533 4233 691 4312 praecurrit]
709 4229 841 4308 praecurri
855 4241 939 4288 aetate
952 4229 1042 4287 Ven.'
1123 4225 1244 4304 henim]

144 4329 239 4374 autem
256 4316 326 4375 Van.
408 4314 560 4394 egeneris]
578 4311 788 4371 nominisVen.
871 4305 971 4384 datio]
987 4309 1067 4367 Orat.
1081 4329 1107 4368 c.
1121 4309 1170 4384 64.
1211 4311 1246 4368 ln

144 4397 202 4454 alio
215 4395 279 4452 loco
293 4394 334 4454 sic
347 4413 405 4453 om.
421 4397 495 4454 Ven.
510 4415 576 4455 curn
590 4393 702 4452 lactina.
754 4402 834 4468 epnr
847 4391 903 4464 ast]
920 4391 1120 4449 estomven.
1176 4387 1247 4449 fsed

9 4507 13 4540 r
145 4495 202 4534 om.
220 4476 291 4534 Ven.
373 4477 483 4554 aquia]
500 4478 549 4554 qui
564 4475 637 4534 Ven.
719 4467 843 4545 hversu]
860 4471 1028 4530 curauVen.
1109 4468 1245 4549 ¹paeana]

15 4577 22 4614 τ
146 4575 246 4634 peona
260 4557 334 4614 Veo.
350 4576 416 4615 mor
432 4557 580 4616 arctiorem
596 4553 660 4612 Ald.
675 4551 750 4610 Ven.
