3076 5140
164 347 251 397 cnr.
262 341 295 398 2.
317 323 382 397 De
399 325 568 398 connexis
583 325 680 398 inter
694 350 736 398 se
751 335 860 424 otqae
875 325 1087 398 inconnexis
1104 324 1168 422 dre.
1196 339 1263 400 221

164 508 243 580 fieri
275 521 317 580 ut
343 509 549 581 amantibus
578 509 716 582 felicius
744 508 845 582 etum
872 533 980 607 quam
1011 508 1096 581 alias
1124 535 1268 582 carmen

164 623 358 695 metricum
384 623 644 723 pulchriusque
669 621 894 724 respondeat,
922 647 1006 696 curn
1033 625 1269 698 aestuantibus

164 738 278 811 animi
298 738 481 812 affectibus
499 739 706 826 incitantur,
724 754 765 813 ut
783 740 946 838 ignarum
970 739 1066 828 artis,
1084 741 1197 814 ausim
1216 739 1270 813 di-

163 881 257 942 oere,
276 879 377 926 amor
392 854 533 944 docere,
551 883 653 930 amor
675 869 819 955 poetam
846 855 961 928 facere
988 855 1119 952 possit:
1145 853 1207 952 qui
1226 857 1269 928 fit

164 985 205 1042 ut
233 970 290 1042 his
319 969 365 1042 de
391 971 523 1066 quibus
549 971 688 1044 dictum
718 985 784 1058 est,
811 969 921 1043 veluti
944 969 1129 1042 communi
1162 997 1267 1044 sensu

164 1083 366 1181 eodemque
380 1083 511 1174 studio,
523 1085 697 1158 sollemne
708 1113 751 1158 ac
764 1084 939 1158 familiare
952 1085 999 1156 sit
1012 1083 1172 1158 fortunas
1186 1111 1269 1158 suas

164 1201 306 1273 ‘metris
324 1201 446 1298 potius
464 1201 664 1274 carminum
684 1226 810 1274 canere
827 1227 937 1298 quarn
954 1200 1039 1272 stilo
1056 1225 1172 1298 prosse
1192 1227 1269 1274 ors-

166 1316 272 1388 tionis
285 1313 438 1389 settene.
464 1317 699 1414 Quamquam
718 1315 788 1388 hoc
803 1315 902 1388 idem
920 1315 1040 1388 omnis
1059 1314 1168 1386 animi
1187 1341 1273 1412 pas·¹
1284 1347 1314 1394 14

167 1431 219 1503 sio
246 1431 351 1530 parili
385 1445 485 1504 motu
516 1431 762 1528 instinctuque
791 1431 927 1530 percita
954 1429 1010 1502 vel
1039 1429 1267 1528 potissimum

167 1547 318 1630 affectet,
340 1559 380 1620 ut
402 1573 440 1618 se
457 1544 501 1618 ad
525 1562 721 1620 metrorum
746 1545 981 1634 caerimonias,
998 1543 1092 1618 sicut
1112 1544 1270 1642 plerum-

167 1687 236 1756 que
252 1661 447 1749 cernimus,
464 1661 635 1747 conferat,
649 1663 733 1736 licet
751 1661 862 1734 sciam
875 1685 1138 1756 nonnunquam
1158 1659 1267 1734 etiam

167 1775 255 1848 citra
269 1777 438 1850 affectsrm
457 1789 495 1848 et
517 1776 737 1875 inpulsiones
759 1775 968 1873 hujusmodi
995 1788 1189 1850 metrorum
1217 1775 1270 1848 fa-

168 1891 276 1966 eeties
301 1907 432 1990 sponte
449 1917 514 1964 nos
532 1919 575 1966 ac
590 1893 746 1992 simplici
763 1893 949 1965 voluntate
974 1891 1121 1964 sectari:
1148 1889 1269 1988 itaque

168 2005 240 2078 sire
258 2007 338 2080 haee
355 2007 401 2080 ad
419 2007 701 2082 delenimentum
720 2007 936 2096 animorum,
954 2006 1027 2080 sive
1050 2003 1095 2080 ad
1111 2005 1270 2078 oblecta·

170 2135 333 2196 mentum
361 2123 515 2210 aurium,
533 2149 594 2196 seu
623 2125 783 2198 levamen
810 2123 986 2210 laborum,
1005 2121 1072 2194 eibi
1100 2122 1268 2194 mortales

168 2265 358 2337 procurare
382 2239 543 2313 studium
564 2239 766 2327 habuerint,
785 2265 857 2312 non
876 2237 982 2310 anxie
1003 2235 1269 2326 sciscitaverim,

170 2353 238 2430 hoc
266 2369 410 2429 tantum
442 2355 654 2454 persuadere
681 2367 883 2440 contentus,
912 2377 1059 2424 omnem
1091 2351 1195 2434 hanc,
1223 2351 1269 2424 de

169 2495 240 2566 qua
258 2470 363 2542 nobis
380 2497 498 2544 sermo
514 2485 580 2558 est,
599 2467 774 2542 musicam
793 2494 814 2540 a
831 2463 1026 2566 primordio
1037 2465 1269 2539 nascentibus

169 2610 252 2662 eum
271 2585 394 2660 anima
411 2611 589 2682 sensuque
615 2583 770 2656 infusam
790 2607 831 2654 ac
848 2579 1028 2669 traditam,
1044 2593 1190 2680 spostea
1205 2581 1270 2654 ob-

169 2699 379 2774 servationis
408 2715 569 2774 struente
604 2697 809 2796 magisterio
838 2695 1049 2794 expolitam,
1079 2694 1268 2772 hnonnihil

168 2815 278 2890 etiam
306 2815 362 2888 his
388 2815 645 2900 affectionibus,
670 2826 711 2887 ut
725 2812 998 2910 Theophrastus
1024 2811 1159 2898 asserit,
1181 2811 1270 2888 inci-

169 2930 248 3020 tari,
274 2931 405 3027 vigere,
429 2930 687 3029 pulchriusque
714 2927 916 3028 procedere.
967 2928 1039 3002 Sed
1066 2955 1173 3029 super
1199 2929 1269 3002 hoc

170 3043 372 3130 *haetenus
396 3071 492 3120 nunc
514 3045 558 3118 ad
580 3045 799 3134 institutum,
820 3057 861 3118 ut
882 3045 1126 3144 promisimus,
1144 3043 1268 3118 ordine

168 3175 397 3234 revertamur.

208 3361 314 3438 dmm]
332 3376 388 3421 torn
404 3365 435 3422 P.
552 3373 565 3406 θ
581 3365 685 3440 metro]
704 3361 800 3420 metris
815 3363 845 3419 P.
961 3360 1094 3437 ¹efferre]
1112 3361 1221 3422 adferre
1235 3363 1267 3422 P.

167 3443 307 3521 ‘postenl
324 3449 351 3520 p·
367 3445 399 3502 P.
490 3441 508 3486 Β
522 3443 665 3519 nonnihil]
682 3441 822 3501 nonnihili
836 3443 868 3500 P.
958 3439 966 3484 ¹
981 3443 1132 3520 hactenus]
1151 3445 1206 3502 huc
1221 3463 1268 3501 ns·

168 3545 225 3601 que
239 3525 377 3582 hactenus
392 3525 423 3582 P.

169 3727 208 3773 το,
232 3705 357 3778 Θεόκριτε,
380 3705 416 3759 rol
439 3707 487 3778 γὰρ
509 3706 593 3778 ipsu<
611 3698 616 3781 Ι
634 3713 697 3760 πολ·
739 3704 815 3770 crife,
843 3721 960 3780 nomque
987 3705 1085 3780 cupido
1103 3699 1108 3781 Ι
1128 3703 1269 3760 Pieridum

169 3789 228 3841 λάκε
242 3787 345 3854 ποιητὰς
361 3780 478 3848 ἐδίδαξαν
491 3785 608 3856 roienplr
621 3787 698 3856 &poi-
739 3785 849 3857 ignaros
872 3787 972 3841 mullos
985 3785 1063 3860 socii
1088 3801 1143 3840 me
1164 3791 1268 3856 poetas.

168 3889 231 3932 σονς.
255 3865 367 3924 Scilicet
380 3865 513 3924 tanne
526 3883 592 3926 oon
609 3865 697 3924 Theo-
740 3865 892 3926 CAMER.
