2980 5142
39 388 131 439 ΑΡ.
155 377 244 456 ³9.
475 369 672 445 ’utatltbn'
686 373 816 472 quinti.
1113 392 1185 454 aar

27 549 146 622 Jff.
171 548 385 626 XXXIX.
418 561 529 626 ΩΔΑΙ
550 567 677 630 *usur
700 559 839 631 eurum
862 581 933 632 aur
954 583 1113 636 srooou
1134 587 1191 637 ru·

533 695 749 747 scsmrrun.

95 805 258 878 Prima
281 803 350 876 ode
375 802 574 878 iambicum
607 818 762 878 metrum
795 805 906 880 habet
932 819 970 879 et
996 835 1061 907 per
1087 810 1190 884 binos

26 945 195 993 versus
219 919 421 994 scanditur.
472 919 570 993 Nam
589 947 684 994 unus
702 921 879 994 iambicus
898 921 1117 1014 hexameter,
1134 927 1191 999 vel

30 1035 261 1125 trimeter,
288 1036 343 1109 bsi
374 1035 584 1136 compositis
614 1063 697 1110 eum
730 1037 786 1110 vel
817 1039 1000 1136 quadratis
1029 1042 1191 1116 versibus

33 1151 248 1237 scandas,
273 1151 429 1237 dicitur;
467 1152 556 1225 alter
581 1165 798 1244 tetrameter,
822 1154 873 1226 ”si
899 1155 1111 1254 simplicius,
1136 1158 1192 1231 di·

43 1275 205 1352 meter,
236 1265 292 1340 ‘¹si
317 1266 527 1367 compositis
556 1269 662 1340 rebus
685 1267 883 1343 scanditur.
940 1270 996 1344 Ut
1022 1271 1192 1348 hexame-

48 1395 170 1456 trum
192 1382 324 1470 facias,
343 1384 395 1456 sic
412 1381 578 1472 scandas,
1084 1370 1090 1378 ⁸

260 1498 337 1581 rusi
354 1493 716 1586 remansurorum
730 1499 882 1581 nuruum

60 1608 176 1682 Ante
207 1609 337 1684 omnia
362 1624 483 1684 tumen
516 1607 722 1682 meminisse
751 1609 926 1684 debemus
955 1611 1085 1686 vitium
1116 1639 1189 1684 non

62 1753 154 1798 csse
185 1727 227 1800 in
257 1725 434 1824 ejusmodi
460 1726 633 1811 versibus,
659 1725 688 1797 si
721 1725 859 1824 primus
888 1752 965 1826 pes,
989 1728 1128 1818 tertius,
1153 1741 1190 1802 et

70 1841 240 1938 quintus
258 1841 407 1942 spondei
434 1842 528 1915 inter
550 1855 686 1915 ceteros
704 1842 844 1916 iambos
861 1844 1110 1930 ‘occurrerint
1123 1845 1189 1918 ali-

72 1957 235 2054 quando
256 1958 368 2056 aliqui
386 1983 433 2032 ex
450 1957 577 2048 tribus,
594 1956 789 2056 aliquando
806 1960 943 2045 nullum
968 1974 1005 2034 et
1027 1960 1095 2036 erit
1116 1961 1189 2034 sin-

74 2099 185 2148 cerus
217 2075 408 2164 iambicus,
434 2100 506 2146 non
534 2073 631 2171 quod
658 2074 709 2146 ita
736 2074 947 2174 appellatur,
973 2074 1035 2148 sed
1062 2075 1188 2173 utique

77 2191 161 2262 sine
188 2190 319 2264 alienis
344 2189 560 2291 pedibusid
585 2189 745 2276 estsine
771 2189 940 2288 spondeis
966 2189 1004 2262 in
1030 2191 1188 2264 secundo

79 2319 146 2378 aut
164 2319 297 2404 quarto
313 2319 350 2378 et
367 2321 470 2378 sexto
486 2305 652 2405 pedibus.
685 2305 885 2402 Siquando
903 2304 1052 2404 spondei
1073 2303 1106 2403 [¹
1109 2305 1187 2378 aliis

83 2419 192 2524 iocis]
221 2422 465 2507 inveniuntur,
487 2420 656 2494 vitiosum
684 2446 824 2492 versum
859 2420 1187 2520 pronuntiabimus.

86 2536 173 2610 Hoc
191 2538 282 2610 etin
301 2549 508 2612 tetrametro
525 2537 807 2626 observabimus,
825 2549 864 2608 ut
879 2535 1037 2638 primum
1057 2536 1186 2636 pedem

87 2667 126 2726 et
138 2653 298 2744 tertium,
313 2651 528 2752 spondeum,
541 2653 570 2725 si
584 2652 729 2752 quando
742 2653 948 2741 occurrerit,
958 2652 1187 2753 recipiamus,

89 2769 284 2842 secundum
303 2783 340 2844 et
357 2783 525 2868 quartum
545 2769 684 2842 iambos
701 2794 932 2842 reservemus.

139 2883 303 2958 Secunda
325 2885 393 2960 ode
420 2885 490 2959 hoc
517 2883 613 2958 idern
642 2897 799 2958 metrum
828 2883 950 2970 habet,
967 2897 1004 2958 et
1020 2883 1213 2960 similitera

95 2995 281 3088 scanditur,

260 3115 390 3200 Bruttus
403 3113 466 3200 idle
479 3115 542 3202 qui}
554 3111 673 3200 prooud
689 3110 844 3198 negotts'is.

143 3241 257 3315 Tertia
285 3241 353 3315 ode
384 3242 454 3316 hoc
484 3241 579 3314 idem
616 3253 774 3312 metrum
805 3237 927 3326 habet,
954 3248 992 3308 et
1021 3231 1213 3306 similiters

104 3357 281 3444 scanditur,
401 3359 410 3374 '

259 3473 419 3561 Parmltr's
433 3473 516 3558 ollim
530 3469 640 3560 aiiqrris
653 3465 770 3556 imipiol
785 3488 894 3531 morsu.

153 3597 274 3679 Quarta
300 3598 369 3672 ode
396 3599 468 3672 hoc
495 3597 591 3670 idem
620 3609 776 3668 metrum
806 3593 926 3678 habet,
953 3603 990 3663 et
1023 3588 1215 3666 similitert

112 3711 280 3803 scanditur,

258 3829 301 3894 At
315 3829 478 3918 oldeopum
494 3824 680 3916 ffqrsidiquid
692 3823 817 3912 inlcoelol
829 3823 927 3910 reg-it.

124 4065 127 4074 ¹
151 4061 229 4116 *nin
241 4058 300 4118 libri
314 4057 406 4136 quinti
417 4057 467 4137 qui
489 4057 603 4137 epodon
619 4054 794 4128 inscribitur]
812 4053 894 4126 Espl.
910 4049 978 4106 liber
991 4063 1052 4104 rur.
1086 4045 1186 4119 Incipit

118 4138 157 4196 tu.
169 4157 192 4197 r.
205 4141 233 4198 A.
368 4136 423 4198 bsi
443 4159 509 4199 cum
532 4135 699 4215 compositis
716 4134 775 4206 rei]
796 4134 823 4191 si
841 4130 994 4205 &repositis
1011 4145 1072 4184 eum
1091 4127 1183 4183 oeld.

120 4220 160 4276 ⁸si
172 4238 223 4277 cum
235 4219 417 4298 simpbcibus]
440 4222 463 4277 si
479 4221 628 4294 simplicius
640 4218 675 4274 A.
696 4234 757 4273 cum
770 4233 829 4271 om.
843 4213 917 4269 Ven.
1050 4201 1066 4247 ‘¹
1080 4205 1101 4262 si
1117 4224 1183 4262 cum

120 4299 254 4377 conpositis
266 4300 403 4377 versibus]
419 4303 444 4358 si
456 4302 611 4375 compositis
623 4298 701 4354 rebus
715 4297 749 4352 Α.
763 4295 837 4351 Vcn.
931 4302 945 4334 θ
959 4287 1121 4382 occurrent]
1138 4303 1182 4380 oc-

121 4382 266 4438 muenntd.
289 4381 369 4440 idem
385 4401 451 4440 mox
464 4399 529 4437 narr
540 4381 622 4455 quod.
723 4373 870 4451 ‘spondisti
882 4375 1057 4430 invertuntur
1071 4369 1105 4424 A.
1120 4367 1184 4423 abu

124 4462 175 4518 uu
184 4481 228 4522 on.
237 4461 304 4521 Ven.
378 4459 539 4540 “quisquis
553 4460 583 4518 in
598 4457 670 4518 ooelo
685 4455 771 4537 regis]
787 4456 855 4531 quid
866 4455 896 4509 r'n
910 4451 967 4509 oeto
981 4451 1052 4523 regit
1065 4448 1100 4506 Α.

187 4577 189 4584 ’
597 4567 668 4630 ox
