3082 5140
150 363 233 416 ω.
250 357 308 416 aa.
514 341 719 414 Demetrii
735 319 901 414 uultu.
1180 353 1254 434 ³⁵7

151 527 299 599 Graecus
316 539 372 598 est
389 524 490 598 ¹tulis
517 579 710 597 ......
737 523 835 621 quod
862 538 1018 598 metrum
1043 523 1192 621 quidam
1219 539 1297 598 etn

151 641 379 716 Aceronium‘
395 653 537 728 vocant,
562 639 724 738 plerique
753 665 895 712 versum
922 653 1040 714 totum
1071 665 1115 713 ex
1145 639 1255 714 heroo

151 755 288 830 factum
306 781 372 856 per
389 753 629 852 adjectionem
647 753 753 827 unius
771 755 920 852 syllabae
938 755 1053 828 tertiae
1072 769 1155 828 ante
1171 756 1256 829 ulti-

153 897 251 944 mam
270 869 451 944 dixerunt.
501 869 553 942 Et
572 883 674 969 parte
691 870 832 944 sublata
850 871 924 944 sive
942 885 1082 944 mutata
1099 871 1252 944 formam

154 984 353 1059 hexametri
372 983 511 1082 recipit,
527 997 580 1072 ut,

196 1185 209 1257 l
283 1100 430 1166 Solvitur
443 1101 529 1164 ocris
542 1099 650 1184 hyems
659 1108 763 1188 gruta
778 1101 844 1163 viee
858 1101 944 1164 veris
958 1107 988 1164 ei
1001 1101 1092 1178 anui,

154 1211 196 1260 ve

213 1238 224 1271 '
282 1283 428 1348 Solvimr
441 1283 528 1347 ocris
540 1282 648 1370 hyenu
657 1291 761 1372 graio
775 1285 842 1348 vice
856 1303 929 1348 vere
942 1284 1082 1349 Favoni.

153 1391 342 1466 Secundus
358 1417 492 1482 versus,

287 1507 497 1594 Trohrmique
509 1509 609 1572 meos
623 1507 777 1572 machinae
790 1508 931 1586 miluus,

153 1617 291 1715 syllaba
309 1616 448 1689 brevior
465 1629 519 1690 est
535 1642 643 1715 quam
662 1616 823 1690 trimeter
845 1616 1036 1707 iambicus,
1053 1643 1163 1715 quare
1188 1643 1252 1717 po-

153 1731 221 1804 sita
239 1732 290 1805 sic
307 1731 484 1830 expletur,

287 1845 497 1934 Trohrmlque
509 1847 609 1910 mear
622 1845 776 1911 mochiuae
788 1848 964 1912 coriuuloe.

152 1955 222 2030 Vel
240 1955 270 2029 si
288 1955 392 2030 malis
410 1969 579 2030 scazonta
596 1955 725 2046 facere,

288 2069 496 2157 Trohuulque
510 2072 609 2135 moros
623 2070 776 2136 moehiuae
789 2073 964 2137 carinatas.

152 2165 413 2252 ‘Archilochus
441 2233 631 2252 ......
682 2179 726 2254 ln
743 2180 964 2256 Archilocho
984 2193 1040 2256 est
1064 2181 1252 2256 attenden-

152 2292 255 2366 dum.
297 2293 409 2366 Hune
422 2293 569 2392 quidam
585 2293 926 2394 hendecasyllabum
945 2295 1250 2370 bArchilocheum

152 2405 336 2498 dixerunt,
353 2421 405 2498 ut,
418 2463 449 2482 ..
466 2463 499 2480 ..

243 2617 289 2701 [I.
303 2617 352 2702 5.]
376 2617 456 2690 Quia
472 2616 996 2702 riullogrociiirtepueriurosu
1266 2642 1295 2690 2³

368 2718 528 2804 Penii-ruo
542 2717 673 2806 liquidis
687 2727 784 2805 urget
797 2717 944 2784 odoribrrs
1077 2739 1081 2750 ·

370 2821 471 2884 Graio
485 2819 616 2906 Pyrrho
629 2819 687 2882 mih
701 2828 796 2883 euim

370 2924 564 3008 Cuiflovum
578 2921 700 3010 religas
715 2941 844 2985 comam

155 3049 294 3132 Quinta
320 3047 388 3121 ode
413 3049 523 3121 habet
539 3047 629 3121 duos
652 3047 788 3146 primos
814 3045 1079 3146 Asclepiadeos,
1105 3045 1251 3118 tertium

152 3163 448 3252 Anacreontium,
486 3175 634 3262 quartus
674 3161 909 3261 (hymnicus,
936 3160 982 3233 de
1012 3161 1143 3258 quibus
1172 3160 1251 3256 jam

153 3279 324 3369 diximus,
340 3279 480 3380 Priapei
501 3279 569 3354 erit
592 3305 685 3378 pars,
702 3277 894 3379 praeposito
910 3290 1033 3351 tamen
1052 3275 1254 3375 Glyconico

155 3420 218 3482 sm,
285 3493 480 3580 Cuiflouum
494 3492 616 3580 religas
631 3513 749 3556 eonium

285 3594 387 3658 &uio
401 3594 604 3680 Pyrrhoeub
618 3603 723 3658 ouiro.

154 3711 251 3784 Talis
269 3711 329 3784 hic
346 3711 463 3808 qualis
481 3712 553 3801 illc,

283 3827 508 3913 Immotumque
522 3826 581 3890 coli
594 3825 680 3891 dedit
693 3835 724 3892 et
736 3835 929 3891 contemnere
944 3833 1060 3890 ventor.

154 3950 249 4024 Item
269 3951 334 4024 hos
351 3951 380 4024 si
392 3951 527 4051 jungas
544 3951 640 4025 idem
659 3952 754 4026 “fiet
782 3949 946 4050 Utraque
964 3949 1042 4024 haec
1060 3975 1141 4049 pars
1156 3949 1255 4023 Ana-

154 4067 310 4138 creontis
328 4079 394 4140 est.

195 4291 209 4324 ¹
224 4280 301 4356 talis]
317 4283 387 4342 Post
401 4283 429 4340 h.
443 4301 467 4339 v.
480 4281 579 4340 eadem
594 4281 697 4339 lacuna
710 4277 741 4337 in
753 4279 788 4336 V.
803 4297 866 4356 quae
878 4275 908 4336 in
920 4275 1065 4355 impresso.
1089 4279 1155 4339 vio.
1170 4299 1194 4339 c.
1207 4279 1253 4338 26.

154 4369 171 4404 ⁸
185 4363 365 4421 Archilochus
381 4405 490 4422 ......
491 4365 504 4438 ]
525 4361 721 4420 Archilochum
737 4370 809 4434 alum
826 4381 907 4415 κακον.
937 4359 971 4415 ln
984 4361 1148 4418 Archilocho
1162 4369 1202 4418 erl
1217 4361 1253 4419 V.

154 4437 171 4484 b
186 4444 393 4519 Archilochum]
411 4444 615 4502 Archilochium
628 4443 664 4500 V.
788 4439 873 4518 ὕβρι]
890 4439 926 4498 V.
941 4438 1020 4497 addit
1032 4465 1146 4516 pompm
1160 4465 1199 4498 σε.
