3076 5140
13 435 14 488 3
134 447 220 498 cae.
237 439 267 498 1.
292 423 358 497 De
374 425 543 499 connexis
560 424 658 498 inter
668 449 708 498 ac
723 435 833 524 atque
849 427 1060 502 inconnecia
1072 433 1133 528 85c.
1165 443 1234 522 199

132 608 227 707 pede
251 621 289 681 et
314 608 446 682 ‘altera
471 607 769 707 penthemimere,
787 609 884 707 quod
909 611 1119 688 Platonicon
1146 613 1235 689 dici·

134 739 214 797 tur:
241 737 293 809 ut,

177 850 280 912 Amo
294 835 459 936 olntnqroe
472 869 562 926 cono,
577 849 650 914 boni
662 849 794 926 wanka,
808 849 916 915 lodan
930 873 1016 916 nom
1028 873 1108 940 epae
1121 863 1176 918 ert.

136 957 231 1030 Item
248 958 425 1031 dimetron
446 957 580 1030 heroon
597 981 681 1030 cum
708 957 948 1057 ithyphallico
965 987 1009 1033 ex
1028 962 1143 1034 tribue
1161 977 1275 1048 tro-31

136 1073 266 1145 chaeis:
293 1073 356 1162 sic,

240 1189 329 1266 Quo
344 1188 440 1262 voda
457 1186 592 1261 cmlo
608 1187 869 1290 molleflumen
886 1201 1005 1290 urget.

137 1303 230 1376 Item
261 1331 282 1375 e
308 1303 449 1376 duobus
475 1303 628 1402 dactylis
655 1319 692 1378 et
720 1305 902 1404 semipede
929 1304 1070 1403 repetiti
1096 1303 1234 1376 faciunt

137 1419 349 1516 elegiacum,
366 1417 506 1514 adjecta
532 1418 570 1490 in
588 1415 729 1518 “primo
754 1421 893 1518 syllaba
915 1445 986 1491 una
1004 1419 1094 1490 etin
1114 1419 1233 1491 medio

137 1533 246 1606 altera
264 1533 408 1618 ineerta,
426 1532 524 1630 quod
540 1532 858 1632 Thesmophorion
877 1547 1035 1616 vocatur,
1053 1545 1105 1619 nt,

241 1648 277 1722 0
288 1658 464 1746 perpetuo
482 1646 591 1721 lellus
607 1673 686 1747 quc
701 1673 798 1721 nune
813 1649 914 1747 riget
930 1657 1015 1722 uela
1029 1645 1129 1747 gelu.

139 1761 233 1834 Item
251 1777 289 1836 et
306 1775 405 1836 tome
422 1763 576 1837 iambica
594 1777 630 1836 et
646 1763 802 1861 elegiaca
822 1789 903 1860 quae
929 1761 1232 1862 penthemimeres
1245 1793 1277 1840 ει

139 1875 280 1966 dicitur,
298 1878 361 1966 sic,

241 1990 383 2065 Canem
399 1991 561 2080 relictio,
577 1991 735 2090 impiger
751 1992 828 2088 ipae
842 1993 935 2064 oeni.

140 2105 354 2179 Memineria
372 2121 492 2180 autern
507 2107 721 2206 generaliter
733 2105 902 2203 ⁰elegiaci
914 2131 1036 2178 versus
1049 2107 1129 2178 cola
1145 2107 1235 2180 iam·
1247 2136 1278 2184 3³

140 2222 229 2294 bicia
250 2224 425 2312 subnexa,
443 2224 510 2295 sub
535 2247 765 2319 quacumque
785 2245 904 2292 venena
921 2221 1041 2319 specie
1056 2247 1119 2294 seu
1145 2223 1235 2320 lege,

141 2337 382 2435 iambelegnm
409 2339 455 2410 ab
480 2335 697 2421 auctoribus,
714 2335 917 2434 composito
933 2335 1120 2424 vocabolo,
1141 2361 1236 2408 nun-

140 2453 285 2551 cupari:
312 2477 374 2525 seu
401 2467 535 2537 contra,
553 2452 581 2524 ei
608 2475 794 2552 praeponas
813 2451 956 2548 elegam
974 2451 1108 2538 iambo,
1125 2451 1236 2548 elegi-

142 2568 289 2640 ambum
306 2597 316 2652 ;
338 2581 391 2656 ut,

240 2681 406 2782 Impiger
422 2684 499 2780 ipae
512 2683 606 2770 veni,
623 2680 768 2755 ‘conam
784 2679 944 2755 relictus.

140 2795 251 2884 Nam,

240 2912 406 3010 Impiger
421 2912 498 3008 ipse
513 2912 606 3000 veni,

141 3040 240 3100 tome
258 3025 435 3123 elegiaca:

243 3139 384 3216 Cariam
400 3139 564 3228 relictus,

141 3269 238 3330 tome
266 3257 430 3329 iambica.
482 3255 575 3329 Item
597 3281 642 3328 ex
665 3254 820 3327 dimetro
844 3253 1002 3327 trochaeo
1023 3267 1060 3328 ct
1087 3255 1283 3355 penthe-34

141 3397 305 3456 mrmcre,

241 3485 355 3558 Nunc
371 3487 455 3558 deos
471 3485 596 3558 adesse
613 3483 691 3556 dico
704 3491 898 3581 postquam
911 3507 975 3554 ¹ree
991 3485 1104 3557 Acie.

141 3601 236 3674 Item
259 3625 303 3672 ex
322 3601 503 3674 trochaico
521 3599 676 3672 dimetro
698 3599 894 3670 acatalecto
918 3611 954 3670 et
972 3599 1238 3674 &choriambico

141 3714 297 3788 dimetro
313 3715 533 3801 catalectico,
551 3714 614 3801 sic,

239 3827 417 3928 ‹luppiter-
433 3830 561 3903 teano
575 3827 650 3917 ille,
671 3827 794 3926 Dydia
812 3827 870 3900 dic
881 3853 951 3926 per
967 3853 1098 3902 omnes.

142 3943 235 4016 Item
254 3971 299 4016 ex
319 3946 393 4018 bani
413 3943 594 4018 trochaica
611 3957 647 4016 et
665 3943 887 4028 choriambo,
905 3957 957 4032 ut,

244 4058 382 4132 Phoebe
398 4059 502 4132 dulce
518 4085 620 4132 sume
635 4083 786 4132 merum.

182 4300 310 4375 callen]
326 4299 415 4359 altero
431 4302 462 4360 P.
563 4297 697 4377 lprima]
713 4300 805 4378 primo
819 4300 851 4357 P.
964 4313 978 4345 θ
992 4299 1122 4378 elegiaci]
1137 4300 1240 4377 elegia-

142 4397 206 4438 cum
224 4383 254 4440 P.
336 4378 474 4456 Icauna]
492 4401 556 4439 nam
572 4382 602 4438 Ρ.
684 4379 1129 4455 schonambico-catalectloo]
1146 4379 1239 4438 chori-

143 4461 449 4521 ambo-acatalectico
465 4463 499 4520 P.
