3100 5142
289 367 362 428 ³³2
644 349 761 425 Atilii
778 348 1039 424 Fortunationi
1245 370 1339 418 vsa.
1362 367 1409 416 11.

291 537 359 611 hac
384 549 485 638 parte
501 533 824 636 deprehendemus,
840 533 886 608 de
903 534 1036 630 quibus
1062 533 1099 607 in
1117 533 1184 608 ¹his
1209 530 1310 604 libris
1336 553 1411 600 ex-

290 653 518 754 plicabimus,
535 677 626 750 quos
643 650 689 724 de
707 649 845 724 melicis
862 649 978 748 poetis
994 661 1031 722 et
1047 647 1093 720 de
1110 646 1255 746 tragicis
1271 643 1408 718 choris

290 767 455 868 scripturi
484 767 666 842 videmur:
692 767 824 866 quibus
852 791 998 838 necesse
1026 764 1093 837 erit
1120 763 1230 837 etism
1261 762 1408 834 Graeca

292 885 518 983 interponere
535 881 723 981 exempls3
750 879 847 980 quod
873 907 919 954 ne
943 879 1141 954 faceremus
1158 879 1194 952 in
1213 878 1283 950 hoc
1298 877 1407 950 libro

290 998 565 1072 elaboravimus.
616 997 715 1072 Nam
734 997 763 1072 si
781 999 949 1072 volumus
967 996 1012 1072 de
1036 995 1136 1070 omni
1162 993 1301 1068 ratione
1317 1019 1407 1066 car·-

292 1115 431 1190 minum
458 1113 588 1200 dicere,
615 1141 759 1188 necesse
785 1127 841 1188 est
866 1113 910 1188 ad
940 1139 1063 1188 eorum
1090 1111 1213 1211 copias
1240 1134 1401 1182 manum

290 1231 535 1332 porrigemus:
561 1231 623 1328 qui
650 1255 734 1304 cum
761 1243 880 1304 essent
906 1257 978 1304 non
1005 1241 1146 1303 tontum
1171 1239 1290 1324 poetae
1314 1249 1403 1322 per-

290 1345 491 1433 fectissimi,
508 1345 569 1420 sed
587 1345 696 1418 etiam
715 1346 855 1433 musici,
868 1347 945 1420 sine
964 1371 1096 1442 magno
1114 1343 1235 1416 labore
1252 1364 1401 1440 praepa-

291 1465 377 1538 ratis
394 1465 589 1538 utebantur
604 1461 847 1536 facultatibus.

696 1711 990 1756 ...4-

704 1884 881 1966 PARS
925 1883 983 1966 ll.

739 2095 949 2198 Praefotio.

344 2267 424 2340 Etsi
442 2267 517 2341 scio
533 2282 569 2342 te
582 2269 681 2342 omni
700 2270 819 2343 studio
832 2283 941 2368 atque
953 2271 1084 2343 virtute
1097 2269 1134 2342 in
1152 2269 1221 2342 lroc
1235 2267 1391 2341 maxime

295 2387 464 2472 laborare,
482 2399 524 2458 ut
540 2399 716 2458 oratorem
735 2399 772 2459 te
797 2387 917 2486 perfici
939 2387 1039 2478 velis,
1055 2401 1091 2460 et
1118 2387 1188 2460 hoc
1214 2411 1326 2458 unum
1354 2385 1391 2456 in

294 2503 418 2576 animo
443 2501 633 2588 revolvere,
650 2527 723 2600 quo
747 2529 813 2576 avo
831 2517 867 2576 et
887 2529 960 2601 quo
984 2519 1085 2604 patre
1110 2503 1157 2576 sis
1183 2517 1301 2591 natus,
1317 2501 1391 2574 dies

294 2631 489 2714 noctesque
507 2617 680 2707 insistere,
698 2633 739 2692 ut
756 2619 961 2718 eloquentia
978 2619 1208 2692 tsenatorium
1228 2617 1390 2692 cumules

294 2734 528 2833 dignitatem:
557 2733 659 2830 (quid
684 2733 781 2807 enim
806 2735 992 2833 pulchrius
1018 2734 1273 2808 *disertissimo
1301 2759 1392 2834 prae·

294 2849 394 2923 torel
422 2863 483 2922 aut
500 2846 586 2946 quid
606 2849 797 2923 sublimius
813 2851 1111 2950 eloquentissimo
1128 2848 1314 2947 consulet)
1340 2863 1393 2921 ta-

294 2989 379 3038 men
408 2965 558 3038 arbitror
580 2966 626 3038 ab
643 2965 704 3039 illa
721 2966 921 3041 'virtutum
944 2967 1109 3040 omnium
1127 2967 1185 3040 via
1202 2963 1392 3065 aliquando

295 3085 331 3158 in
349 3082 559 3156 diverticula
576 3081 807 3172 flectendum,
823 3083 1108 3182 discendumque
1125 3109 1201 3156 esse
1224 3097 1394 3184 praeteres

296 3197 444 3297 aliquid,
469 3197 691 3297 pedetentim
710 3211 844 3288 tamen,
857 3213 893 3272 et
911 3213 1065 3284 tontum,
1083 3215 1259 3298 quantum
1279 3211 1393 3270 orato-

296 3341 371 3388 rem
396 3329 433 3388 et
456 3341 529 3386 non
556 3315 671 3387 valeat
696 3339 854 3400 avocare,
881 3327 917 3385 et
943 3313 1056 3411 possit
1076 3337 1213 3387 ornare.
1265 3313 1394 3413 Cogito

295 3430 393 3503 enim
421 3443 480 3502 xte
509 3429 554 3503 de
581 3431 750 3504 omnibus
780 3431 882 3504 bonis
913 3429 1048 3504 artibus
1069 3431 1331 3527 judicaturum,
1358 3441 1395 3502 et

296 3557 432 3644 quanto
448 3543 624 3642 dignitate
649 3571 775 3620 omnes
802 3545 968 3620 homines
992 3546 1193 3630 munieris,
1209 3560 1311 3620 tanto
1329 3545 1394 3619 sci·

296 3658 394 3732 entis
415 3657 545 3731 debere
571 3673 750 3759 praestare.
800 3662 937 3763 Accipe
957 3663 1067 3758 igitur
1092 3661 1293 3735 Horatiana
1319 3689 1394 3736 rne-

296 3791 351 3850 trs
361 3801 442 3875 quae
455 3775 584 3876 saepius
597 3776 777 3875 flagitasti.
803 3777 900 3852 Nam
915 3779 1003 3876 quid
1017 3779 1124 3852 refert
1137 3777 1236 3852 hunc
1249 3793 1392 3878 poetam

297 3891 441 3979 imitari,
458 3906 590 3978 tenere,
608 3891 767 3992 diligere,
785 3895 813 3966 si
832 3921 905 3968 non
923 3921 1049 3969 omnes
1066 3895 1215 3968 virtutes
1232 3895 1309 3992 ejus
1334 3921 1396 3996 pe·

297 4006 394 4078 nitus
420 4007 654 4104 cognoveris?
682 4009 803 4094 Quare
830 4009 1030 4084 necessario
1048 4010 1155 4084 altius
1175 4023 1231 4084 'et
1257 4013 1303 4086 ab
1328 4036 1395 4086 ovo

338 4203 540 4282 tterratorium]
557 4207 651 4288 Vulgo
665 4217 830 4268 serratorum.
880 4221 896 4252 v
908 4212 1022 4285 duero]
1038 4213 1213 4271 disertissimo
1228 4213 1263 4270 V.
1312 4216 1396 4272 'nir-

299 4285 401 4358 tulum]
423 4287 554 4345 uirtutum
575 4293 694 4348 ornnium
718 4291 753 4350 V.
776 4292 825 4368 qui
847 4311 912 4350 mox
935 4291 1014 4350 addit
1034 4295 1062 4349 in
1083 4295 1246 4352 diverticula
1259 4304 1325 4372 post
1341 4295 1394 4350 att-

298 4367 416 4440 quundo.
501 4371 571 4445 Χιε]
590 4390 623 4428 ec
638 4372 672 4428 V.
762 4373 932 4448 ronteieris]
949 4375 1055 4430 anteire
1069 4373 1104 4432 V.
1118 4373 1200 4432 Med.
1292 4374 1397 4430 ⁸stuli

297 4451 360 4524 ono]
378 4451 462 4506 ultius
475 4455 502 4506 et
517 4469 535 4506 o
549 4453 609 4509 vivo
623 4456 651 4509 iu
667 4449 701 4508 V.
716 4454 848 4510 crasso
860 4453 941 4512 Med.
