2970 5134
21 421 92 467 aa.
114 419 179 464 nv.
213 417 217 426 ·
421 389 589 466 Dcmctuo
602 401 770 488 dactylico.
1080 401 1145 470 589

24 574 86 634 loc
112 585 272 635 metrum
295 589 323 632 a*
336 570 497 657 superiore
518 593 557 635 co
578 571 683 646 distat,
707 570 793 658 quod
815 571 847 633 in'
868 568 923 634 illo
944 581 990 635 est
1011 566 1174 634 facultas⁶

24 671 169 736 fimum
200 685 236 736 et
258 671 430 737 metandum
454 673 565 759 pedem
588 673 749 761 dactylum
771 673 836 736 sive
858 671 1027 757 spondium
1049 671 1144 736 collo·

26 773 125 850 andi,
145 773 186 836 in
206 771 537 860 Asclepiadioantem
559 789 644 840 certa
664 774 716 839 lex
738 785 784 838 est
806 773 885 850 haec,
902 785 938 836 ut
961 771 1063 860 primo
1079 774 1146 838 loco

21 875 357 962 bundium-secundo
377 875 532 962 dactylus,
547 876 662 942 deinde
683 876 865 954 catalecton,
882 875 965 962 ipost
987 875 1052 941 dito
1073 877 1146 941 dac-

25 979 71 1056 yli
95 977 331 1044 conlocentur.
377 979 521 1044 Mettum
540 977 730 1066 dactylicum
746 977 906 1043 AEolicum
921 979 1031 1066 recipit
1049 979 1146 1067 pedes
1160 993 1174 1047 7

30 1103 97 1145 os:
127 1079 311 1167 spondium
333 1079 398 1144 sive
419 1079 652 1159 iambum-sive
674 1081 857 1155 trochaeum,
872 1079 942 1146 loco
963 1081 1076 1168 primo,
1091 1081 1145 1146 do-

24 1183 96 1246 nde
125 1182 221 1247 duos
245 1181 397 1270 dactylos,
422 1195 495 1270 post
519 1181 689 1270 spondium
712 1183 777 1247 sive
803 1183 984 1248 trochaeum.
1033 1183 1146 1272 Hujus

25 1285 221 1373 ·xemplum
233 1309 241 1348 ε

374 1373 478 1447 Ampio
490 1373 606 1431 condere
618 1375 716 1431 moeuic
729 1376 816 1449 cupit.

21 1478 184 1542 Mettum
208 1473 399 1562 dactylicum
415 1472 628 1538 ¹¹Phalaecium
652 1474 945 1564 hendecasyllabum
965 1489 1087 1541 constat
1103 1487 1172 1542 cxs
1251 1482 1254 1488 '

23 1579 184 1666 quondm,
200 1591 234 1644 et
247 1577 385 1662 dactylo,
398 1589 430 1642 ct
445 1575 546 1642 tribus
560 1576 714 1642 trochaeis.
759 1579 870 1666 Hujus
886 1578 1084 1666 exemplum:

368 1684 486 1758 litigent
499 1683 603 1740 diuitiis
614 1689 642 1740 et
656 1701 703 1741 ore
716 1684 817 1742 clamas.

22 1783 185 1854 Metru'm
216 1784 405 1874 dactylicum
432 1782 599 1848 Alcaicum
628 1783 924 1873 hendecasyllabum
953 1799 1075 1850 constat
1104 1805 1173 1854 ex9

22 1882 141 1956 iambo
156 1903 191 1956 et
206 1888 354 1964 Bacchio,
369 1901 401 1954 et
414 1887 541 1952 duobus
555 1885 699 1974 dactylis.
744 1889 855 1976 Hujus
869 1887 1066 1976 exemplum:

331 1988 435 2057 ¹thas,
450 1998 482 2046 ut
497 1991 557 2046 ulto
569 1995 623 2046 siet
636 1991 697 2046 uiue
710 1993 851 2049 condidus.

31 2091 198 2157 Horatius
208 2105 313 2156 mmen
325 2091 428 2180 primo
442 2091 510 2157 loco
524 2090 617 2156 etiam
633 2084 827 2178 m'spondium
843 2095 1028 2182 p'raeposuit,
1045 2112 1082 2161 ut
1098 2095 1190 2160 estio

31 2193 117 2258 illud
133 2193 297 2282 eJusdem:

346 2301 423 2358 ¹²Odi
431 2299 582 2376 prttj'auum
594 2299 695 2374 uulgus
708 2307 735 2356 et
748 2318 837 2358 orceo.

37 2402 188 2466 Mettum
214 2401 403 2490 dactylicum
429 2401 621 2490 Sapphicum
645 2401 939 2489 hendecasyllabum
961 2416 1083 2468 coastat
1103 2425 1143 2468 ex
1159 2429 1186 2466 ιι

43 2627 182 2710 gastineis
195 2629 304 2687 cultore
317 2629 412 2706 digna.
454 2630 502 2688 De
521 2631 574 2689 hac
655 2629 855 2688 *Punicum
875 2630 1142 2705 hendecasyllabum]

44 2708 251 2788 significatione
288 2709 415 2768 vocabuli
456 2713 575 2769 mutuus
614 2710 738 2790 Guelph.
755 2709 913 2786 sabacium
928 2709 1036 2786 sudem
1057 2712 1144 2787 cylic-

47 2789 173 2868 plmibus
193 2788 306 2848 disserit
325 2802 441 2868 patruus
462 2791 497 2848 ad
519 2793 572 2849 Ju-
615 2789 1143 2867 harutharisaehendeccsyllohomm.

48 2870 116 2929 liaoi
137 2873 261 2928 Caesares
282 2890 310 2948 p.
327 2889 375 2947 70.
396 2889 457 2948 seq.
480 2872 575 2930 Possis
615 2873 733 2930 HEUS.

49 2953 135 3009 etiam
167 2951 337 3009 vocabulum
373 2952 483 3009 Musica
523 2971 574 3010 vo-
655 2949 770 3019 lVides,
786 2953 891 3010 atauo
904 2952 1032 3010 eaesae
1049 2953 1143 3009 caudi·

51 3031 132 3090 candi
145 3050 208 3089 casu
222 3031 349 3110 accipere
366 3044 396 3089 et
416 3031 574 3109 intelligere
614 3035 691 3109 dua]
716 3032 798 3110 Apud
814 3029 966 3090 Horatium
993 3031 1042 3089 lib.
1058 3033 1081 3090 1.
1096 3031 1160 3090 od.'

52 3111 159 3191 poesin,
173 3113 295 3170 Musam.
334 3112 419 3170 Tunc
432 3112 574 3171 sententia
614 3133 643 3190 9.
666 3113 749 3170 hodie
770 3111 872 3190 legitur
891 3114 1046 3180 condidam,
1067 3112 1143 3189 quod

55 3191 151 3250 similis
164 3191 216 3250 erit
231 3191 272 3249 illi
286 3194 405 3256 Ludere,
422 3193 514 3260 Mam,
523 3193 573 3266 ju·
614 3195 750 3252 Prisciani
764 3193 968 3270 Consentiique
993 3190 1144 3250 auctorita-¹

55 3281 110 3340 oct,
124 3273 194 3349 qnod
207 3285 251 3330 est
267 3272 342 3349 apud
365 3280 477 3352 poetam
501 3272 573 3350 pais-
614 3269 691 3332 tibus
711 3271 779 3331 satis
800 3273 969 3331 defenditur.
1013 3273 1078 3330 Nec
1099 3285 1143 3330 ta·

57 3372 120 3412 cum
131 3354 159 3410 in
171 3353 325 3432 Autholog.
342 3355 440 3414 liutm.
451 3353 500 3412 lib.
517 3353 573 3414 lll.
615 3371 681 3414 meu
703 3354 912 3445 aspernandum
934 3363 978 3412 est
999 3355 1142 3420 candidus,

58 3433 367 3590 ‘iiiliibfld‘ii
386 3514 572 3588 ...amm
614 3445 889 3574 illinitus.
904 3433 1143 3574 iiiiii&

62 3595 231 3652 Interiectus
250 3595 296 3653 hic
311 3593 455 3668 adjccerat
472 3595 574 3674 aliquis
615 3615 693 3654 versu
708 3593 798 3654 codex
815 3594 893 3673 prior
904 3593 1079 3662 Parisiensis',
1094 3594 1143 3672 qui

63 3674 91 3731 in
111 3674 168 3734 MS.
194 3676 280 3734 Paris.
304 3678 335 3732 iu
359 3693 412 3752 quo
433 3683 496 3751 post
521 3684 575 3733 tres
592 3680 594 3689 '
613 3677 740 3752 ἀκέφαλος
766 3689 820 3745 cst,
847 3677 923 3733 inter
949 3687 1036 3734 testes
1063 3693 1143 3733 meos

64 3773 146 3812 oeruu
163 3758 224 3812 tolet
243 3759 315 3814 seuit
332 3756 402 3836 [leg.
415 3759 509 3833 semis]
527 3757 575 3814 hc-
614 3755 727 3836 prodire
740 3755 848 3834 incipit.
872 3753 991 3814 HEUS.

66 3838 152 3904 reims,
164 3839 239 3894 idest
252 3839 387 3911 spondeas
399 3846 426 3895 et
439 3839 495 3894 duo
508 3839 573 3894 doc.
656 3847 681 3880 ¹³
700 3839 844 3911 spondium
861 3835 1022 3911 praeposuit]
1055 3834 1141 3893 Pan's.

68 3919 187 3990 tyliponi.
225 3917 362 3994 Respexit
375 3929 474 3975 auctor
492 3915 593 3994 hujus‘
615 3915 692 3996 ptiot
717 3929 747 3974 et
775 3916 820 3974 hic
846 3929 877 3975 et
903 3916 932 3973 in
957 3913 1142 3990 sequentibus

68 3996 508 4074 glossematissdcoajunotionem
523 4015 572 4076 ge-
612 3991 759 4072 spoudcum
774 3997 880 4055 scribit.
913 3997 981 4054 Non
996 4005 1050 4064 cst,
1065 3995 1141 4073 quod
1190 4025 1192 4030 ·

70 4075 134 4134 nens
162 4076 329 4155 Asclepiadai
365 4091 396 4136 et
429 4077 572 4156 Glyconii,
614 4077 796 4156 rapudlemus
816 4077 987 4154 reliquorum
1010 4075 1140 4134 codicum

71 4177 127 4233 qun
137 4156 229 4235 placuit
241 4157 367 4218 Horatio
379 4158 430 4217 lib.
445 4160 468 4216 1.
483 4158 529 4216 od.
545 4158 573 4215 6.
614 4157 856 4236 orthographiam,
885 4173 971 4233 quam
1005 4155 1036 4214 in
1069 4157 1140 4215 Bac·

76 4253 115 4312 15.
136 4255 174 4311 aa
195 4256 240 4313 ³3·
262 4249 293 4296 et
319 4239 396 4298 alibi.
439 4238 497 4298 Sed
517 4239 575 4297 hoc'
613 4239 698 4305 chius,
726 4239 843 4312 hippius,
871 4239 989 4306 Darius,
1017 4237 1142 4294 Mcom‘e-

74 4319 218 4376 comubium
254 4331 409 4378 metrorum
452 4319 571 4378 istorum
613 4321 670 4387 dic,
685 4319 891 4392 Philadelpho,
907 4317 1061 4394 multisque
1079 4313 1141 4376 aliis

76 4397 128 4475 legs
143 4417 190 4456 non
206 4399 248 4456 ita
262 4405 329 4457 arta
350 4398 517 4479 consttingi,
539 4418 572 4457 ex
613 4398 737 4458 ferimus.
760 4399 878 4456 HEUS.

77 4477 127 4554 ipso
145 4479 252 4537 Horatio
275 4493 398 4548 constat,
423 4481 471 4557 qui
496 4475 592 4538 ordii·
654 4491 671 4524 ¹¹
687 4481 739 4537 Odi
751 4477 901 4555 profanum
913 4477 1024 4554 numus]
1044 4474 1140 4538 liora·

79 4577 132 4616 nem
141 4557 204 4618 ilium
215 4577 290 4639 saepe
301 4561 439 4640 migravit.
455 4559 575 4620 nnus:
614 4559 671 4618 tius
684 4560 734 4620 lib.
751 4561 806 4619 lll.
822 4559 869 4619 od.
886 4577 911 4619 t.
932 4561 1051 4620 HEUS.

552 4666 638 4719 ³22
