3012 5084
262 392 307 452 58
650 377 770 454 Marii
789 377 976 454 Victorini
1244 400 1317 450 mu.
1336 400 1363 448 1.

218 587 248 622 ²²
262 561 409 661 degunt,
434 589 454 636 e
481 563 594 636 tribus
623 563 750 662 longis,
777 579 817 636 ut
834 563 1026 638 Eumedes.
1072 562 1124 636 Hi
1155 573 1362 661 temporum

262 679 355 752 inter
373 705 410 751 se
430 678 603 752 brevitate
619 693 657 752 et
674 679 880 752 extentione
898 679 1110 778 discrepant.
1149 675 1249 749 Nam
1268 675 1366 775 prior

261 794 385 882 trium,
399 821 551 892 sequens
565 821 628 867 sex
642 809 846 892 temporum
866 794 1006 894 ⁰spatio
1024 795 1232 892 prolatatur,
1245 789 1363 888 lquod

218 909 298 982 nin
317 909 503 1008 disyllabis
534 910 570 982 in
597 909 782 1008 pyrrichio
805 923 842 982 et
871 909 1032 1009 spondeo
1059 908 1262 981 docuimus.
1312 907 1365 978 At

262 1025 322 1122 qui
342 1026 458 1124 prima
485 1025 590 1124 longa
613 1025 753 1100 duabus
780 1027 947 1098 brevibus
975 1023 1144 1121 subjectis
1169 1021 1366 1110 ordinatur,

261 1139 442 1237 Dactylus
457 1139 599 1230 dicitur,
610 1153 815 1240 temporum
835 1154 1038 1239 ¹{quattuor,
1051 1156 1092 1212 ut
1106 1137 1282 1212 Virbius:
1301 1137 1364 1235 qui

261 1271 299 1328 ct
317 1281 337 1328 a
355 1256 423 1328 situ
444 1270 481 1329 et
498 1255 734 1328 similitudine
751 1255 958 1354 digitorum,
976 1255 1038 1353 qui
1056 1257 1092 1326 in
1113 1254 1278 1326 ninnibus
1302 1254 1367 1326 ha-

261 1373 402 1460 bentur,
419 1371 633 1444 vocabulum
651 1369 771 1443 traxit.
817 1370 915 1442 Nam
935 1397 979 1442 ex
998 1385 1148 1469 utreque
1165 1384 1266 1468 parte
1284 1369 1366 1441 bre-

217 1487 374 1560 uviores
401 1487 576 1585 rlongiori
600 1485 815 1584 junguntur.
868 1487 968 1559 Huic
997 1485 1195 1559 contrarius
1225 1499 1365 1557 mutata

261 1617 465 1700 temporum
491 1603 580 1689 vice,
598 1601 673 1701 pari
701 1615 822 1674 autem
851 1600 1110 1698 magnitudine,
1127 1601 1193 1674 erit
1207 1603 1366 1700 Anapae-

218 1747 247 1798 25
262 1731 349 1806 stus,
367 1717 429 1814 qui
455 1730 492 1789 ct
517 1717 797 1814 'Antidactylus
824 1729 982 1805 vocatur,
1000 1731 1040 1789 ut
1056 1716 1231 1814 scopolus.
1285 1717 1367 1789 Ho-

262 1857 341 1904 rum
370 1833 405 1904 in
424 1831 505 1904 Arsi
524 1846 561 1903 et
577 1831 687 1904 Thesi
712 1845 855 1931 tempus
873 1832 1051 1932 congruit,
1069 1833 1210 1905 etiamsi
1229 1833 1265 1903 in
1283 1857 1366 1930 per-

218 1960 250 2011 26
263 1949 427 2021 cussione
444 1948 648 2048 discrepent
666 1949 824 2046 syllabae.
875 1949 1094 2046 Anapaestus
1113 1963 1234 2021 autem
1253 1974 1273 2020 a
1291 1947 1364 2021 situ

262 2065 440 2137 contrario
467 2077 503 2135 et
529 2064 797 2161 repercussione
822 2063 989 2162 ‘dactyli
1012 2065 1109 2164 quod
1133 2079 1187 2138 est
1212 2064 1367 2138 inrecis-

217 2207 247 2258 η
262 2188 342 2264 σθω,
360 2179 499 2252 dictus:
527 2177 679 2275 ideoque
696 2178 952 2278 Antidactylus
976 2193 1213 2278 nuncupatur.
1264 2178 1361 2251 Cum

260 2321 345 2368 vero
372 2295 488 2394 longis
515 2294 653 2368 duabus
678 2294 897 2394 praeponitur
921 2296 1048 2386 brevis,
1073 2299 1115 2368 tit
1141 2295 1365 2383 “Bacchius

261 2424 465 2510 temporum
485 2410 657 2508 quinque,
672 2423 713 2483 ut
733 2409 912 2484 Catones:
940 2423 975 2458 11
988 2412 1049 2510 qui
1078 2439 1097 2485 a
1123 2411 1259 2486 Bacchi
1287 2438 1365 2484 car·

261 2526 419 2599 minibus
437 2554 498 2600 seu
516 2527 713 2615 cantilenis,
731 2553 812 2624 quae
829 2527 1013 2625 aptissime
1032 2528 1100 2600 hoc
1118 2541 1232 2600 metro
1255 2539 1365 2600 ¹con-

260 2657 454 2740 ponuntur,
481 2669 614 2715 nomen
648 2643 808 2742 accepit:
844 2643 900 2714 vel
935 2643 1021 2741 quia
1051 2642 1272 2716 familiariter
1301 2641 1364 2715 hic

260 2756 454 2854 rhythmus
471 2757 774 2831 ¹¹Bacchantibus
788 2771 892 2856 aptus
907 2757 964 2829 sit.
991 2757 1073 2846 Cui,
1086 2771 1225 2829 mutato
1242 2769 1260 2804 11
1271 2771 1366 2828 tem-

259 2895 388 2969 porum
416 2869 551 2961 ordine,
579 2898 747 2945 mensura
775 2886 894 2945 autem
928 2887 1172 2970 permanente,
1199 2885 1217 2935 5
1232 2871 1364 2944 Palim-

260 2987 430 3060 bacchius
451 2989 650 3062 contrarius
668 2990 822 3078 dabitur,
842 2989 915 3062 sive
934 2989 1137 3087 Pompieus,
1155 3003 1362 3088 temporum

259 3100 423 3192 totidem,
439 3119 479 3176 ut
491 3104 687 3178 Romanos.
741 3105 883 3178 Horum
899 3104 1000 3177 Arsis
1017 3118 1078 3178 ‘ac
1091 3105 1220 3178 Thesis
1234 3103 1362 3178 eadem

217 3235 247 3282 ns
260 3230 325 3302 est,
351 3243 431 3314 quae
456 3235 637 3317 anapaesto
659 3233 696 3292 et
721 3220 901 3319 ‘dactylo
954 3221 1125 3318 Superest
1142 3223 1383 3322 Amphibru-'

260 3329 350 3402 chus
376 3333 552 3404 contrario
578 3334 645 3406 sibi
663 3335 938 3434 Amphimacro,
956 3335 1029 3408 sive
1054 3336 1210 3409 Cretico.
1261 3335 1364 3409 Prior

260 3471 323 3544 pes
340 3471 359 3516 e
378 3447 488 3530 brevi,
507 3447 626 3545 longa,
644 3464 680 3522 et
703 3451 813 3534 brevi,
832 3467 1040 3550 temporum
1063 3449 1256 3549 ¹quattuor
1281 3451 1363 3538 erit,

300 3681 315 3712 ⁰
329 3671 436 3750 spacio]
453 3671 544 3749 spatio
558 3673 590 3734 P.
691 3674 797 3752 equod
813 3675 842 3732 in
857 3674 1028 3752 dissyllabis]
1047 3694 1110 3752 quae
1125 3673 1153 3732 in
1169 3673 1311 3750 disyllabis
1326 3673 1362 3732 P.

259 3761 274 3807 t
289 3755 422 3828 quatuor]
440 3765 573 3830 quattuor
587 3755 617 3812 P.
713 3766 725 3798 ¹
739 3753 872 3832 longiori]
890 3755 1001 3834 longior
1015 3757 1046 3812 P.
1129 3764 1141 3797 ¹
1156 3753 1360 3830 antidactylus]

259 3832 438 3892 aritirlactilus
452 3835 483 3892 Ρ.
528 3838 536 3870 1
551 3833 652 3912 dactyli
667 3835 756 3912 quod]
775 3835 869 3892 dactili
885 3835 931 3911 qm
948 3837 979 3894 P.
1034 3847 1051 3878 ¹¹
1066 3833 1203 3908 Bachius]
1222 3833 1363 3892 Bacchius

259 3914 290 3970 P.
331 3923 364 3956 ¹¹¹¹
375 3915 439 3991 quia
452 3934 469 3972 n
483 3915 587 3990 Baebi]
609 3915 686 3993 quis
703 3915 806 3974 Bocchi
822 3917 854 3972 P.
920 3927 935 3958 ¹
949 3915 1173 3995 componuntur]
1189 3933 1361 3992 conponun-

258 3995 349 4080 tur-P.
445 3997 684 4070 wBuchuutibus]
702 3997 913 4054 Baccliuutibus
929 3997 959 4052 P.
1063 3995 1267 4072 ¹temporum]
1285 4005 1362 4052 tem-

259 4087 327 4186 por}
348 4099 379 4154 P.
483 4100 731 4174 tPalimbechius]
754 4101 977 4158 Palimbncehius
998 4101 1028 4157 P.
1132 4109 1190 4157 ¹et
1204 4099 1304 4172 thesis]
1327 4119 1363 4158 uc

259 4193 346 4251 thesis
361 4195 391 4250 P.
508 4195 922 4274 *dactylo-amphibrachus]
945 4194 1307 4274 dactilo-amphibrachps
1332 4195 1365 4255 P.

259 4269 275 4316 b
289 4275 421 4351 quatuor]
438 4287 572 4350 quattuor
586 4277 615 4334 P.

306 4428 358 4566 36.
379 4430 569 4504 dvrrralrodnr]
596 4433 727 4488 dissultu
749 4431 866 4488 Santen.
884 4431 951 4488 Ter.
966 4429 1059 4488 Maur.
1082 4451 1109 4508 p.
1127 4445 1174 4507 77.
1199 4449 1267 4489 cum
1286 4429 1361 4489 Dio·

259 4527 305 4566 me
325 4527 383 4585 ep.
394 4523 463 4582 475.
