3076 5140
169 393 253 444 csr.
271 385 300 444 1.
330 372 395 446 De
412 373 580 446 connexis
595 373 694 446 inter
705 397 746 445 se
762 383 872 472 otqrre
888 373 1098 448 inconnexis
1109 379 1169 474 85c.
1196 389 1267 452 203

166 556 246 642 bus,
263 553 397 628 debinc
419 553 600 652 dactylus,
614 554 852 630 residentibus
876 556 992 632 tribus
1008 555 1174 632 cochen
1192 555 1270 632 hul-

167 669 278 759 timis,
294 671 363 744 erit
380 671 663 770 ithyphallicum
682 685 851 758 metrurn,
870 673 927 746 sin
943 699 1028 746 vero
1051 673 1100 748 ita
1116 673 1269 764 dividas,

168 799 207 858 ut
233 785 395 883 primum
426 785 642 885 spondeum,
665 785 798 860 dehinc
823 787 1090 878 choriambum,
1108 801 1193 888 port
1214 787 1268 862 di-

167 897 332 972 iambum
349 913 387 972 et
404 900 582 999 syllabam
598 899 765 990 colloces,
782 901 851 974 erit
867 901 1102 988 Pbaloecium,
1121 915 1175 992 ut,

316 1013 521 1114 Postquam
537 1039 599 1088 res
615 1014 713 1088 Asia
725 1016 826 1111 perit
840 1015 1024 1112 procellis.

169 1125 270 1199 Sicut
288 1128 436 1224 quidam
455 1129 518 1226 qui
536 1155 580 1202 ea
596 1155 616 1202 a
634 1155 683 1219 se,
701 1143 867 1229 utsupra
887 1129 1111 1204 ostendimus
1127 1128 1267 1204 ¹distin·

168 1255 294 1338 guunt.

214 1355 266 1430 Et
304 1357 476 1454 quoniam
518 1357 807 1458 hendecasyllabi
847 1359 1068 1432 mentionem
1104 1359 1309 1448 fecimus„

169 1471 355 1545 occasione
387 1473 606 1550 admonente
639 1473 724 1546 satis
756 1487 1003 1572 opportunum
1039 1473 1190 1548 arbitror
1222 1473 1267 1548 de

168 1587 353 1683 speciebus
383 1586 558 1682 ejusdem.
587 1613 668 1684 quse
695 1601 780 1662 sunt
809 1586 924 1660 ferme
949 1611 1007 1664 vu
1034 1613 1080 1664 ex
1112 1613 1183 1662 uua
1209 1615 1268 1662 eu-

167 1699 324 1799 dernque
356 1701 494 1799 origine
527 1700 796 1785 descendentes,
831 1702 985 1776 breviter
1019 1701 1149 1792 dicere,
1184 1729 1267 1802 quae

167 1815 304 1890 scilicet
320 1842 367 1892 ex
390 1817 587 1914 utriusque,
604 1815 640 1890 id
666 1829 721 1890 est
745 1815 914 1914 dactylici
934 1830 971 1890 et
994 1816 1138 1890 ismbici
1161 1818 1264 1892 metri

167 1931 418 2029 permixtione,
434 1933 620 2031 conposito
636 1944 674 2004 et
691 1930 859 2030 copulate
876 1947 1084 2004 noscuntur.
1113 1931 1265 2005 lnitium
1279 1956 1309 2008 ε’

167 2060 288 2120 autem
318 2049 433 2120 abeo
455 2073 557 2122 versu
583 2047 807 2134 ¹‘sumemus
834 2047 892 2120 cui
919 2047 1104 2146 Sapphico
1132 2073 1266 2120 nomen

167 2173 232 2250 est,
251 2187 325 2232 non
344 2175 384 2234 ut
400 2163 445 2234 ab
463 2189 505 2234 ea
520 2162 677 2247 invento,
688 2161 749 2234 sed
762 2161 899 2260 jugiter
916 2175 1110 2260 usurpato:
1129 2155 1278 2256 ecujus¹

166 2275 267 2347 fonte
301 2275 468 2373 plurimae
502 2277 639 2376 species
677 2275 829 2374 disparis
863 2279 986 2374 figurae
1021 2275 1265 2374 prolabuntur.

169 2387 291 2484 Hujus
316 2389 412 2488 prior
436 2389 552 2462 forma
576 2417 619 2464 ea
644 2390 723 2488 lege
748 2392 945 2476 taxabitur,
961 2416 1033 2487 qua
1050 2388 1202 2488 ¹primus
1229 2389 1309 2464 ints

168 2530 270 2576 versu
301 2503 481 2604 spondeus
507 2507 726 2596 solemniter,
755 2519 838 2604 post
862 2504 1042 2603 dactylus,
1067 2505 1201 2578 dehinc
1228 2517 1266 2576 et

168 2633 237 2691 tres
262 2619 411 2692 trochaei
435 2635 666 2718 ponantur,e
690 2621 803 2719 ”quis
824 2621 1065 2720 ithyphallico
1083 2646 1145 2692 seu
1173 2619 1265 2692 Pha-

167 2733 280 2820 lesio,
291 2747 450 2833 utsupra
461 2734 632 2821 diximus,
645 2761 779 2808 nomen
796 2749 862 2808 est.
895 2733 1123 2808 ¹¹lnstrueudi
1143 2747 1310 2807 tamensi

167 2875 293 2922 sumus
326 2847 464 2946 ⁰legem
499 2848 697 2922 collocandi
731 2849 768 2922 in
803 2847 952 2921 exordio
985 2847 1133 2948 spondei
1170 2849 1265 2922 varie

165 2981 303 3038 veteres
320 2963 528 3038 custodisse.
563 2965 662 3043 Nem
682 2965 829 3062 quidam
849 2979 886 3040 et
904 2963 1101 3040 trocbaeum
1122 2978 1159 3038 et
1176 2965 1266 3038 iam·

165 3082 254 3154 bum
281 3079 319 3152 in
342 3105 385 3154 ea
411 3077 495 3155 sede
520 3081 712 3157 collocasse
739 3079 977 3178 reperiuntur,
996 3079 1089 3153 inter
1114 3105 1205 3178 quos
1228 3089 1265 3152 et

166 3195 332 3270 Catullus
349 3209 403 3270 eat
421 3195 488 3268 sub
505 3195 682 3295 exemplis
699 3193 922 3292 hujusmodi,

320 3306 390 3384 cui
406 3310 497 3387 dono
514 3309 672 3408 lepidum
688 3335 820 3384 uocum
838 3305 1011 3393 libellum,

316 3423 435 3498 Arido
451 3425 556 3500 modo
568 3425 713 3522 pontice
731 3422 939 3521 expolitum.

317 3537 448 3612 rMeas
466 3565 542 3616 esse
559 3539 703 3639 aliquid
714 3549 849 3638 putare
865 3564 997 3639 nugas.

164 3651 264 3727 Nam
287 3652 361 3727 cui
380 3653 436 3740 do,
451 3654 674 3754 spondeum:
701 3655 779 3730 Art
795 3656 1015 3732 trocheum:
1041 3651 1151 3728 Meos
1176 3653 1265 3730 iarn-
1278 3687 1309 3738 ss

166 3772 269 3858 bum,
283 3781 355 3842 tres
373 3769 552 3843 ediversos
563 3769 674 3870 pedes
691 3796 780 3856 esse,
792 3769 923 3869 quibus
936 3767 1130 3870 supradicti
1142 3795 1264 3844 versus

164 3884 395 3971 inchoantur,
413 3885 618 3962 indubium
638 3885 836 3960 convenit.
888 3884 1011 3981 Hujus
1031 3884 1266 3983 hendecasyl-

166 3998 238 4072 labi
257 3998 393 4098 species
410 4015 526 4088 erunt,
544 4016 584 4077 ut
600 4001 771 4092 diximus,
788 4014 956 4101 'septem
983 3999 1125 4074 Feritur
1142 4013 1263 4074 autem
1277 4015 1310 4081 5⁶

204 4191 223 4238 ¹¹
237 4193 357 4271 ultimis]
373 4196 489 4256 ultimus
503 4199 534 4256 P.
548 4198 597 4276 qni
612 4219 676 4258 mox
690 4135 863 4257 Phaledlum.
973 4194 982 4239 ¹
996 4195 1189 4276 distinguunt]
1206 4195 1264 4252 dis-

165 4277 301 4354 tinguent
314 4277 346 4334 P.
469 4275 658 4356 '‘ruruemus]
675 4279 812 4336 sumimus
828 4279 857 4336 P.
981 4274 1125 4354 lprimns]
1143 4275 1220 4356 prius
1234 4277 1264 4333 P.

165 4366 190 4398 ¹³
204 4355 319 4434 quibus]
335 4357 398 4436 quis
412 4357 446 4415 P.
549 4369 565 4402 ¹²
580 4359 751 4434 instruendi]
768 4357 894 4416 struendi
911 4358 942 4415 P.
1043 4357 1162 4434 ⁰legem
1178 4353 1266 4414 collo·

166 4435 264 4512 candi]
281 4437 344 4516 lege
358 4455 390 4494 sc
404 4435 516 4496 locandi
532 4439 564 4497 P.
649 4450 665 4494 Ρ
681 4459 757 4496 ruem
770 4457 832 4496 esse
846 4437 965 4514 aliquid]
985 4435 1222 4512 meusesealiquot
1234 4435 1265 4492 P.

166 4513 314 4590 tdirisos]
329 4517 452 4576 diversos
466 4519 499 4576 P.
582 4530 594 4562 r
608 4520 731 4596 septem]
748 4529 778 4575 ut
791 4517 913 4576 diximus
927 4527 1035 4592 septeni
1051 4513 1082 4571 P.

661 4611 770 4684 ndu
