3076 5140
1129 303 1152 348 0

303 431 376 494 auo
720 413 980 490 MarttPtottt

276 599 557 692 achilochicam,
569 599 797 700 dactylicam,
811 599 1044 700 Sapphicam,
1058 597 1270 672 Simmiam:
1296 611 1415 672 tetra-

304 729 435 792 metraa
471 715 572 802 duas,
609 717 811 792 bucolicum
844 729 1103 804 tetrametram,
1132 717 1188 788 vel
1219 715 1413 788 heroicam

303 831 606 906 Anacreontiam:
643 831 824 905 trimetros
858 845 942 921 tres,
976 829 1232 919 hemidexiam,
1265 831 1414 930 Glyco-

304 949 415 1034 niam,
456 947 722 1021 Pherecratiam
758 948 899 1022 tertiam
935 947 1180 1020 trochaicam:
1230 945 1413 1020 dimetras

302 1077 385 1150 tres,
402 1061 604 1152 Adoneam,
623 1061 905 1162 Hymenaicam,
922 1061 1297 1162 penthemimericarn.
1333 1060 1413 1133 Sed

303 1177 484 1278 simplices
501 1175 547 1250 de
564 1177 620 1250 his
645 1175 773 1250 horum
799 1177 1046 1252 schematibus
1069 1203 1133 1278 per
1148 1178 1318 1276 exempla
1336 1191 1414 1250 tra-

301 1305 454 1366 ctemus.

274 1437 290 1484 s
680 1405 743 1478 De
760 1405 903 1482 ionico
921 1419 1047 1482 metro.

354 1523 556 1598 Hernicum
581 1533 735 1594 mctrum
765 1535 829 1596 uet
848 1523 1069 1621 Delphicum
1089 1537 1127 1597 et
1147 1521 1410 1621 Theologicum

303 1651 543 1738 nuncupatur.
595 1636 796 1710 Hernicum
824 1663 870 1711 ex
899 1639 1074 1726 Homero,
1099 1639 1161 1737 qui
1189 1637 1259 1710 hoc
1287 1651 1411 1726 metro

303 1754 451 1828 heroum
488 1752 582 1826 facta
616 1751 841 1850 composuit;
892 1751 1114 1854 Delphicum
1152 1754 1198 1826 ab
1231 1752 1410 1852 Apolline

301 1867 494 1966 Delphice,
512 1867 574 1964 qui
601 1865 739 1966 primus
763 1866 833 1940 hoc
858 1893 942 1940 usus
964 1880 1020 1941 est
1046 1881 1182 1952 metro3
1207 1863 1410 1964 'lheolngi-

301 2009 385 2058 cum
413 1982 459 2054 ab
485 1981 634 2080 Orpheo
662 1995 700 2056 et
731 1981 886 2070 Musaeo,
911 1983 973 2082 qui
1004 1983 1168 2058 Deorum
1199 1982 1407 2057 sacerdotes

275 2123 385 2178 icum
404 2109 534 2182 essent,
554 2097 710 2196 hymnos
732 2097 802 2171 hoc
821 2111 935 2170 metro
952 2099 1169 2173 cecinerunt
1222 2099 1309 2172 Hoc
1327 2124 1409 2170 me-

303 2227 398 2285 trum
423 2211 551 2311 recipit
574 2211 683 2312 pedes
708 2215 787 2300 hos,
805 2213 1018 2312 spondeum,
1044 2215 1242 2315 dactylum,
1267 2229 1305 2287 et
1331 2227 1409 2286 tro-

302 2327 457 2418 chaeum,
485 2327 547 2400 sed
575 2341 677 2400 sexto
700 2329 793 2414 loco,
815 2326 851 2400 id
875 2341 930 2402 est
955 2331 1160 2404 novissimo.
1212 2328 1407 2429 Spondeus

302 2441 413 2542 igitur
429 2455 465 2515 et
482 2441 647 2542 dactylus
664 2442 788 2517 variati
806 2443 945 2518 faciunt
961 2462 1117 2518 metrum
1144 2447 1275 2518 habere
1301 2445 1408 2518 sche-
1519 2509 1520 2518 ,

304 2569 401 2630 mata
418 2581 645 2655 xxx11,quae
663 2569 725 2630 aut
741 2559 919 2658 exemplis
941 2559 1157 2634 ⁰doctorum
1185 2573 1247 2634 aut
1272 2561 1405 2635 nostris

302 2671 525 2746 docebimus.

274 2859 289 2912 s
503 2837 568 2910 De
583 2837 775 2912 schematis
791 2839 927 2914 heroici
942 2843 1053 2914 metri
1068 2865 1196 2916 xxxu.

353 2951 723 3027 Monosctnnattstus
733 2953 934 3054 dactylides
955 2955 1097 3048 dicitur,
1114 2958 1176 3056 qui
1195 2983 1322 3030 omnes
1340 2985 1404 3058 pe-

302 3069 364 3142 des
382 3069 543 3168 quinque
561 3068 724 3168 dactylos
748 3069 869 3160 habet,
886 3071 985 3162 (nam
1006 3085 1128 3146 sextus
1154 3100 1218 3173 pes
1242 3100 1315 3146 non
1335 3101 1405 3148 nu-

302 3197 460 3259 meratur
477 3185 569 3260 inter
586 3185 796 3282 schemata,)
814 3185 917 3281 cujus
934 3187 1142 3289 exemplum
1163 3189 1233 3261 hoc
1249 3201 1325 3262 est:

430 3301 475 3365 At
489 3303 564 3366 tubo
578 3301 749 3366 terribilem
762 3301 900 3364 sonitum
913 3303 1027 3387 procul
1038 3323 1105 3367 ωτι
1118 3325 1242 3368 canoro.

274 3419 290 3470 ⁶
354 3405 720 3485 Monoschematistus
744 3411 1025 3508 Papondeadeus,
1042 3438 1127 3485 cum
1152 3413 1312 3510 quinque
1340 3439 1405 3512 pe-

301 3519 408 3593 dihus
425 3521 593 3619 spondeis
612 3549 733 3596 versus
750 3525 858 3598 fuerit
875 3529 1108 3626 compositus,
1129 3542 1181 3618 ut,

431 3633 659 3722 mutumque
671 3657 753 3703 auro
766 3643 945 3728 sucpccerit
961 3645 1091 3707 Oriorm.

276 3764 289 3818 t
353 3741 719 3820 ‘lPentascltemntiati
735 3749 909 3848 dactylici
925 3755 1019 3826 liunt
1033 3751 1149 3826 modis
1162 3753 1334 3850 quinque.
1361 3753 1401 3825 Si

303 3859 440 3957 primus
459 3859 505 3933 ait
523 3859 699 3960 dactylus,
717 3867 823 3938 ceteri
842 3881 1013 3966 quattuor
1030 3866 1191 3968 spondei,
1209 3881 1251 3941 ut
1267 3867 1402 3941 Lucre-

302 3973 373 4046 tius
390 3975 482 4048 libro
498 3975 628 4050 tertio:

432 4089 558 4155 himine
570 4093 626 4178 qui
628 4093 734 4178 finem
749 4097 921 4182 vitaeficit.

301 4196 352 4270 Et
369 4197 428 4271 ille
445 4199 600 4300 Virgilii,

343 4381 358 4412 ¹²
372 4371 448 4450 quod
462 4373 504 4447 et]
522 4377 594 4448 quod
607 4395 665 4436 om.
684 4377 717 4435 1..
803 4381 996 4458 ⁰doctonrm]
1012 4383 1224 4444 sichelech
1239 4385 1398 4443 Putachius.
1515 4349 1516 4355 i

300 4451 541 4528 espondesdeus]
559 4454 606 4515 Sic
618 4457 654 4518 L.
668 4461 830 4533 mnndoicus
843 4461 1003 4522 Putsehius.
1106 4475 1122 4520 u
1136 4465 1400 4544 pentascbemstisti

301 4530 445 4609 dactylici]
460 4537 733 4607 pentaschcmotistua
745 4541 849 4612 dactyli
863 4541 899 4597 1..
