3012 5084
304 393 348 466 16
685 389 805 464 Marii
825 388 1010 464 Victorini
1282 405 1367 462 ιω.
1390 415 1423 464 ι.

255 607 288 656 44
299 576 447 676 possim.
477 575 651 648 Attamen
666 574 730 647 has
747 574 855 648 etiam
876 599 993 662 voces,
1010 581 1091 671 quse
1108 599 1133 645 n
1151 573 1272 672 potius
1289 601 1419 672 quam

300 717 321 764 o
347 703 487 779 sonant,
509 717 574 790 per
595 689 668 762 duo
687 699 713 762 'n
734 689 890 778 scribite,
916 703 968 774 ut,
992 689 1112 778 vulno,
1138 687 1273 778 onlbss,
1295 700 1334 760 et
1362 687 1422 760 si-

301 807 412 890 milia,
439 805 542 880 sicuti
570 806 646 879 sine
672 805 745 879 ulla
767 804 993 878 dubitatione
1023 831 1087 905 per
1115 817 1174 876 ¹²“n
1201 817 1238 876 et
1266 829 1299 893 o,
1321 807 1417 902 quen

301 931 454 994 ¹¹sonant
470 923 531 1010 ita,
549 920 601 994 uti
618 919 742 1010 voluit,
758 920 871 1006 volvo,
887 920 1044 1006 volutus,
1061 919 1296 994 convolutus.-
1316 923 1414 992 nam

302 1037 419 1110 littera
432 1062 457 1108 n
470 1036 603 1108 vocalis
616 1051 681 1120 est,
694 1036 787 1110 sicut
804 1061 827 1108 o
845 1060 865 1108 s
880 1036 895 1107 i
911 1061 943 1122 o,
962 1036 1023 1108 sed
1036 1035 1162 1108 eadem
1177 1035 1294 1109 vicem
1308 1035 1414 1108 obti-

302 1165 366 1225 net
382 1150 631 1224 consonantis:
658 1149 760 1245 cujus
777 1150 965 1249 potestatis
983 1165 1107 1224 notam
1126 1151 1246 1224 Graeci
1268 1151 1411 1224 babent

303 1268 388 1353 ΜΡ,
413 1267 522 1340 nostri
551 1280 642 1341 ουαιι
667 1279 808 1355 vocant,
832 1281 869 1340 et
894 1267 953 1340 alii
977 1267 1181 1366 digamma:
1208 1293 1250 1339 ea
1275 1293 1340 1366 per
1366 1292 1411 1338 se

303 1383 435 1482 scripta
452 1409 524 1456 non
541 1381 628 1460 facit
654 1381 842 1480 syllabam,
858 1383 1060 1483 anteposita
1077 1397 1199 1456 autem
1217 1381 1332 1454 vocali
1351 1381 1410 1454 fa-

258 1533 289 1585 45
303 1499 364 1588 cit,
380 1514 422 1573 ut
447 1502 596 1594 trinnio,
613 1497 784 1587 κκηβόλος,
802 1511 839 1570 et
862 1499 970 1588 tettan.
1023 1497 1101 1571 Nos
1122 1524 1217 1586 vero,
1239 1497 1301 1594 qui
1328 1521 1407 1568 non

304 1613 479 1687 babemus
498 1612 605 1708 hujus
623 1612 720 1686 vocis
738 1637 871 1684 nomen
896 1627 957 1685 aut
976 1625 1111 1701 notam,
1129 1613 1166 1685 in
1184 1612 1262 1708 ejus
1280 1612 1403 1684 locum

303 1728 469 1826 quotiens
493 1739 569 1800 'una
594 1727 725 1800 vocalis
748 1727 912 1826 pluresve
925 1729 1065 1824 junctae
1088 1755 1196 1802 unam
1224 1727 1403 1827 syllabam

303 1843 452 1933 faciunt,
470 1841 721 1916 substituimus
739 1868 764 1915 n
782 1843 942 1916 literam:
969 1871 1052 1917 nam
1072 1844 1203 1916 vocalis
1229 1845 1328 1916 nulla
1345 1843 1404 1915 bis

304 1959 428 2033 eadem
455 1958 572 2058 posita
592 1957 679 2031 facit
703 1985 815 2031 unam
834 1960 1024 2058 syllabam,
1040 1961 1220 2051 ossidnscs,
1237 1961 1404 2058 stignus,

260 2091 292 2152 46
308 2075 490 2164 Laocoon,
504 2074 681 2163 tribuunt,
697 2083 876 2164 statuunt,
892 2089 929 2148 et
946 2076 1086 2150 similia.
1137 2077 1188 2148 At
1205 2101 1290 2149 cum
1312 2074 1405 2174 pris-

305 2193 451 2292 ponitur
475 2191 602 2280 vocali,
620 2203 707 2264 tunc
733 2189 909 2288 accipitur
931 2217 996 2290 pro
1019 2190 1264 2276 aconsonanti,
1286 2204 1325 2262 ut
1347 2203 1405 2261 est

306 2308 449 2407 unguis,
466 2307 658 2406 extinguit,
676 2305 815 2404 lingna,
827 2305 968 2403 peluis:
996 2307 1051 2380 rin
1069 2307 1176 2381 uvido
1192 2306 1289 2378 enim
1307 2304 1405 2404 prior

306 2450 331 2495 n
357 2422 488 2494 vocalis
512 2433 577 2510 est,
602 2447 756 2518 sequens
784 2420 842 2493 cui
871 2422 1049 2519 'subjecta
1075 2436 1130 2495 est
1155 2423 1169 2496 i
1193 2445 1403 2496 consonans.

262 2561 293 2614 st
306 2537 374 2610 Est
399 2549 568 2635 praeterea
594 2535 755 2632 ejusdem
782 2537 968 2633 potestatis
985 2537 1022 2608 i:
1048 2537 1231 2610 vocalibus
1258 2547 1406 2634 antepo-

307 2653 374 2724 sita
400 2651 629 2723 consonantis
656 2649 767 2722 habet
791 2651 921 2739 vicem,
938 2665 974 2724 et
997 2651 1157 2746 subjecta
1179 2651 1256 2724 ‘olii
1280 2675 1406 2722 conso-

262 2797 294 2857 4s
308 2766 407 2841 nanti
437 2766 568 2839 vocalis
594 2779 659 2838 est.
713 2764 941 2839 Hesternum
971 2765 1145 2866 producta
1172 2766 1241 2840 dici
1276 2765 1403 2838 debet:

307 2908 416 2954 nemo
432 2881 528 2955 enim
548 2896 614 2966 est,
631 2881 692 2979 qui
713 2880 844 2954 Latine
868 2882 976 2954 modo
993 2882 1080 2955 sciat
1097 2881 1209 2979 loqui,
1225 2881 1288 2978 qui
1306 2881 1406 2954 aliter

263 3040 295 3090 n
308 3025 417 3096 quam
431 2998 606 3098 producta
620 2999 758 3098 syllaba
771 2998 976 3072 bestnnnm
986 2995 1125 3070 dixerit.
1153 2996 1259 3069 Dens
1271 3011 1335 3084 est,
1348 2996 1406 3068 in-

309 3140 431 3210 quam,
448 3128 489 3187 ut
504 3141 599 3204 rens,
617 3128 654 3188 et
678 3115 766 3188 lacit
791 3114 949 3212 genitivo
966 3138 1050 3185 casu
1067 3112 1137 3199 dci,
1156 3127 1195 3186 ut
1220 3113 1286 3186 rei.
1328 3113 1406 3185 No-

309 3229 483 3300 minativo
509 3229 618 3326 igitur
643 3229 771 3328 plurali
799 3228 859 3302 'iti
884 3228 943 3302 dei
968 3227 1085 3327 potius
1113 3253 1222 3325 quam
1248 3227 1309 3300 dii.
1359 3227 1404 3299 ln

296 3340 430 3445 foscio
446 3343 522 3414 sine
547 3354 684 3414 wcausa
702 3343 880 3438 adjecistis
905 3343 1056 3442 apicem,
1073 3344 1158 3441 quia
1170 3341 1302 3443 foscia
1318 3341 1406 3415 dici-

352 3571 591 3646 mvo]nstoP.
678 3571 1102 3648 nsonantita]itasonuntita
1115 3574 1146 3631 P.
1247 3571 1406 3646 ⁰¹¹FJiP.

312 3679 327 3714 ⁰
341 3669 411 3743 vau]
428 3671 485 3744 quis
498 3667 528 3724 P.
611 3677 627 3722 Ρ
641 3679 672 3724 ιιι
685 3665 802 3742 ta'paia]
817 3679 849 3725 nt
862 3668 946 3726 fama.
960 3656 1059 3750 hse'pza
1073 3671 1105 3728 P.
1136 3671 1178 3729 N.
1190 3671 1225 3728 B.
1240 3669 1305 3728 huie
1318 3668 1406 3727 versui

313 3750 341 3808 in
363 3767 451 3828 marg.
466 3748 617 3826 apponitur
630 3747 777 3816 obelus-,
792 3747 919 3806 indicans
933 3762 966 3807 ut
979 3764 1048 3829 puto
1063 3769 1185 3809 errorem
1207 3749 1325 3826 aliquem
1339 3749 1406 3807 snb·

312 3849 382 3888 esse.
514 3838 530 3882 (t
543 3831 732 3904 consonante]
750 3829 919 3888 consonanti
934 3831 964 3888 P.
1097 3829 1152 3888 rin
1166 3829 1263 3906 uvido]
1281 3829 1361 3887 uvido
1373 3831 1406 3889 P.

313 3907 480 3986 ¹subjecta]
505 3905 663 3982 subjectum
685 3909 716 3967 P.
859 3909 977 3985 taltari]
995 3909 1042 3968 alii
1063 3911 1095 3970 P.
1238 3921 1254 3952 V
1267 3909 1318 3984 bii]
1333 3907 1360 3966 bi
1373 3909 1406 3968 P.

313 4001 334 4032 '¹
347 3990 461 4064 caussa]
478 4008 562 4048 causa
575 3989 606 4046 P.

354 4207 392 4270 45
418 4195 457 4269 F]
480 4199 493 4252 t
515 4192 678 4272 accipienda
698 4205 768 4252 nota
788 4194 841 4253 du·
882 4215 935 4253 mae
958 4193 1059 4253 vocalis
1086 4213 1199 4262 sonum,
1228 4215 1285 4252 non
1313 4179 1408 4272 primo}¹

314 4273 394 4354 plicis
406 4301 433 4349 γ,
448 4286 482 4332 ut
493 4273 578 4332 etiam
600 4292 705 4332 nonsen
724 4275 840 4342 indicat,
882 4275 995 4354 syllabas
1023 4289 1123 4334 tonum
1148 4273 1288 4354 intelligit.
1321 4273 1408 4332 Jubet

314 4359 432 4430 δίγαμμα
458 4353 535 4412 enim
564 4353 708 4413 AEolicum
730 4353 841 4414 dicitur.
884 4357 1072 4433 pronunciare
1092 4357 1203 4432 ἦστέριν
1223 4375 1280 4412 non
1294 4355 1407 4430 tenipus.

315 4435 465 4494 CAMER.
882 4436 1142 4495 TERHAERIUS.

356 4517 394 4590 48
417 4515 591 4574 Hesternum
609 4515 758 4591 products]
781 4516 843 4573 Pri.
