3076 5140
285 381 352 460 178
669 363 789 439 Marii
808 365 985 440 Wclorini
1227 385 1302 438 me.
1322 387 1382 436 ur.

332 552 458 651 lnquit
474 551 613 624 amicus
631 576 723 651 ager
740 549 895 636 domino,
913 549 1004 622 Sere
1015 547 1191 646 plurimo,
1208 547 1370 622 reddam.

333 667 376 740 Si
393 668 480 740 berre
496 664 694 766 miserias,
712 665 859 738 memini
876 664 943 737 tili
957 663 1096 738 soluere
1109 673 1250 762 grates.

333 783 457 857 Audio
474 781 692 856 cauliculum
709 779 875 879 Zephyri
890 778 1099 854 modulante
1113 803 1278 852 surum.

283 898 340 972 lta
364 923 428 996 per
452 895 688 992 adjectionem
714 895 846 968 residui
872 895 1064 967 commatis
1091 894 1220 966 herous
1245 893 1385 986 integer

282 1011 429 1085 effectus
447 1027 512 1084 est.

254 1158 270 1206 9
335 1125 428 1199 Item
448 1151 491 1198 ex
509 1125 625 1199 tribus
643 1123 807 1222 dactylis,
821 1122 1013 1196 accedente
1031 1121 1075 1195 ad
1094 1123 1266 1196 extimam
1286 1123 1386 1195 clau-

284 1241 398 1314 sulam
429 1239 639 1339 pyrrhichio
666 1265 728 1312 seu
764 1239 897 1326 iambo,
932 1239 1033 1336 lyrici
1063 1263 1185 1311 versus
1213 1251 1385 1323 metrum,

283 1355 378 1454 quod
398 1355 514 1428 Grseci
540 1354 753 1427 ‘Calabrion
780 1355 975 1452 appellant,
992 1352 1255 1436 informabitur,
1282 1378 1387 1425 usur-

283 1486 408 1570 patum
428 1498 448 1544 a
466 1469 668 1568 pastoribus
687 1469 861 1555 Calabris,
875 1469 938 1566 qui
955 1468 1144 1542 decantare
1161 1495 1216 1542 res
1234 1467 1385 1540 msticas

285 1587 340 1660 his
358 1585 474 1658 verbis
492 1586 619 1668 solent,
633 1583 730 1681 quod
749 1609 863 1682 genus
881 1585 985 1658 metri
1000 1583 1188 1658 Annianus
1202 1583 1384 1656 Faliscum

285 1727 428 1774 carmen
448 1700 620 1787 inscribit,
639 1715 839 1796 tamquam,

438 1813 616 1888 Camino
629 1813 838 1911 pervarias
855 1814 945 1886 dare
961 1815 1091 1889 modos.

244 1965 273 2000 to
287 1931 342 2003 Ut
356 1943 410 2002 est
428 1929 517 2002 illud
537 1929 632 2028 apud
651 1929 869 2028 Septimium
889 1929 1076 2018 Serenum,

440 2043 770 2146 Quondostogello
787 2043 896 2142 ligas,
912 2045 968 2116 ilo
985 2043 1076 2144 liga,

440 2159 537 2232 Vuis
555 2171 590 2233 et
606 2159 726 2232 ulmus
742 2159 799 2231 uti
815 2157 927 2231 simol
941 2169 1036 2232 conl.

287 2273 417 2346 Ferme
434 2299 560 2344 omnes
578 2273 713 2371 dactyli
740 2287 837 2360 sunt,
855 2273 984 2346 ultimo
1000 2272 1177 2371 disyllabo
1194 2273 1389 2347 accedente

287 2387 448 2486 quolibet
466 2402 618 2485 excepto
636 2387 807 2487 spondeo,
821 2387 917 2484 quod
936 2414 1049 2486 genus
1067 2403 1165 2460 etex
1183 2389 1390 2487 penthemi-

288 2529 385 2576 mere
408 2516 507 2574 tome
528 2500 673 2574 formari
698 2501 849 2600 poterit:
875 2501 926 2576 ita
948 2517 989 2576 ut
1010 2503 1151 2576 duobus
1173 2503 1327 2602 dactylis
1350 2519 1388 2576 et

287 2615 470 2715 semipede
496 2631 632 2714 partem
653 2615 846 2690 '’orationis
870 2616 1106 2716 implentibus
1124 2618 1265 2692 residua
1283 2620 1387 2692 metri

288 2731 406 2830 portio
429 2731 571 2805 duobus
599 2731 796 2832 disyllabis,
822 2733 859 2806 id
883 2746 938 2806 est
961 2735 1171 2834 pyrrhichio
1194 2750 1230 2808 et
1253 2736 1388 2821 iambo,

289 2847 514 2932 terminetur,
534 2859 586 2936 ut,

337 3017 339 3022 .
443 2963 542 3036 Velis
559 2973 595 3037 et
611 2963 731 3037 ulmus
747 2967 823 3038 cuti
839 2966 951 3039 simul
967 2978 1062 3042 eant.

249 3113 274 3146 ιι
289 3077 452 3174 Adoeque
475 3077 541 3150 der
560 3091 730 3174 quattuor
748 3079 865 3154 herois
883 3097 919 3155 et
937 3081 1119 3181 semipede
1137 3081 1391 3156 accedentibus

290 3192 431 3265 duobus
449 3192 493 3264 ad
513 3195 623 3266 finem
642 3219 763 3268 versus
784 3195 924 3287 iambis,
941 3198 1216 3272 Archilochium
1236 3213 1389 3272 metrum

290 3309 545 3406 procreabitur,
564 3323 686 3398 otest,

392 3421 585 3497 eVelivolis
595 3436 776 3521 properat
792 3425 986 3524 multisque
1003 3428 1153 3527 citioyue
1169 3429 1331 3504 nauibus.

293 3537 401 3618 Quod
441 3537 469 3610 si
509 3564 575 3636 pro
605 3539 758 3612 novibus
793 3542 928 3614 camnis
961 3544 1133 3641 posueris,
1167 3547 1230 3618 fiet
1264 3545 1393 3617 herous

296 3653 513 3726 hexameter.

336 3809 530 3886 ⁸Celebrion]
547 3809 702 3870 Colobrion
719 3813 750 3870 P.
774 3833 798 3870 r.
812 3815 929 3874 Santen.
939 3815 1004 3873 Ter.
1014 3815 1108 3874 Maur.
1124 3835 1151 3892 p.
1161 3833 1230 3890 333.
1251 3817 1324 3876 Mox
1339 3819 1395 3876 aa·

295 3889 396 3949 liscum
413 3891 443 3950 P.
466 3889 626 3950 Phaliscum
642 3891 706 3949 edd.
806 3889 821 3935 ὓ
836 3893 984 3970 orationis]
1002 3895 1176 3954 orationibus
1192 3898 1222 3954 P.
1317 3899 1392 3974 οιιι]

296 3983 325 4029 et
339 3971 369 4028 P.
468 3967 483 4013 ‘¹
497 3985 526 4030 et
539 3973 672 4050 quatuor]
690 3992 722 4030 er
737 3984 872 4050 quattuor
886 3975 917 4031 P.
1022 3985 1035 4017 θ
1049 3976 1393 4056 velivolis-multisque]

295 4065 324 4110 et
339 4051 602 4110 velivolis-multis
616 4053 647 4110 P.

337 4189 366 4246 9.
381 4175 542 4248 Annianus]
561 4175 740 4232 Terentianus
750 4180 825 4254 conj.
914 4195 957 4234 10.
986 4179 1103 4242 Quando
1113 4179 1234 4256 flogella
1260 4184 1329 4254 ligor
1356 4183 1397 4238 ito

298 4251 446 4310 Fabricius
459 4251 534 4312 Bibl.
545 4254 608 4312 Lat.
618 4255 669 4312 IV.
680 4275 708 4328 4,
720 4274 746 4329 3.
771 4257 825 4313 Sed
867 4258 937 4330 ligo]
950 4257 1032 4335 Apud
1041 4257 1244 4318 Terentianum
1257 4263 1294 4335 (v.
1304 4263 1395 4330 2001)

297 4333 639 4411 Annianumproauctore
649 4335 824 4394 Faliscorum
861 4335 947 4411 jugae
970 4353 1001 4394 et
1019 4337 1102 4412 jugo.
1144 4341 1184 4397 Et
1213 4361 1279 4400 mor
1307 4341 1397 4399 scribe

296 4411 453 4472 carminum
477 4415 826 4474 habendumessestotnit
866 4416 977 4484 iterum,
1006 4421 1069 4476 citis
1096 4427 1124 4478 et
1153 4423 1242 4478 ulmus
1273 4425 1315 4479 uti
1335 4435 1395 4481 etc.

298 4491 475 4630 Wgrngsdorl.
487 4496 567 4554 Poet.
579 4494 642 4554 bat.
650 4495 721 4554 Min.
728 4497 763 4556 T.
771 4497 824 4554 IV.
866 4497 1016 4555 CAMER.

296 4591 325 4650 p.
360 4589 371 4630 1
398 4615 404 4630 .
