3012 5084
136 334 250 394 ems.
569 321 634 394 De
649 321 810 398 Litteris.
1209 341 1230 402 n

44 508 47 535 ⁸
129 531 183 602 pu
200 533 291 602 quas
307 507 434 580 etiam
463 508 817 606 separatsssyllnbas
838 507 936 582 ¹'lies-i
961 511 1100 584 volunt.
1140 511 1235 586 Sunt
1252 541 1280 590 ιε

126 643 231 692 entem
250 648 421 694 numero
440 647 522 710 sex,
538 647 563 694 u
580 648 600 695 e
616 623 631 694 i
646 649 668 696 o
684 650 708 696 u
721 650 760 722 y.
814 623 954 698 Harum
983 626 1082 700 nulls
1107 643 1235 702 natum

124 737 226 808 tinen
241 738 364 836 longa
384 753 452 810 aut
473 739 591 810 brevis
608 753 683 812 est:
710 738 770 812 sed
788 765 914 812 omnes
932 767 1004 812 uuo
1024 741 1143 816 modo.
1194 743 1231 816 Si

120 853 357 952 mmlpiantur
387 856 530 940 breves,
554 855 582 926 ei
617 853 861 952 producuntur
886 855 1003 952 longae
1033 874 1128 930 sunt.
1179 859 1234 932 Ac
1250 879 1280 928 nt

117 971 294 1068 precipue
314 997 338 1044 e
366 985 406 1042 et
422 997 447 1042 o
469 996 553 1066 quoe
571 967 743 1070 bisontica
757 970 938 1058 dicuntur,
954 973 1039 1070 quia
1056 1000 1123 1072 pro
1141 973 1233 1046 binis

115 1085 240 1156 Grais
271 1085 385 1186 apud
412 1111 483 1158 noe
514 1101 706 1183 ponuntur.
759 1085 926 1160 Residuae
953 1103 1076 1162 autem
1109 1089 1233 1162 tinem

114 1199 1234 1304 omnesconsonantessuntxv11‚bcdsglslslmnpqr

114 1325 251 1390 stae.
310 1321 393 1391 11ae
423 1317 636 1392 dividuntur
663 1319 699 1392 iu
729 1335 846 1417 partes
877 1317 988 1394 duas:
1027 1320 1105 1394 uia
1134 1319 1277 1406 enimn
1405 1391 1408 1396 ,

113 1447 191 1504 amt
216 1434 485 1520 semivocales,
511 1433 589 1506 aliae
612 1447 734 1506 mutae.
778 1434 1021 1510 Semivueules
1046 1451 1131 1510 sunt
1153 1461 1232 1532 quse

110 1563 247 1642 putem
267 1549 469 1646 quandum
490 1549 587 1622 vocis
604 1549 793 1648 incipiunt,
811 1549 873 1622 sed
891 1550 1045 1650 implere
1062 1577 1135 1624 non
1154 1577 1233 1648 pos-

111 1680 206 1748 sunt,
223 1681 266 1736 et
285 1687 381 1738 sunt
399 1661 558 1764 v1u‚sl
571 1691 607 1737 m
624 1691 648 1736 n
665 1689 811 1738 raaz.
837 1665 897 1738 Ex
916 1666 971 1740 bis
990 1667 1233 1740 immutabiles
1249 1699 1277 1746 ss

111 1799 147 1848 nt
165 1779 182 1850 l
199 1807 238 1852 ιι
258 1809 289 1854 aa
306 1809 332 1854 r
349 1781 459 1854 dictae
477 1796 573 1870 sunt,
588 1781 675 1877 quia
695 1779 730 1852 in
756 1779 964 1854 masculinis
988 1796 1025 1854 ct
1050 1781 1232 1856 femininis

112 1897 334 1970 nominibus
352 1923 420 1996 pes·
436 1896 701 1970 nominativum
720 1921 843 1970 casum
866 1896 991 1995 positae
1009 1895 1045 1968 in
1063 1895 1232 1970 omnibus

113 2007 430 2086 declinationibus
448 2028 598 2086 manent
616 2039 683 2100 nec
701 2025 896 2084 mutantur.
943 2009 1091 2084 Eaedem
1110 2027 1230 2086 nutem
1248 2049 1277 2098 ις

115 2124 263 2222 liquida:
284 2129 476 2215 dicuntur,
493 2127 637 2226 quando
664 2129 719 2202 hae
745 2129 828 2200 solae
855 2127 948 2202 iuter
973 2145 1231 2204 consonantem

117 2259 150 2313 et
169 2247 342 2318 vocalem
372 2245 547 2318 immissae
571 2271 643 2318 non
666 2269 831 2342 asperum
860 2269 989 2318 sonum
1016 2243 1166 2332 faciunt,
1191 2257 1233 2317 ut

117 2359 271 2452 clamor,
291 2361 457 2450 Tmolus,
485 2361 619 2450 consul,
638 2357 783 2448 Africa.
836 2357 929 2432 Item
949 2383 994 2432 ex
1021 2356 1151 2432 ¹isdem
1179 2385 1232 2430 se·
1247 2405 1278 2444 ,ο

121 2475 364 2550 mieocalibus
384 2476 547 2574 duplices
571 2491 657 2548 sunt
680 2474 774 2558 duae,
790 2500 816 2546 a
832 2488 869 2546 et
886 2500 932 2546 z:
960 2473 1111 2572 singulae
1132 2473 1229 2548 enim

123 2587 158 2661 iu
186 2593 340 2666 metrica
366 2593 506 2664 ratione
531 2617 596 2690 pso
622 2591 763 2664 duabus
790 2591 1071 2662 consonantibus
1102 2589 1233 2662 valent.

128 2703 294 2782 Residuae
319 2707 593 2782 semivocalium
622 2723 706 2778 sunt
709 2703 750 2805 f
756 2719 795 2778 et
813 2731 843 2778 s.
893 2704 952 2778 Ex
969 2705 1102 2802 quibus
1106 2703 1148 2806 f
1155 2704 1234 2804 qui·
1247 2747 1274 2783 st

131 2818 208 2894 dam
226 2838 388 2896 errantes
406 2821 589 2920 duplicem
608 2821 734 2894 dicunt
750 2820 846 2918 quod
865 2847 909 2894 ex
930 2835 1010 2917 pet
1036 2821 1060 2894 n
1085 2847 1234 2919 compo·

131 2936 194 3008 site
209 2939 386 3010 videatur.
439 2935 509 3008 Sed
527 2935 672 3034 quando
698 2937 733 3008 in
762 2935 913 3033 pedibus
936 2935 1086 3010 duarum
1107 2961 1276 3016 conso-n

132 3055 287 3126 nantium
308 3055 483 3125 virtutem
504 3078 576 3124 non
596 3051 716 3142 habet,
732 3050 868 3150 duplex
882 3078 953 3124 nun
971 3065 1037 3125 eat
1065 3051 1230 3124 Seutem

131 3167 434 3269 vocaturfueilis,
452 3168 597 3266 quando
614 3167 778 3267 plurimis
804 3167 1081 3242 consonantium
1102 3167 1232 3265 juncta

133 3282 168 3355 in
186 3286 404 3382 syllabarum
424 3311 512 3358 sonu
531 3283 712 3358 miscetur.
755 3282 873 3356 Muto
890 3298 1070 3383 suntquae
1096 3285 1231 3357 nullius
1245 3321 1275 3368 η

132 3401 222 3472 vocis
238 3427 371 3472 sonum
393 3399 584 3496 separatim
602 3399 753 3487 faciunt,
764 3413 800 3470 et
814 3411 899 3472 sunt
913 3399 1087 3490 novem‚b
1105 3426 1124 3472 c
1142 3398 1232 3498 dig

132 3511 190 3586 ll
199 3543 266 3614 pq
286 3525 315 3586 t.
367 3513 427 3585 Ex
448 3515 501 3585 his
519 3514 544 3585 ls
561 3527 707 3588 vocatur
724 3511 885 3612 infirma,
902 3516 988 3612 quia
1008 3515 1044 3588 in
1074 3514 1231 3590 metricis

132 3631 340 3728 plerumque
365 3627 573 3728 despicitur,
591 3657 658 3704 ncc
675 3631 905 3704 consonantis
923 3645 1021 3704 tenet
1040 3631 1173 3719 lucum,
1191 3643 1231 3704 ut

131 3772 233 3819 sauss
251 3743 434 3833 Achilles,
451 3771 531 3843 quae
549 3744 682 3818 idcirco
700 3745 750 3820 sic
776 3759 842 3834 eet,
860 3745 944 3843 quia
967 3773 987 3819 c
1010 3759 1048 3820 et
1074 3745 1098 3818 Ιι
1124 3745 1231 3818 unius

130 3861 358 3936 consonantis
376 3861 512 3936 Graecae
531 3863 611 3936 loco
631 3862 802 3936 babetur:
830 3861 990 3936 lentem
1011 3862 1144 3936 dicitur
1159 3889 1231 3935 mo·

129 4059 211 4121 hlieri
225 4063 380 4142 contingit.
416 4066 616 4122 Consonantea
630 4085 691 4142 quas
706 4084 783 4122 nunc
804 4073 964 4144 propositio
978 4084 1054 4123 nunc
1073 4067 1230 4144 subjuncta·

129 4145 268 4202 voedibtm
281 4157 451 4202 consonant.
472 4145 575 4214 Μυῖα,
584 4165 647 4222 qum
660 4165 751 4223 noque
765 4145 882 4222 proferri
896 4165 945 4222 per
955 4165 986 4202 se
997 4159 1125 4222 possum,
1140 4166 1231 4224 neque

129 4225 258 4300 syllabam
276 4225 382 4299 lacere]
403 4227 447 4282 lta
459 4227 524 4284 edd.
551 4227 651 4304 Longe
665 4226 791 4284 auctiore
805 4226 906 4284 domm
918 4246 952 4283 ex
967 4227 999 4284 P.
1020 4227 1231 4286 Tamtulimus

130 4319 218 4362 antem
236 4317 325 4383 caput
343 4309 378 4362 de
402 4307 599 4365 Ennatiutioue
621 4309 800 4374 litterarum,
823 4325 888 4364 cnm
911 4308 944 4364 P.
965 4319 1031 4383 post
1048 4327 1110 4384 cap.
1126 4309 1160 4364 V.
1184 4311 1232 4366 De

131 4385 252 4457 n'yllobu.
341 4383 474 4445 ihisdem
490 4387 522 4446 P.
610 4385 628 4430 ¹¹
640 4389 674 4464 g]
690 4389 781 4446 Deest
794 4388 825 4445 P.
840 4385 889 4464 qui
904 4406 969 4444 mox
984 4396 1065 4464 qiu,
1081 4408 1146 4446 cum
1162 4401 1231 4446 nota

169 4485 196 4524 m
211 4487 299 4546 marg.
