<?xml version="1.0" encoding="UTF-8"?>
<!DOCTYPE html PUBLIC "-//W3C//DTD XHTML 1.0 Transitional//EN"
    "http://www.w3.org/TR/xhtml1/DTD/xhtml1-transitional.dtd">
<html xmlns="http://www.w3.org/1999/xhtml" xml:lang="en" lang="en">
 <head>
  <title>
</title>
<meta http-equiv="Content-Type" content="text/html;charset=utf-8" />
  <meta name='ocr-system' content='tesseract 3.04.00' />
  <meta name='ocr-capabilities' content='ocr_page ocr_carea ocr_par ocr_line ocrx_word'/>
</head>
<body>
  <div class='ocr_page' id='page_1' title='image "./scriptoreslatin00gaisgoog_0287.png"; bbox 0 0 3100 5142; ppageno 0'>
   <div class='ocr_carea' id='block_1_1' title="bbox 125 395 1233 498">
    <p class='ocr_par' dir='ltr' id='par_1_1' title="bbox 125 395 1233 498">
     <span class='ocr_line' id='line_1_1' title="bbox 125 395 1233 498; baseline 0.005 -30"><span class='ocrx_word' id='word_1_1' title='bbox 125 417 223 468; x_wconf 73' lang='lat' dir='ltr'><strong>car.</strong></span> <span class='ocrx_word' id='word_1_2' title='bbox 237 411 272 470; x_wconf 81' lang='grc'><strong>4.</strong></span> <span class='ocrx_word' id='word_1_3' title='bbox 299 395 364 469; x_wconf 91' lang='lat' dir='ltr'><strong>De</strong></span> <span class='ocrx_word' id='word_1_4' title='bbox 381 395 539 470; x_wconf 78' lang='lat' dir='ltr'><strong>iambico</strong></span> <span class='ocrx_word' id='word_1_5' title='bbox 555 405 671 470; x_wconf 84' lang='lat' dir='ltr'><strong>metro</strong></span> <span class='ocrx_word' id='word_1_6' title='bbox 688 407 724 471; x_wconf 85' lang='lat' dir='ltr'><strong>ct</strong></span> <span class='ocrx_word' id='word_1_7' title='bbox 741 395 819 498; x_wconf 75' lang='lat' dir='ltr'><strong>ejus</strong></span> <span class='ocrx_word' id='word_1_8' title='bbox 833 397 1014 496; x_wconf 71' lang='lat' dir='ltr'><strong><em>speciebus</em></strong></span> <span class='ocrx_word' id='word_1_9' title='bbox 1032 397 1092 498; x_wconf 66' lang='lat' dir='ltr'><strong>bra.</strong></span> <span class='ocrx_word' id='word_1_10' title='bbox 1161 397 1233 492; x_wconf 80' lang='lat'><strong>269</strong></span> 
     </span>
    </p>
   </div>
   <div class='ocr_carea' id='block_1_2' title="bbox 18 581 1262 687">
    <p class='ocr_par' dir='ltr' id='par_1_2' title="bbox 18 581 1262 687">
     <span class='ocr_line' id='line_1_2' title="bbox 18 581 1262 687; baseline 0.003 -33"><span class='ocrx_word' id='word_1_11' title='bbox 18 645 27 654; x_wconf 87' lang='lat'><strong>.</strong></span> <span class='ocrx_word' id='word_1_12' title='bbox 127 595 249 654; x_wconf 88' lang='lat' dir='ltr'><strong>stum.</strong></span> <span class='ocrx_word' id='word_1_13' title='bbox 301 581 363 657; x_wconf 85' lang='lat' dir='ltr'><strong>Sic</strong></span> <span class='ocrx_word' id='word_1_14' title='bbox 388 581 562 658; x_wconf 81' lang='lat' dir='ltr'><strong>Horatius</strong></span> <span class='ocrx_word' id='word_1_15' title='bbox 579 582 625 658; x_wconf 89' lang='lat' dir='ltr'><strong>de</strong></span> <span class='ocrx_word' id='word_1_16' title='bbox 641 583 729 657; x_wconf 84' lang='lat' dir='ltr'><strong>Arte</strong></span> <span class='ocrx_word' id='word_1_17' title='bbox 750 583 895 658; x_wconf 89' lang='lat' dir='ltr'><strong>Poetica</strong></span> <span class='ocrx_word' id='word_1_18' title='bbox 910 599 1055 687; x_wconf 91' lang='lat' dir='ltr'><strong>propter</strong></span> <span class='ocrx_word' id='word_1_19' title='bbox 1071 585 1231 660; x_wconf 86' lang='lat' dir='ltr'><strong>iambum</strong></span> <span class='ocrx_word' id='word_1_20' title='bbox 1245 607 1262 658; x_wconf 80' lang='lat' dir='ltr'><strong>a</strong></span> 
     </span>
    </p>
   </div>
   <div class='ocr_carea' id='block_1_3' title="bbox 16 695 284 795">
    <p class='ocr_par' dir='ltr' id='par_1_3' title="bbox 16 695 284 795">
     <span class='ocr_line' id='line_1_3' title="bbox 16 695 284 795; baseline -0.004 -24"><span class='ocrx_word' id='word_1_21' title='bbox 16 744 24 771; x_wconf 79' lang='lat'><strong>.-</strong></span> <span class='ocrx_word' id='word_1_22' title='bbox 126 695 284 795; x_wconf 89' lang='lat' dir='ltr'><strong>pedem,</strong></span> 
     </span>
    </p>
   </div>
   <div class='ocr_carea' id='block_1_4' title="bbox 400 817 1109 1008">
    <p class='ocr_par' dir='ltr' id='par_1_4' title="bbox 400 817 1109 1008">
     <span class='ocr_line' id='line_1_4' title="bbox 697 817 1109 882; baseline 0 0"><span class='ocrx_word' id='word_1_23' title='bbox 697 817 773 882; x_wconf 86' lang='lat' dir='ltr'><strong>Nou</strong></span> <span class='ocrx_word' id='word_1_24' title='bbox 788 827 824 882; x_wconf 86' lang='lat' dir='ltr'><strong>ut</strong></span> <span class='ocrx_word' id='word_1_25' title='bbox 837 817 876 882; x_wconf 82' lang='lat' dir='ltr'><strong>de</strong></span> <span class='ocrx_word' id='word_1_26' title='bbox 889 818 959 882; x_wconf 81' lang='lat' dir='ltr'><strong>rede</strong></span> <span class='ocrx_word' id='word_1_27' title='bbox 972 818 1109 882; x_wconf 81' lang='lat' dir='ltr'><strong>secunda</strong></span> 
     </span>
     <span class='ocr_line' id='line_1_5' title="bbox 400 920 749 1008; baseline -0.006 -23"><span class='ocrx_word' id='word_1_28' title='bbox 400 920 539 998; x_wconf 75' lang='lat' dir='ltr'><strong>cederet,</strong></span> <span class='ocrx_word' id='word_1_29' title='bbox 553 930 611 986; x_wconf 76' lang='lat' dir='ltr'><strong>aar</strong></span> <span class='ocrx_word' id='word_1_30' title='bbox 624 929 749 1008; x_wconf 80' lang='lat' dir='ltr'><strong>quarta.</strong></span> 
     </span>
    </p>
   </div>
   <div class='ocr_carea' id='block_1_5' title="bbox 128 1036 1235 1257">
    <p class='ocr_par' dir='ltr' id='par_1_5' title="bbox 128 1036 1235 1257">
     <span class='ocr_line' id='line_1_6' title="bbox 128 1036 1235 1140; baseline 0.002 -30"><span class='ocrx_word' id='word_1_31' title='bbox 128 1036 168 1110; x_wconf 90' lang='lat' dir='ltr'><strong>id</strong></span> <span class='ocrx_word' id='word_1_32' title='bbox 186 1049 259 1127; x_wconf 84' lang='lat' dir='ltr'><strong>est,</strong></span> <span class='ocrx_word' id='word_1_33' title='bbox 275 1063 348 1111; x_wconf 90' lang='lat' dir='ltr'><strong>nou</strong></span> <span class='ocrx_word' id='word_1_34' title='bbox 372 1039 604 1140; x_wconf 73' lang='lat' dir='ltr'><strong>‘permittens</strong></span> <span class='ocrx_word' id='word_1_35' title='bbox 630 1039 789 1140; x_wconf 86' lang='lat' dir='ltr'>spondeo</span> <span class='ocrx_word' id='word_1_36' title='bbox 805 1052 942 1138; x_wconf 89' lang='lat' dir='ltr'><strong>partem</strong></span> <span class='ocrx_word' id='word_1_37' title='bbox 961 1038 1153 1112; x_wconf 90' lang='lat' dir='ltr'><strong>secundam</strong></span> <span class='ocrx_word' id='word_1_38' title='bbox 1173 1053 1235 1112; x_wconf 89' lang='lat' dir='ltr'><strong>aut</strong></span> 
     </span>
     <span class='ocr_line' id='line_1_7' title="bbox 129 1155 1234 1257; baseline 0.003 -30"><span class='ocrx_word' id='word_1_39' title='bbox 129 1168 316 1252; x_wconf 77' lang='lat' dir='ltr'><strong>quartam.</strong></span> <span class='ocrx_word' id='word_1_40' title='bbox 349 1155 468 1230; x_wconf 83' lang='lat' dir='ltr'><strong>Sextoe</strong></span> <span class='ocrx_word' id='word_1_41' title='bbox 483 1157 594 1257; x_wconf 90' lang='lat' dir='ltr'><strong>partis</strong></span> <span class='ocrx_word' id='word_1_42' title='bbox 610 1155 691 1230; x_wconf 92' lang='lat' dir='ltr'><strong>ideo</strong></span> <span class='ocrx_word' id='word_1_43' title='bbox 708 1183 780 1229; x_wconf 92' lang='lat' dir='ltr'><strong>non</strong></span> <span class='ocrx_word' id='word_1_44' title='bbox 799 1155 884 1230; x_wconf 86' lang='lat' dir='ltr'><strong>fecit</strong></span> <span class='ocrx_word' id='word_1_45' title='bbox 897 1156 1131 1246; x_wconf 84' lang='lat' dir='ltr'><strong>mentionem,</strong></span> <span class='ocrx_word' id='word_1_46' title='bbox 1149 1156 1234 1254; x_wconf 90' lang='lat' dir='ltr'><strong>quia</strong></span> 
     </span>
    </p>
   </div>
   <div class='ocr_carea' id='block_1_6' title="bbox 7 1271 1262 1374">
    <p class='ocr_par' dir='ltr' id='par_1_6' title="bbox 7 1271 1262 1374">
     <span class='ocr_line' id='line_1_8' title="bbox 7 1271 1262 1374; baseline 0 -30"><span class='ocrx_word' id='word_1_47' title='bbox 7 1299 9 1306; x_wconf 93' lang='lat'>·</span> <span class='ocrx_word' id='word_1_48' title='bbox 133 1271 233 1346; x_wconf 75' lang='lat' dir='ltr'><strong>simu</strong></span> <span class='ocrx_word' id='word_1_49' title='bbox 250 1289 334 1346; x_wconf 88' lang='lat' dir='ltr'><strong>ante</strong></span> <span class='ocrx_word' id='word_1_50' title='bbox 350 1272 426 1346; x_wconf 85' lang='lat' dir='ltr'>dixi</span> <span class='ocrx_word' id='word_1_51' title='bbox 444 1273 489 1347; x_wconf 87' lang='lat' dir='ltr'><strong>de</strong></span> <span class='ocrx_word' id='word_1_52' title='bbox 505 1274 598 1374; x_wconf 87' lang='lat' dir='ltr'><strong>pede</strong></span> <span class='ocrx_word' id='word_1_53' title='bbox 615 1272 809 1347; x_wconf 88' lang='lat' dir='ltr'><strong>novissimo</strong></span> <span class='ocrx_word' id='word_1_54' title='bbox 827 1273 925 1345; x_wconf 89' lang='lat' dir='ltr'><strong>nulla</strong></span> <span class='ocrx_word' id='word_1_55' title='bbox 942 1273 1032 1345; x_wconf 84' lang='lat' dir='ltr'><strong>ratio</strong></span> <span class='ocrx_word' id='word_1_56' title='bbox 1048 1285 1112 1346; x_wconf 88' lang='lat' dir='ltr'><strong>est.</strong></span> <span class='ocrx_word' id='word_1_57' title='bbox 1158 1271 1262 1358; x_wconf 61' lang='lat' dir='ltr'><strong>Nor</strong></span> 
     </span>
    </p>
   </div>
   <div class='ocr_carea' id='block_1_7' title="bbox 139 1388 1264 1607">
    <p class='ocr_par' dir='ltr' id='par_1_7' title="bbox 139 1388 1264 1607">
     <span class='ocr_line' id='line_1_9' title="bbox 139 1388 1235 1490; baseline 0.002 -30"><span class='ocrx_word' id='word_1_58' title='bbox 139 1388 291 1463; x_wconf 87' lang='lat' dir='ltr'><strong>tandum</strong></span> <span class='ocrx_word' id='word_1_59' title='bbox 317 1403 438 1462; x_wconf 88' lang='lat' dir='ltr'><strong>tamen</strong></span> <span class='ocrx_word' id='word_1_60' title='bbox 465 1390 511 1463; x_wconf 89' lang='lat' dir='ltr'><strong>sit</strong></span> <span class='ocrx_word' id='word_1_61' title='bbox 533 1391 628 1490; x_wconf 93' lang='lat' dir='ltr'><strong>quod</strong></span> <span class='ocrx_word' id='word_1_62' title='bbox 658 1391 861 1490; x_wconf 88' lang='lat' dir='ltr'><strong>frequenter</strong></span> <span class='ocrx_word' id='word_1_63' title='bbox 889 1389 1078 1464; x_wconf 85' lang='lat' dir='ltr'><strong>docuimus</strong></span> <span class='ocrx_word' id='word_1_64' title='bbox 1104 1388 1235 1463; x_wconf 72' lang='lat' dir='ltr'><strong>fcetera</strong></span> 
     </span>
     <span class='ocr_line' id='line_1_10' title="bbox 147 1505 1264 1607; baseline 0.005 -33"><span class='ocrx_word' id='word_1_65' title='bbox 147 1505 261 1579; x_wconf 87' lang='lat' dir='ltr'><strong>omnia</strong></span> <span class='ocrx_word' id='word_1_66' title='bbox 280 1520 407 1594; x_wconf 88' lang='lat' dir='ltr'><strong>metra,</strong></span> <span class='ocrx_word' id='word_1_67' title='bbox 423 1521 575 1606; x_wconf 83' lang='lat' dir='ltr'><strong>excepto</strong></span> <span class='ocrx_word' id='word_1_68' title='bbox 592 1507 771 1607; x_wconf 90' lang='lat' dir='ltr'><strong>dactylico</strong></span> <span class='ocrx_word' id='word_1_69' title='bbox 788 1521 824 1580; x_wconf 92' lang='lat' dir='ltr'><strong>et</strong></span> <span class='ocrx_word' id='word_1_70' title='bbox 842 1507 917 1605; x_wconf 90' lang='lat' dir='ltr'><strong>ejus</strong></span> <span class='ocrx_word' id='word_1_71' title='bbox 935 1507 1132 1607; x_wconf 80' lang='lat' dir='ltr'><strong>speciebus,</strong></span> <span class='ocrx_word' id='word_1_72' title='bbox 1148 1520 1167 1570; x_wconf 70' lang='grc' dir='ltr'><strong><em>Ε</em></strong></span> <span class='ocrx_word' id='word_1_73' title='bbox 1172 1533 1236 1607; x_wconf 90' lang='lat' dir='ltr'><strong>per</strong></span> <span class='ocrx_word' id='word_1_74' title='bbox 1262 1518 1264 1524; x_wconf 82' lang='grc'>’</span> 
     </span>
    </p>
   </div>
   <div class='ocr_carea' id='block_1_8' title="bbox 144 1617 1191 1805">
    <p class='ocr_par' dir='ltr' id='par_1_8' title="bbox 144 1617 1191 1805">
     <span class='ocr_line' id='line_1_11' title="bbox 144 1617 1191 1722; baseline 0.006 -31"><span class='ocrx_word' id='word_1_75' title='bbox 144 1617 324 1720; x_wconf 90' lang='lat' dir='ltr'><strong>dipodiam</strong></span> <span class='ocrx_word' id='word_1_76' title='bbox 344 1623 399 1694; x_wconf 90' lang='lat' dir='ltr'><strong>vel</strong></span> <span class='ocrx_word' id='word_1_77' title='bbox 418 1623 603 1722; x_wconf 83' lang='lat' dir='ltr'><strong>syzygiam</strong></span> <span class='ocrx_word' id='word_1_78' title='bbox 623 1623 757 1714; x_wconf 88' lang='lat' dir='ltr'><strong>scandi,</strong></span> <span class='ocrx_word' id='word_1_79' title='bbox 774 1625 867 1698; x_wconf 86' lang='lat' dir='ltr'><strong>sicut</strong></span> <span class='ocrx_word' id='word_1_80' title='bbox 886 1623 1058 1696; x_wconf 82' lang='lat' dir='ltr'><strong>Horatius</strong></span> <span class='ocrx_word' id='word_1_81' title='bbox 1075 1621 1191 1713; x_wconf 90' lang='lat' dir='ltr'><strong>docet,</strong></span> 
     </span>
     <span class='ocr_line' id='line_1_12' title="bbox 742 1739 1173 1805; baseline 0 -1"><span class='ocrx_word' id='word_1_82' title='bbox 742 1739 839 1805; x_wconf 75' lang='lat' dir='ltr'><strong>hNou</strong></span> <span class='ocrx_word' id='word_1_83' title='bbox 854 1750 889 1804; x_wconf 84' lang='lat' dir='ltr'><strong>ut</strong></span> <span class='ocrx_word' id='word_1_84' title='bbox 903 1740 941 1804; x_wconf 78' lang='lat' dir='ltr'><strong>de</strong></span> <span class='ocrx_word' id='word_1_85' title='bbox 953 1740 1024 1804; x_wconf 81' lang='lat' dir='ltr'><strong>sede</strong></span> <span class='ocrx_word' id='word_1_86' title='bbox 1036 1740 1173 1804; x_wconf 76' lang='lat' dir='ltr'><strong>secanda</strong></span> 
     </span>
    </p>
   </div>
   <div class='ocr_carea' id='block_1_9' title="bbox 138 1841 1264 3216">
    <p class='ocr_par' dir='ltr' id='par_1_9' title="bbox 359 1841 881 1930">
     <span class='ocr_line' id='line_1_13' title="bbox 359 1841 881 1930; baseline 0 -22"><span class='ocrx_word' id='word_1_87' title='bbox 359 1841 498 1915; x_wconf 81' lang='lat' dir='ltr'><strong>Cederet,</strong></span> <span class='ocrx_word' id='word_1_88' title='bbox 514 1851 573 1906; x_wconf 87' lang='lat' dir='ltr'><strong>aut</strong></span> <span class='ocrx_word' id='word_1_89' title='bbox 585 1853 701 1930; x_wconf 70' lang='lat' dir='ltr'><strong>priano</strong></span> <span class='ocrx_word' id='word_1_90' title='bbox 714 1845 881 1923; x_wconf 72' lang='lat' dir='ltr'><strong>socialiter,</strong></span> 
     </span>
    </p>

    <p class='ocr_par' dir='ltr' id='par_1_10' title="bbox 138 1959 1264 2643">
     <span class='ocr_line' id='line_1_14' title="bbox 140 1959 1236 2061; baseline 0.005 -31"><span class='ocrx_word' id='word_1_91' title='bbox 140 1959 177 2033; x_wconf 93' lang='lat' dir='ltr'><strong>id</strong></span> <span class='ocrx_word' id='word_1_92' title='bbox 200 1975 254 2036; x_wconf 87' lang='lat' dir='ltr'><strong>cst</strong></span> <span class='ocrx_word' id='word_1_93' title='bbox 280 1961 436 2034; x_wconf 87' lang='lat' dir='ltr'><strong>sociatus</strong></span> <span class='ocrx_word' id='word_1_94' title='bbox 453 1961 705 2061; x_wconf 87' lang='lat' dir='ltr'><strong>et-copulatus,</strong></span> <span class='ocrx_word' id='word_1_95' title='bbox 721 1989 803 2036; x_wconf 91' lang='lat' dir='ltr'><strong>cum</strong></span> <span class='ocrx_word' id='word_1_96' title='bbox 826 1963 914 2037; x_wconf 90' lang='lat' dir='ltr'><strong>alter</strong></span> <span class='ocrx_word' id='word_1_97' title='bbox 935 1963 980 2036; x_wconf 90' lang='lat' dir='ltr'><strong>de</strong></span> <span class='ocrx_word' id='word_1_98' title='bbox 1005 1963 1074 2036; x_wconf 84' lang='lat' dir='ltr'><strong>iilis</strong></span> <span class='ocrx_word' id='word_1_99' title='bbox 1101 1963 1236 2036; x_wconf 80' lang='lat' dir='ltr'><strong>scilicet</strong></span> 
     </span>
     <span class='ocr_line' id='line_1_15' title="bbox 138 2076 1237 2180; baseline 0.002 -30"><span class='ocrx_word' id='word_1_100' title='bbox 138 2092 312 2175; x_wconf 87' lang='lat' dir='ltr'><strong>quattuor</strong></span> <span class='ocrx_word' id='word_1_101' title='bbox 336 2076 432 2175; x_wconf 90' lang='lat' dir='ltr'><strong>quod</strong></span> <span class='ocrx_word' id='word_1_102' title='bbox 458 2103 565 2178; x_wconf 82' lang='lat' dir='ltr'><strong>supra</strong></span> <span class='ocrx_word' id='word_1_103' title='bbox 588 2076 706 2167; x_wconf 86' lang='lat' dir='ltr'><strong>docui,</strong></span> <span class='ocrx_word' id='word_1_104' title='bbox 729 2105 813 2151; x_wconf 89' lang='lat' dir='ltr'><strong>cum</strong></span> <span class='ocrx_word' id='word_1_105' title='bbox 842 2080 1001 2180; x_wconf 86' lang='lat' dir='ltr'><strong>spondeo</strong></span> <span class='ocrx_word' id='word_1_106' title='bbox 1031 2079 1082 2152; x_wconf 85' lang='lat' dir='ltr'><strong>¹in</strong></span> <span class='ocrx_word' id='word_1_107' title='bbox 1110 2079 1237 2152; x_wconf 86' lang='lat' dir='ltr'><strong>iambi-</strong></span> 
     </span>
     <span class='ocr_line' id='line_1_16' title="bbox 139 2193 1263 2270; baseline 0.004 -4"><span class='ocrx_word' id='word_1_108' title='bbox 139 2219 227 2267; x_wconf 89' lang='lat' dir='ltr'><strong>cum</strong></span> <span class='ocrx_word' id='word_1_109' title='bbox 254 2208 411 2266; x_wconf 85' lang='lat' dir='ltr'><strong>metrum</strong></span> <span class='ocrx_word' id='word_1_110' title='bbox 438 2195 637 2268; x_wconf 88' lang='lat' dir='ltr'><strong>convenire.</strong></span> <span class='ocrx_word' id='word_1_111' title='bbox 687 2193 835 2268; x_wconf 87' lang='lat' dir='ltr'><strong>Distant</strong></span> <span class='ocrx_word' id='word_1_112' title='bbox 857 2209 977 2270; x_wconf 86' lang='lat' dir='ltr'><strong>tamen</strong></span> <span class='ocrx_word' id='word_1_113' title='bbox 1002 2195 1093 2268; x_wconf 91' lang='lat' dir='ltr'><strong>inter</strong></span> <span class='ocrx_word' id='word_1_114' title='bbox 1114 2223 1151 2267; x_wconf 90' lang='lat' dir='ltr'><strong>se</strong></span> <span class='ocrx_word' id='word_1_115' title='bbox 1178 2197 1263 2270; x_wconf 82' lang='lat' dir='ltr'><strong>haes</strong></span> 
     </span>
     <span class='ocr_line' id='line_1_17' title="bbox 141 2311 1234 2412; baseline 0.002 -30"><span class='ocrx_word' id='word_1_116' title='bbox 141 2313 279 2408; x_wconf 88' lang='lat' dir='ltr'><strong>species</strong></span> <span class='ocrx_word' id='word_1_117' title='bbox 305 2311 449 2384; x_wconf 87' lang='lat' dir='ltr'><strong>iambici</strong></span> <span class='ocrx_word' id='word_1_118' title='bbox 477 2311 581 2384; x_wconf 89' lang='lat' dir='ltr'><strong>metri</strong></span> <span class='ocrx_word' id='word_1_119' title='bbox 612 2337 699 2409; x_wconf 89' lang='lat' dir='ltr'><strong>quas</strong></span> <span class='ocrx_word' id='word_1_120' title='bbox 728 2312 962 2412; x_wconf 87' lang='lat' dir='ltr'><strong>supraposui</strong></span> <span class='ocrx_word' id='word_1_121' title='bbox 991 2339 1058 2386; x_wconf 91' lang='lat' dir='ltr'><strong>usu</strong></span> <span class='ocrx_word' id='word_1_122' title='bbox 1087 2311 1234 2410; x_wconf 86' lang='lat' dir='ltr'><strong>pedum.</strong></span> 
     </span>
     <span class='ocr_line' id='line_1_18' title="bbox 139 2425 1235 2528; baseline 0.001 -29"><span class='ocrx_word' id='word_1_123' title='bbox 139 2425 239 2500; x_wconf 88' lang='lat' dir='ltr'><strong>Nam</strong></span> <span class='ocrx_word' id='word_1_124' title='bbox 268 2427 306 2501; x_wconf 91' lang='lat' dir='ltr'><strong>in</strong></span> <span class='ocrx_word' id='word_1_125' title='bbox 332 2427 477 2526; x_wconf 86' lang='lat' dir='ltr'><strong>tragico,</strong></span> <span class='ocrx_word' id='word_1_126' title='bbox 500 2440 538 2500; x_wconf 91' lang='lat' dir='ltr'><strong>ut</strong></span> <span class='ocrx_word' id='word_1_127' title='bbox 567 2429 673 2500; x_wconf 86' lang='lat' dir='ltr'><strong>aitius</strong></span> <span class='ocrx_word' id='word_1_128' title='bbox 696 2428 752 2518; x_wconf 86' lang='lat' dir='ltr'><strong>sit,</strong></span> <span class='ocrx_word' id='word_1_129' title='bbox 774 2427 921 2528; x_wconf 91' lang='lat' dir='ltr'><strong>spondei</strong></span> <span class='ocrx_word' id='word_1_130' title='bbox 946 2429 1149 2524; x_wconf 87' lang='lat' dir='ltr'><strong>frequenter</strong></span> <span class='ocrx_word' id='word_1_131' title='bbox 1171 2455 1235 2526; x_wconf 92' lang='lat' dir='ltr'><strong>po-</strong></span> 
     </span>
     <span class='ocr_line' id='line_1_19' title="bbox 142 2542 1264 2643; baseline 0 -27"><span class='ocrx_word' id='word_1_132' title='bbox 142 2559 298 2629; x_wconf 89' lang='lat' dir='ltr'><strong>nuntur;</strong></span> <span class='ocrx_word' id='word_1_133' title='bbox 325 2557 380 2618; x_wconf 86' lang='lat' dir='ltr'><strong>eet</strong></span> <span class='ocrx_word' id='word_1_134' title='bbox 396 2545 491 2618; x_wconf 88' lang='lat' dir='ltr'><strong>enim</strong></span> <span class='ocrx_word' id='word_1_135' title='bbox 512 2572 565 2618; x_wconf 86' lang='lat' dir='ltr'><strong>res</strong></span> <span class='ocrx_word' id='word_1_136' title='bbox 582 2545 721 2618; x_wconf 88' lang='lat' dir='ltr'><strong>tumida</strong></span> <span class='ocrx_word' id='word_1_137' title='bbox 739 2544 923 2643; x_wconf 87' lang='lat' dir='ltr'><strong>tragoedia.</strong></span> <span class='ocrx_word' id='word_1_138' title='bbox 958 2543 1018 2618; x_wconf 90' lang='lat' dir='ltr'><strong>Sic</strong></span> <span class='ocrx_word' id='word_1_139' title='bbox 1036 2543 1223 2632; x_wconf 83' lang='lat' dir='ltr'><strong>Horatius,</strong></span> <span class='ocrx_word' id='word_1_140' title='bbox 1261 2542 1264 2549; x_wconf 76' lang='grc'><strong>’</strong></span> 
     </span>
    </p>

    <p class='ocr_par' dir='ltr' id='par_1_11' title="bbox 315 2659 1013 2750">
     <span class='ocr_line' id='line_1_20' title="bbox 315 2659 1013 2750; baseline -0.001 -26"><span class='ocrx_word' id='word_1_141' title='bbox 315 2659 515 2750; x_wconf 71' lang='lat' dir='ltr'><strong>Indignatur</strong></span> <span class='ocrx_word' id='word_1_142' title='bbox 529 2663 603 2724; x_wconf 82' lang='lat' dir='ltr'><strong>item</strong></span> <span class='ocrx_word' id='word_1_143' title='bbox 613 2663 755 2749; x_wconf 74' lang='lat' dir='ltr'><strong>privatis</strong></span> <span class='ocrx_word' id='word_1_144' title='bbox 769 2682 806 2724; x_wconf 87' lang='lat' dir='ltr'><strong>ae</strong></span> <span class='ocrx_word' id='word_1_145' title='bbox 814 2681 916 2748; x_wconf 81' lang='lat' dir='ltr'><strong>prope</strong></span> <span class='ocrx_word' id='word_1_146' title='bbox 929 2681 1013 2723; x_wconf 82' lang='lat' dir='ltr'><strong>soem</strong></span> 
     </span>
    </p>

    <p class='ocr_par' dir='ltr' id='par_1_12' title="bbox 143 2763 1264 3216">
     <span class='ocr_line' id='line_1_21' title="bbox 315 2763 1080 2852; baseline -0.005 -24"><span class='ocrx_word' id='word_1_147' title='bbox 315 2765 441 2852; x_wconf 71' lang='lat' dir='ltr'><strong>Digitio</strong></span> <span class='ocrx_word' id='word_1_148' title='bbox 455 2765 647 2829; x_wconf 78' lang='lat' dir='ltr'><strong>caminibus</strong></span> <span class='ocrx_word' id='word_1_149' title='bbox 662 2765 796 2828; x_wconf 85' lang='lat' dir='ltr'><strong>narrari</strong></span> <span class='ocrx_word' id='word_1_150' title='bbox 809 2785 896 2826; x_wconf 84' lang='lat' dir='ltr'><strong>coeua</strong></span> <span class='ocrx_word' id='word_1_151' title='bbox 916 2763 1080 2848; x_wconf 69' lang='lat' dir='ltr'><strong>Thyesta:</strong></span> 
     </span>
     <span class='ocr_line' id='line_1_22' title="bbox 143 2881 1264 2976; baseline -0.001 -20"><span class='ocrx_word' id='word_1_152' title='bbox 143 2882 181 2956; x_wconf 95' lang='lat' dir='ltr'><strong>id</strong></span> <span class='ocrx_word' id='word_1_153' title='bbox 199 2899 250 2958; x_wconf 88' lang='lat' dir='ltr'><strong>est</strong></span> <span class='ocrx_word' id='word_1_154' title='bbox 268 2884 397 2956; x_wconf 88' lang='lat' dir='ltr'><strong>humili</strong></span> <span class='ocrx_word' id='word_1_155' title='bbox 416 2899 450 2956; x_wconf 90' lang='lat' dir='ltr'><strong>et</strong></span> <span class='ocrx_word' id='word_1_156' title='bbox 469 2885 527 2957; x_wconf 87' lang='lat' dir='ltr'><strong>viti</strong></span> <span class='ocrx_word' id='word_1_157' title='bbox 555 2911 730 2972; x_wconf 83' lang='lat' dir='ltr'><strong>sermone,</strong></span> <span class='ocrx_word' id='word_1_158' title='bbox 748 2883 816 2956; x_wconf 89' lang='lat' dir='ltr'><strong>hoc</strong></span> <span class='ocrx_word' id='word_1_159' title='bbox 835 2897 899 2967; x_wconf 90' lang='lat' dir='ltr'><strong>est,</strong></span> <span class='ocrx_word' id='word_1_160' title='bbox 918 2882 1067 2954; x_wconf 90' lang='lat' dir='ltr'><strong>comico.</strong></span> <span class='ocrx_word' id='word_1_161' title='bbox 1113 2881 1264 2976; x_wconf 81' lang='lat' dir='ltr'><strong>¹‘Nam9</strong></span> 
     </span>
     <span class='ocr_line' id='line_1_23' title="bbox 143 2997 1236 3100; baseline -0.003 -26"><span class='ocrx_word' id='word_1_162' title='bbox 143 3001 320 3100; x_wconf 80' lang='lat' dir='ltr'><strong>frequenti</strong></span> <span class='ocrx_word' id='word_1_163' title='bbox 339 3001 460 3074; x_wconf 89' lang='lat' dir='ltr'><strong>iambo</strong></span> <span class='ocrx_word' id='word_1_164' title='bbox 476 3028 531 3074; x_wconf 89' lang='lat' dir='ltr'><strong>res</strong></span> <span class='ocrx_word' id='word_1_165' title='bbox 549 3001 683 3100; x_wconf 88' lang='lat' dir='ltr'><strong>tragica</strong></span> <span class='ocrx_word' id='word_1_166' title='bbox 700 2999 771 3073; x_wconf 90' lang='lat' dir='ltr'><strong>dici</strong></span> <span class='ocrx_word' id='word_1_167' title='bbox 790 3025 860 3072; x_wconf 91' lang='lat' dir='ltr'><strong>non</strong></span> <span class='ocrx_word' id='word_1_168' title='bbox 878 2998 995 3070; x_wconf 90' lang='lat' dir='ltr'><strong>debet.</strong></span> <span class='ocrx_word' id='word_1_169' title='bbox 1035 2997 1079 3070; x_wconf 90' lang='lat' dir='ltr'><strong>Iu</strong></span> <span class='ocrx_word' id='word_1_170' title='bbox 1097 2998 1236 3072; x_wconf 91' lang='lat' dir='ltr'><strong>comico</strong></span> 
     </span>
     <span class='ocr_line' id='line_1_24' title="bbox 143 3116 1237 3216; baseline -0.002 -26"><span class='ocrx_word' id='word_1_171' title='bbox 143 3145 225 3191; x_wconf 90' lang='lat' dir='ltr'><strong>vero</strong></span> <span class='ocrx_word' id='word_1_172' title='bbox 253 3117 409 3190; x_wconf 88' lang='lat' dir='ltr'><strong>iambico</strong></span> <span class='ocrx_word' id='word_1_173' title='bbox 437 3117 691 3216; x_wconf 83' lang='lat' dir='ltr'><strong>frequentiores</strong></span> <span class='ocrx_word' id='word_1_174' title='bbox 720 3117 857 3208; x_wconf 58' lang='lat' dir='ltr'><strong>&#39;iambi</strong></span> <span class='ocrx_word' id='word_1_175' title='bbox 885 3116 1067 3216; x_wconf 71' lang='lat' dir='ltr'><strong>anapaesti,</strong></span> <span class='ocrx_word' id='word_1_176' title='bbox 1092 3117 1146 3190; x_wconf 87' lang='lat' dir='ltr'><strong>vel</strong></span> <span class='ocrx_word' id='word_1_177' title='bbox 1176 3117 1237 3190; x_wconf 91' lang='lat' dir='ltr'><strong>tri-</strong></span> 
     </span>
    </p>
   </div>
   <div class='ocr_carea' id='block_1_10' title="bbox 17 3232 1237 3336">
    <p class='ocr_par' dir='ltr' id='par_1_13' title="bbox 17 3232 1237 3336">
     <span class='ocr_line' id='line_1_25' title="bbox 17 3232 1237 3336; baseline -0.001 -28"><span class='ocrx_word' id='word_1_178' title='bbox 17 3235 18 3246; x_wconf 69' lang='grc'>’</span> <span class='ocrx_word' id='word_1_179' title='bbox 144 3235 266 3309; x_wconf 87' lang='lat' dir='ltr'><strong>brachi</strong></span> <span class='ocrx_word' id='word_1_180' title='bbox 286 3233 418 3308; x_wconf 87' lang='lat' dir='ltr'><strong>debent</strong></span> <span class='ocrx_word' id='word_1_181' title='bbox 439 3235 535 3333; x_wconf 90' lang='lat' dir='ltr'><strong>poni,</strong></span> <span class='ocrx_word' id='word_1_182' title='bbox 552 3235 636 3330; x_wconf 88' lang='lat' dir='ltr'><strong>quia</strong></span> <span class='ocrx_word' id='word_1_183' title='bbox 658 3261 711 3308; x_wconf 91' lang='lat' dir='ltr'><strong>res</strong></span> <span class='ocrx_word' id='word_1_184' title='bbox 736 3234 885 3322; x_wconf 89' lang='lat' dir='ltr'><strong>comica,</strong></span> <span class='ocrx_word' id='word_1_185' title='bbox 903 3232 1019 3336; x_wconf 88' lang='lat' dir='ltr'><strong>idest</strong></span> <span class='ocrx_word' id='word_1_186' title='bbox 1042 3234 1177 3306; x_wconf 86' lang='lat' dir='ltr'><strong>urbane</strong></span> <span class='ocrx_word' id='word_1_187' title='bbox 1201 3247 1237 3307; x_wconf 92' lang='lat' dir='ltr'><strong>et</strong></span> 
     </span>
    </p>
   </div>
   <div class='ocr_carea' id='block_1_11' title="bbox 143 3351 1238 3452">
    <p class='ocr_par' dir='ltr' id='par_1_14' title="bbox 143 3351 1238 3452">
     <span class='ocr_line' id='line_1_26' title="bbox 143 3351 1238 3452; baseline 0 -28"><span class='ocrx_word' id='word_1_188' title='bbox 143 3353 235 3437; x_wconf 84' lang='lat' dir='ltr'><strong>laeta,</strong></span> <span class='ocrx_word' id='word_1_189' title='bbox 262 3351 437 3423; x_wconf 82' lang='lat' dir='ltr'><strong>veiociore</strong></span> <span class='ocrx_word' id='word_1_190' title='bbox 469 3353 757 3448; x_wconf 84' lang='lat' dir='ltr'><strong>pronuntiatione</strong></span> <span class='ocrx_word' id='word_1_191' title='bbox 792 3379 854 3450; x_wconf 87' lang='lat' dir='ltr'><strong>per</strong></span> <span class='ocrx_word' id='word_1_192' title='bbox 887 3353 1009 3424; x_wconf 88' lang='lat' dir='ltr'><strong>breves</strong></span> <span class='ocrx_word' id='word_1_193' title='bbox 1043 3351 1153 3452; x_wconf 88' lang='lat' dir='ltr'><strong>pedes</strong></span> <span class='ocrx_word' id='word_1_194' title='bbox 1183 3365 1238 3425; x_wconf 89' lang='lat' dir='ltr'><strong>est</strong></span> 
     </span>
    </p>
   </div>
   <div class='ocr_carea' id='block_1_12' title="bbox 15 3465 1282 3798">
    <p class='ocr_par' dir='ltr' id='par_1_15' title="bbox 15 3465 1282 3798">
     <span class='ocr_line' id='line_1_27' title="bbox 18 3465 1282 3568; baseline -0.001 -26"><span class='ocrx_word' id='word_1_195' title='bbox 18 3509 19 3512; x_wconf 36' lang='lat'>¹</span> <span class='ocrx_word' id='word_1_196' title='bbox 144 3465 405 3568; x_wconf 90' lang='lat' dir='ltr'><strong>componenda.</strong></span> <span class='ocrx_word' id='word_1_197' title='bbox 457 3465 612 3540; x_wconf 85' lang='lat' dir='ltr'><strong>Clodum</strong></span> <span class='ocrx_word' id='word_1_198' title='bbox 634 3493 728 3552; x_wconf 86' lang='lat' dir='ltr'><strong>vero,</strong></span> <span class='ocrx_word' id='word_1_199' title='bbox 745 3467 781 3540; x_wconf 90' lang='lat' dir='ltr'><strong>id</strong></span> <span class='ocrx_word' id='word_1_200' title='bbox 800 3482 854 3541; x_wconf 88' lang='lat' dir='ltr'><strong>est</strong></span> <span class='ocrx_word' id='word_1_201' title='bbox 881 3467 1180 3568; x_wconf 89' lang='lat' dir='ltr'><strong>Hipponactium,</strong></span> <span class='ocrx_word' id='word_1_202' title='bbox 1200 3469 1235 3544; x_wconf 87' lang='lat' dir='ltr'><strong>in</strong></span> <span class='ocrx_word' id='word_1_203' title='bbox 1252 3505 1282 3541; x_wconf 85' lang='grc' dir='ltr'><strong>ιο</strong></span> 
     </span>
     <span class='ocr_line' id='line_1_28' title="bbox 15 3583 1237 3686; baseline -0.002 -27"><span class='ocrx_word' id='word_1_204' title='bbox 15 3678 16 3682; x_wconf 9' lang='lat'>¹</span> <span class='ocrx_word' id='word_1_205' title='bbox 144 3585 270 3659; x_wconf 88' lang='lat' dir='ltr'><strong>ceteris</strong></span> <span class='ocrx_word' id='word_1_206' title='bbox 297 3583 443 3680; x_wconf 88' lang='lat' dir='ltr'><strong>quidem</strong></span> <span class='ocrx_word' id='word_1_207' title='bbox 472 3583 727 3684; x_wconf 82' lang='lat' dir='ltr'><strong>msimplicibus</strong></span> <span class='ocrx_word' id='word_1_208' title='bbox 757 3584 916 3682; x_wconf 88' lang='lat' dir='ltr'><strong>quinque</strong></span> <span class='ocrx_word' id='word_1_209' title='bbox 938 3583 1090 3686; x_wconf 88' lang='lat' dir='ltr'><strong>pedibus</strong></span> <span class='ocrx_word' id='word_1_210' title='bbox 1120 3583 1237 3658; x_wconf 85' lang='lat' dir='ltr'><strong>simile</strong></span> 
     </span>
     <span class='ocr_line' id='line_1_29' title="bbox 16 3690 1236 3798; baseline 0 -25"><span class='ocrx_word' id='word_1_211' title='bbox 16 3690 21 3745; x_wconf 61' lang='lat'>³</span> <span class='ocrx_word' id='word_1_212' title='bbox 144 3716 198 3774; x_wconf 90' lang='lat' dir='ltr'><strong>est</strong></span> <span class='ocrx_word' id='word_1_213' title='bbox 222 3699 359 3798; x_wconf 84' lang='lat' dir='ltr'><strong>tragico</strong></span> <span class='ocrx_word' id='word_1_214' title='bbox 381 3725 488 3798; x_wconf 87' lang='lat' dir='ltr'><strong>quam</strong></span> <span class='ocrx_word' id='word_1_215' title='bbox 516 3699 655 3772; x_wconf 91' lang='lat' dir='ltr'><strong>comico</strong></span> <span class='ocrx_word' id='word_1_216' title='bbox 681 3699 846 3789; x_wconf 88' lang='lat' dir='ltr'><strong>iambico,</strong></span> <span class='ocrx_word' id='word_1_217' title='bbox 869 3701 905 3772; x_wconf 90' lang='lat' dir='ltr'><strong>in</strong></span> <span class='ocrx_word' id='word_1_218' title='bbox 933 3699 1127 3774; x_wconf 86' lang='lat' dir='ltr'><strong>novissimo</strong></span> <span class='ocrx_word' id='word_1_219' title='bbox 1154 3726 1236 3774; x_wconf 89' lang='lat' dir='ltr'><strong>vero</strong></span> 
     </span>
    </p>
   </div>
   <div class='ocr_carea' id='block_1_13' title="bbox 144 3815 1237 4034">
    <p class='ocr_par' dir='ltr' id='par_1_16' title="bbox 144 3815 1237 4034">
     <span class='ocr_line' id='line_1_30' title="bbox 144 3815 1237 3916; baseline 0 -25"><span class='ocrx_word' id='word_1_220' title='bbox 144 3819 213 3892; x_wconf 72' lang='lat' dir='ltr'><strong>¹&#39;nb</strong></span> <span class='ocrx_word' id='word_1_221' title='bbox 231 3817 407 3890; x_wconf 85' lang='lat' dir='ltr'><strong>ambobus</strong></span> <span class='ocrx_word' id='word_1_222' title='bbox 424 3815 612 3915; x_wconf 86' lang='lat' dir='ltr'><strong>discrepat.</strong></span> <span class='ocrx_word' id='word_1_223' title='bbox 662 3817 758 3890; x_wconf 87' lang='lat' dir='ltr'><strong>Nam</strong></span> <span class='ocrx_word' id='word_1_224' title='bbox 779 3832 861 3890; x_wconf 89' lang='lat' dir='ltr'><strong>ante</strong></span> <span class='ocrx_word' id='word_1_225' title='bbox 880 3817 1109 3890; x_wconf 83' lang='lat' dir='ltr'><strong>novissimam</strong></span> <span class='ocrx_word' id='word_1_226' title='bbox 1131 3817 1237 3916; x_wconf 87' lang='lat' dir='ltr'><strong>sylle-</strong></span> 
     </span>
     <span class='ocr_line' id='line_1_31' title="bbox 146 3933 1042 4034; baseline -0.002 -25"><span class='ocrx_word' id='word_1_227' title='bbox 146 3936 240 4020; x_wconf 85' lang='lat' dir='ltr'><strong>bam,</strong></span> <span class='ocrx_word' id='word_1_228' title='bbox 258 3961 331 4008; x_wconf 94' lang='lat' dir='ltr'><strong>non</strong></span> <span class='ocrx_word' id='word_1_229' title='bbox 350 3947 390 4006; x_wconf 85' lang='lat' dir='ltr'><strong>ut</strong></span> <span class='ocrx_word' id='word_1_230' title='bbox 406 3933 488 4006; x_wconf 85' lang='lat' dir='ltr'><strong>⁰ilia</strong></span> <span class='ocrx_word' id='word_1_231' title='bbox 506 3934 648 4007; x_wconf 89' lang='lat' dir='ltr'><strong>brevem</strong></span> <span class='ocrx_word' id='word_1_232' title='bbox 670 3933 788 4020; x_wconf 86' lang='lat' dir='ltr'><strong>habet,</strong></span> <span class='ocrx_word' id='word_1_233' title='bbox 806 3933 866 4006; x_wconf 89' lang='lat' dir='ltr'><strong>sed</strong></span> <span class='ocrx_word' id='word_1_234' title='bbox 885 3934 1042 4034; x_wconf 85' lang='lat' dir='ltr'><strong>longam.</strong></span> 
     </span>
    </p>
   </div>
   <div class='ocr_carea' id='block_1_14' title="bbox 143 4148 1237 4631">
    <p class='ocr_par' dir='ltr' id='par_1_17' title="bbox 143 4148 1237 4631">
     <span class='ocr_line' id='line_1_32' title="bbox 183 4148 1236 4231; baseline 0.002 -20"><span class='ocrx_word' id='word_1_235' title='bbox 183 4165 197 4197; x_wconf 82' lang='lat' dir='ltr'><strong>e</strong></span> <span class='ocrx_word' id='word_1_236' title='bbox 211 4153 393 4231; x_wconf 86' lang='lat' dir='ltr'><strong>permittens]</strong></span> <span class='ocrx_word' id='word_1_237' title='bbox 406 4159 566 4226; x_wconf 67' lang='lat' dir='ltr'><strong>poenatem</strong></span> <span class='ocrx_word' id='word_1_238' title='bbox 580 4149 615 4208; x_wconf 92' lang='lat' dir='ltr'><strong>L.</strong></span> <span class='ocrx_word' id='word_1_239' title='bbox 628 4148 675 4227; x_wconf 90' lang='lat' dir='ltr'><strong>qui</strong></span> <span class='ocrx_word' id='word_1_240' title='bbox 691 4169 774 4226; x_wconf 88' lang='lat' dir='ltr'><strong>supra</strong></span> <span class='ocrx_word' id='word_1_241' title='bbox 788 4170 844 4208; x_wconf 93' lang='lat' dir='ltr'><strong>om.</strong></span> <span class='ocrx_word' id='word_1_242' title='bbox 858 4155 927 4208; x_wconf 83' lang='lat' dir='ltr'><strong>sede.</strong></span> <span class='ocrx_word' id='word_1_243' title='bbox 1000 4149 1013 4194; x_wconf 75' lang='lat' dir='ltr'>s</span> <span class='ocrx_word' id='word_1_244' title='bbox 1024 4163 1117 4211; x_wconf 88' lang='lat' dir='ltr'><strong>cetera</strong></span> <span class='ocrx_word' id='word_1_245' title='bbox 1130 4173 1187 4212; x_wconf 90' lang='lat' dir='ltr'><strong>om.</strong></span> <span class='ocrx_word' id='word_1_246' title='bbox 1202 4155 1236 4213; x_wconf 89' lang='lat' dir='ltr'><strong>L.</strong></span> 
     </span>
     <span class='ocr_line' id='line_1_33' title="bbox 143 4232 1233 4312; baseline 0.001 -20"><span class='ocrx_word' id='word_1_247' title='bbox 143 4247 160 4292; x_wconf 72' lang='lat'>8</span> <span class='ocrx_word' id='word_1_248' title='bbox 173 4244 263 4294; x_wconf 85' lang='lat' dir='ltr'><strong>cetero</strong></span> <span class='ocrx_word' id='word_1_249' title='bbox 278 4236 367 4292; x_wconf 82' lang='lat' dir='ltr'><strong>munia</strong></span> <span class='ocrx_word' id='word_1_250' title='bbox 379 4240 466 4290; x_wconf 86' lang='lat' dir='ltr'><strong>metro</strong></span> <span class='ocrx_word' id='word_1_251' title='bbox 477 4251 528 4307; x_wconf 87' lang='lat' dir='ltr'><strong>per</strong></span> <span class='ocrx_word' id='word_1_252' title='bbox 541 4234 787 4306; x_wconf 80' lang='lat' dir='ltr'><strong>dipodiorn-sicut</strong></span> <span class='ocrx_word' id='word_1_253' title='bbox 797 4235 853 4306; x_wconf 83' lang='lat' dir='ltr'><strong>ipre</strong></span> <span class='ocrx_word' id='word_1_254' title='bbox 862 4234 994 4290; x_wconf 86' lang='lat' dir='ltr'><strong>Horatius</strong></span> <span class='ocrx_word' id='word_1_255' title='bbox 1004 4233 1040 4292; x_wconf 90' lang='lat' dir='ltr'><strong>L.</strong></span> <span class='ocrx_word' id='word_1_256' title='bbox 1132 4232 1149 4277; x_wconf 78' lang='lat'><strong>¹¹</strong></span> <span class='ocrx_word' id='word_1_257' title='bbox 1162 4238 1233 4312; x_wconf 91' lang='lat' dir='ltr'><strong>non]</strong></span> 
     </span>
     <span class='ocr_line' id='line_1_34' title="bbox 143 4310 1236 4390; baseline 0.002 -16"><span class='ocrx_word' id='word_1_258' title='bbox 143 4337 207 4374; x_wconf 85' lang='lat' dir='ltr'><strong>uum</strong></span> <span class='ocrx_word' id='word_1_259' title='bbox 222 4317 258 4374; x_wconf 91' lang='lat' dir='ltr'><strong>L.</strong></span> <span class='ocrx_word' id='word_1_260' title='bbox 381 4313 504 4372; x_wconf 70' lang='lat' dir='ltr'><strong>¹tuom.</strong></span> <span class='ocrx_word' id='word_1_261' title='bbox 521 4314 552 4370; x_wconf 74' lang='lat'><strong>1..</strong></span> <span class='ocrx_word' id='word_1_262' title='bbox 683 4310 790 4370; x_wconf 74' lang='lat' dir='ltr'><strong>kNum</strong></span> <span class='ocrx_word' id='word_1_263' title='bbox 807 4313 956 4390; x_wconf 82' lang='lat' dir='ltr'><strong>frequenti]</strong></span> <span class='ocrx_word' id='word_1_264' title='bbox 974 4313 1020 4372; x_wconf 84' lang='lat' dir='ltr'><strong>Sic</strong></span> <span class='ocrx_word' id='word_1_265' title='bbox 1035 4317 1068 4374; x_wconf 91' lang='lat' dir='ltr'><strong>L.</strong></span> <span class='ocrx_word' id='word_1_266' title='bbox 1090 4317 1162 4374; x_wconf 86' lang='lat' dir='ltr'><strong>Nam</strong></span> <span class='ocrx_word' id='word_1_267' title='bbox 1177 4337 1236 4377; x_wconf 89' lang='lat' dir='ltr'><strong>om.</strong></span> 
     </span>
     <span class='ocr_line' id='line_1_35' title="bbox 145 4391 1237 4478; baseline 0.002 -22"><span class='ocrx_word' id='word_1_268' title='bbox 145 4399 302 4458; x_wconf 84' lang='lat' dir='ltr'><strong>Putsehius.</strong></span> <span class='ocrx_word' id='word_1_269' title='bbox 387 4393 396 4438; x_wconf 80' lang='lat'>¹</span> <span class='ocrx_word' id='word_1_270' title='bbox 409 4395 509 4472; x_wconf 82' lang='lat' dir='ltr'><strong>iambi]</strong></span> <span class='ocrx_word' id='word_1_271' title='bbox 528 4397 616 4452; x_wconf 79' lang='lat' dir='ltr'><strong>inorbo</strong></span> <span class='ocrx_word' id='word_1_272' title='bbox 631 4393 665 4452; x_wconf 89' lang='lat' dir='ltr'><strong>L.</strong></span> <span class='ocrx_word' id='word_1_273' title='bbox 758 4403 780 4434; x_wconf 76' lang='lat'><strong>¹³²</strong></span> <span class='ocrx_word' id='word_1_274' title='bbox 795 4391 966 4470; x_wconf 83' lang='lat' dir='ltr'><strong>simplicibus</strong></span> <span class='ocrx_word' id='word_1_275' title='bbox 980 4397 1105 4475; x_wconf 86' lang='lat' dir='ltr'><strong>quinque</strong></span> <span class='ocrx_word' id='word_1_276' title='bbox 1118 4397 1237 4478; x_wconf 85' lang='lat' dir='ltr'><strong>pedibus</strong></span> 
     </span>
     <span class='ocr_line' id='line_1_36' title="bbox 144 4476 1237 4555; baseline 0.002 -17"><span class='ocrx_word' id='word_1_277' title='bbox 144 4479 251 4555; x_wconf 84' lang='lat' dir='ltr'><strong>simile]</strong></span> <span class='ocrx_word' id='word_1_278' title='bbox 268 4480 316 4537; x_wconf 87' lang='lat' dir='ltr'><strong>Sic</strong></span> <span class='ocrx_word' id='word_1_279' title='bbox 330 4477 365 4535; x_wconf 89' lang='lat' dir='ltr'><strong>L.</strong></span> <span class='ocrx_word' id='word_1_280' title='bbox 387 4479 504 4552; x_wconf 82' lang='lat' dir='ltr'><strong>quiaque</strong></span> <span class='ocrx_word' id='word_1_281' title='bbox 516 4476 679 4551; x_wconf 75' lang='lat' dir='ltr'><strong>sirapttcibus</strong></span> <span class='ocrx_word' id='word_1_282' title='bbox 690 4477 802 4550; x_wconf 79' lang='lat' dir='ltr'><strong>pedibus</strong></span> <span class='ocrx_word' id='word_1_283' title='bbox 814 4478 927 4536; x_wconf 71' lang='lat' dir='ltr'><strong>audiar</strong></span> <span class='ocrx_word' id='word_1_284' title='bbox 941 4477 1098 4538; x_wconf 83' lang='lat' dir='ltr'><strong>Potachius.</strong></span> <span class='ocrx_word' id='word_1_285' title='bbox 1174 4493 1189 4526; x_wconf 84' lang='lat'><strong>¹¹</strong></span> <span class='ocrx_word' id='word_1_286' title='bbox 1202 4482 1237 4540; x_wconf 86' lang='lat' dir='ltr'><strong>ab</strong></span> 
     </span>
     <span class='ocr_line' id='line_1_37' title="bbox 145 4556 813 4631; baseline -0.004 -14"><span class='ocrx_word' id='word_1_287' title='bbox 145 4579 201 4618; x_wconf 91' lang='lat' dir='ltr'><strong>om.</strong></span> <span class='ocrx_word' id='word_1_288' title='bbox 217 4561 253 4618; x_wconf 88' lang='lat' dir='ltr'><strong>L.</strong></span> <span class='ocrx_word' id='word_1_289' title='bbox 336 4569 350 4601; x_wconf 91' lang='lat'><strong>⁰</strong></span> <span class='ocrx_word' id='word_1_290' title='bbox 365 4557 427 4631; x_wconf 87' lang='lat' dir='ltr'><strong>illa]</strong></span> <span class='ocrx_word' id='word_1_291' title='bbox 444 4559 521 4615; x_wconf 82' lang='lat' dir='ltr'><strong>iiiam</strong></span> <span class='ocrx_word' id='word_1_292' title='bbox 534 4557 569 4614; x_wconf 88' lang='lat' dir='ltr'><strong>L.</strong></span> <span class='ocrx_word' id='word_1_293' title='bbox 584 4568 614 4614; x_wconf 90' lang='lat' dir='ltr'><strong>et</strong></span> <span class='ocrx_word' id='word_1_294' title='bbox 628 4575 693 4614; x_wconf 81' lang='lat' dir='ltr'><strong>nrox</strong></span> <span class='ocrx_word' id='word_1_295' title='bbox 707 4556 813 4614; x_wconf 83' lang='lat' dir='ltr'><strong>babeat.</strong></span> 
     </span>
    </p>
   </div>
   <div class='ocr_carea' id='block_1_15' title="bbox 0 0 1564 5140">
    <p class='ocr_par' dir='ltr' id='par_1_18' title="bbox 0 0 1564 5140">
     <span class='ocr_line' id='line_1_38' title="bbox 0 0 1564 5140; baseline 0 0"><span class='ocrx_word' id='word_1_296' title='bbox 0 0 1564 5140; x_wconf 95' lang='lat' dir='ltr'><strong> </strong></span> 
     </span>
    </p>
   </div>
  </div>
 </body>
</html>
