<?xml version="1.0" encoding="UTF-8"?>
<!DOCTYPE html PUBLIC "-//W3C//DTD XHTML 1.0 Transitional//EN"
    "http://www.w3.org/TR/xhtml1/DTD/xhtml1-transitional.dtd">
<html xmlns="http://www.w3.org/1999/xhtml" xml:lang="en" lang="en">
 <head>
  <title>
</title>
<meta http-equiv="Content-Type" content="text/html;charset=utf-8" />
  <meta name='ocr-system' content='tesseract 3.04.00' />
  <meta name='ocr-capabilities' content='ocr_page ocr_carea ocr_par ocr_line ocrx_word'/>
</head>
<body>
  <div class='ocr_page' id='page_1' title='image "./scriptoreslatin00gaisgoog_0165.png"; bbox 0 0 3124 5120; ppageno 0'>
   <div class='ocr_carea' id='block_1_1' title="bbox 162 385 1263 487">
    <p class='ocr_par' dir='ltr' id='par_1_1' title="bbox 162 385 1263 487">
     <span class='ocr_line' id='line_1_1' title="bbox 162 385 1263 487; baseline 0.003 -28"><span class='ocrx_word' id='word_1_1' title='bbox 162 409 248 460; x_wconf 76' lang='lat' dir='ltr'><strong>car.</strong></span> <span class='ocrx_word' id='word_1_2' title='bbox 260 399 298 462; x_wconf 84' lang='grc'><strong>3.</strong></span> <span class='ocrx_word' id='word_1_3' title='bbox 326 385 391 460; x_wconf 86' lang='lat' dir='ltr'><strong>De</strong></span> <span class='ocrx_word' id='word_1_4' title='bbox 406 409 550 460; x_wconf 83' lang='lat' dir='ltr'><strong>summu</strong></span> <span class='ocrx_word' id='word_1_5' title='bbox 565 387 707 462; x_wconf 83' lang='lat' dir='ltr'><strong>numeri</strong></span> <span class='ocrx_word' id='word_1_6' title='bbox 722 413 801 487; x_wconf 75' lang='lat' dir='ltr'><strong>quc</strong></span> <span class='ocrx_word' id='word_1_7' title='bbox 817 399 1015 464; x_wconf 66' lang='lat' dir='ltr'><strong>menarum</strong></span> <span class='ocrx_word' id='word_1_8' title='bbox 1033 389 1100 486; x_wconf 80' lang='lat'><em>850.</em></span> <span class='ocrx_word' id='word_1_9' title='bbox 1195 402 1263 462; x_wconf 76' lang='lat'><strong>14⁵</strong></span> 
     </span>
    </p>
   </div>
   <div class='ocr_carea' id='block_1_2' title="bbox 163 569 1314 2859">
    <p class='ocr_par' dir='ltr' id='par_1_2' title="bbox 163 569 1314 2859">
     <span class='ocr_line' id='line_1_2' title="bbox 163 569 1265 672; baseline 0.002 -30"><span class='ocrx_word' id='word_1_10' title='bbox 163 569 246 644; x_wconf 77' lang='lat' dir='ltr'><strong>hmo</strong></span> <span class='ocrx_word' id='word_1_11' title='bbox 270 573 302 643; x_wconf 84' lang='lat' dir='ltr'><strong>si</strong></span> <span class='ocrx_word' id='word_1_12' title='bbox 326 569 469 669; x_wconf 85' lang='lat' dir='ltr'><strong>singula</strong></span> <span class='ocrx_word' id='word_1_13' title='bbox 486 570 557 644; x_wconf 85' lang='lat' dir='ltr'><strong>sint</strong></span> <span class='ocrx_word' id='word_1_14' title='bbox 574 571 682 644; x_wconf 89' lang='lat' dir='ltr'><strong>nullis</strong></span> <span class='ocrx_word' id='word_1_15' title='bbox 695 571 748 646; x_wconf 88' lang='lat' dir='ltr'><strong>eis</strong></span> <span class='ocrx_word' id='word_1_16' title='bbox 764 573 1001 672; x_wconf 76' lang='lat' dir='ltr'><strong>congregatis,</strong></span> <span class='ocrx_word' id='word_1_17' title='bbox 1019 585 1112 648; x_wconf 88' lang='lat' dir='ltr'><strong>utet</strong></span> <span class='ocrx_word' id='word_1_18' title='bbox 1135 571 1181 644; x_wconf 84' lang='lat' dir='ltr'><strong>de</strong></span> <span class='ocrx_word' id='word_1_19' title='bbox 1207 599 1265 644; x_wconf 86' lang='lat' dir='ltr'><strong>su-</strong></span> 
     </span>
     <span class='ocr_line' id='line_1_3' title="bbox 164 686 1309 786; baseline 0.002 -28"><span class='ocrx_word' id='word_1_20' title='bbox 164 686 365 786; x_wconf 87' lang='lat' dir='ltr'><strong>perioribus</strong></span> <span class='ocrx_word' id='word_1_21' title='bbox 390 686 561 776; x_wconf 84' lang='lat' dir='ltr'>diximus,</span> <span class='ocrx_word' id='word_1_22' title='bbox 588 687 779 762; x_wconf 84' lang='lat' dir='ltr'><strong>manifesta</strong></span> <span class='ocrx_word' id='word_1_23' title='bbox 806 703 936 763; x_wconf 85' lang='lat' dir='ltr'><strong>essent.</strong></span> <span class='ocrx_word' id='word_1_24' title='bbox 986 691 1041 764; x_wconf 88' lang='lat' dir='ltr'><strong>At</strong></span> <span class='ocrx_word' id='word_1_25' title='bbox 1066 713 1149 762; x_wconf 94' lang='lat' dir='ltr'><strong>cum</strong></span> <span class='ocrx_word' id='word_1_26' title='bbox 1175 686 1267 760; x_wconf 88' lang='lat' dir='ltr'><strong>inter</strong></span> <span class='ocrx_word' id='word_1_27' title='bbox 1282 711 1309 746; x_wconf 86' lang='lat'><strong>¹¹</strong></span> 
     </span>
     <span class='ocr_line' id='line_1_4' title="bbox 163 801 1267 902; baseline 0.002 -28"><span class='ocrx_word' id='word_1_28' title='bbox 163 827 205 874; x_wconf 86' lang='lat' dir='ltr'><strong>ae</strong></span> <span class='ocrx_word' id='word_1_29' title='bbox 222 802 353 875; x_wconf 80' lang='lat' dir='ltr'><strong>similia</strong></span> <span class='ocrx_word' id='word_1_30' title='bbox 372 817 434 876; x_wconf 92' lang='lat' dir='ltr'><strong>aut</strong></span> <span class='ocrx_word' id='word_1_31' title='bbox 450 801 604 902; x_wconf 87' lang='lat' dir='ltr'><strong>disparia</strong></span> <span class='ocrx_word' id='word_1_32' title='bbox 621 815 827 892; x_wconf 89' lang='lat' dir='ltr'><strong>nectuntur,</strong></span> <span class='ocrx_word' id='word_1_33' title='bbox 843 817 931 876; x_wconf 92' lang='lat' dir='ltr'><strong>tunc</strong></span> <span class='ocrx_word' id='word_1_34' title='bbox 947 831 993 878; x_wconf 88' lang='lat' dir='ltr'><strong>ex</strong></span> <span class='ocrx_word' id='word_1_35' title='bbox 1020 804 1097 902; x_wconf 87' lang='lat' dir='ltr'><strong>ipsa</strong></span> <span class='ocrx_word' id='word_1_36' title='bbox 1115 803 1267 876; x_wconf 88' lang='lat' dir='ltr'><strong>brevita-</strong></span> 
     </span>
     <span class='ocr_line' id='line_1_5' title="bbox 164 917 1266 1015; baseline 0.001 -27"><span class='ocrx_word' id='word_1_37' title='bbox 164 917 213 988; x_wconf 87' lang='lat' dir='ltr'><strong>tis</strong></span> <span class='ocrx_word' id='word_1_38' title='bbox 229 917 460 990; x_wconf 83' lang='lat' dir='ltr'><strong>conclusione</strong></span> <span class='ocrx_word' id='word_1_39' title='bbox 476 917 675 992; x_wconf 82' lang='lat' dir='ltr'><strong>obscuritas</strong></span> <span class='ocrx_word' id='word_1_40' title='bbox 701 919 870 1002; x_wconf 88' lang='lat' dir='ltr'><strong>nascitur,</strong></span> <span class='ocrx_word' id='word_1_41' title='bbox 886 918 983 992; x_wconf 89' lang='lat' dir='ltr'><strong>unde</strong></span> <span class='ocrx_word' id='word_1_42' title='bbox 1000 919 1214 1015; x_wconf 72' lang='grc' dir='ltr'><strong>συγκεχυμένα</strong></span> <span class='ocrx_word' id='word_1_43' title='bbox 1229 931 1266 990; x_wconf 89' lang='lat' dir='ltr'><strong>et</strong></span> 
     </span>
     <span class='ocr_line' id='line_1_6' title="bbox 163 1029 1267 1134; baseline 0.003 -31"><span class='ocrx_word' id='word_1_44' title='bbox 163 1031 396 1123; x_wconf 71' lang='grc' dir='ltr'><strong>ἇπεμφώοηα</strong></span> <span class='ocrx_word' id='word_1_45' title='bbox 417 1058 437 1104; x_wconf 89' lang='lat' dir='ltr'><strong>a</strong></span> <span class='ocrx_word' id='word_1_46' title='bbox 455 1031 640 1120; x_wconf 60' lang='lat' dir='ltr'><strong>Graecina</strong></span> <span class='ocrx_word' id='word_1_47' title='bbox 666 1032 770 1106; x_wconf 80' lang='lat' dir='ltr'><strong>nobis</strong></span> <span class='ocrx_word' id='word_1_48' title='bbox 797 1029 1004 1134; x_wconf 78' lang='lat' dir='ltr'><strong>consumet</strong></span> <span class='ocrx_word' id='word_1_49' title='bbox 1029 1030 1267 1133; x_wconf 64' lang='lat' dir='ltr'><strong>inmanffeste</strong></span> 
     </span>
     <span class='ocr_line' id='line_1_7' title="bbox 166 1144 1267 1247; baseline 0.005 -31"><span class='ocrx_word' id='word_1_50' title='bbox 166 1144 347 1244; x_wconf 87' lang='lat' dir='ltr'><strong>appellata</strong></span> <span class='ocrx_word' id='word_1_51' title='bbox 365 1160 460 1219; x_wconf 85' lang='lat' dir='ltr'><strong>sunt.</strong></span> <span class='ocrx_word' id='word_1_52' title='bbox 503 1147 615 1220; x_wconf 86' lang='lat' dir='ltr'><strong>Fiunt</strong></span> <span class='ocrx_word' id='word_1_53' title='bbox 632 1147 753 1246; x_wconf 85' lang='lat' dir='ltr'><strong>itaque</strong></span> <span class='ocrx_word' id='word_1_54' title='bbox 773 1175 838 1247; x_wconf 89' lang='lat' dir='ltr'><strong>per</strong></span> <span class='ocrx_word' id='word_1_55' title='bbox 852 1150 916 1222; x_wconf 85' lang='lat' dir='ltr'><strong>has</strong></span> <span class='ocrx_word' id='word_1_56' title='bbox 934 1149 1205 1244; x_wconf 84' lang='lat' dir='ltr'><strong>conjunctiones</strong></span> <span class='ocrx_word' id='word_1_57' title='bbox 1221 1148 1267 1222; x_wconf 89' lang='lat' dir='ltr'><strong>de</strong></span> 
     </span>
     <span class='ocr_line' id='line_1_8' title="bbox 166 1259 1267 1358; baseline 0.004 -26"><span class='ocrx_word' id='word_1_58' title='bbox 166 1259 224 1332; x_wconf 81' lang='lat' dir='ltr'><strong>his</strong></span> <span class='ocrx_word' id='word_1_59' title='bbox 250 1283 366 1334; x_wconf 77' lang='lat' dir='ltr'><strong>ann</strong></span> <span class='ocrx_word' id='word_1_60' title='bbox 393 1260 612 1354; x_wconf 84' lang='lat' dir='ltr'><strong>differentiis,</strong></span> <span class='ocrx_word' id='word_1_61' title='bbox 636 1277 679 1335; x_wconf 90' lang='lat' dir='ltr'><strong>ut</strong></span> <span class='ocrx_word' id='word_1_62' title='bbox 712 1262 864 1358; x_wconf 88' lang='lat' dir='ltr'><strong>majores</strong></span> <span class='ocrx_word' id='word_1_63' title='bbox 891 1263 1003 1336; x_wconf 82' lang='lat' dir='ltr'><strong>nostri</strong></span> <span class='ocrx_word' id='word_1_64' title='bbox 1031 1263 1067 1336; x_wconf 92' lang='lat' dir='ltr'><strong>in</strong></span> <span class='ocrx_word' id='word_1_65' title='bbox 1098 1264 1166 1337; x_wconf 90' lang='lat' dir='ltr'><strong>hac</strong></span> <span class='ocrx_word' id='word_1_66' title='bbox 1193 1277 1267 1337; x_wconf 90' lang='lat' dir='ltr'><strong>arte</strong></span> 
     </span>
     <span class='ocr_line' id='line_1_9' title="bbox 167 1375 1270 1476; baseline 0.004 -30"><span class='ocrx_word' id='word_1_67' title='bbox 167 1375 341 1448; x_wconf 85' lang='lat' dir='ltr'><strong>sublimes</strong></span> <span class='ocrx_word' id='word_1_68' title='bbox 366 1376 602 1468; x_wconf 87' lang='lat' dir='ltr'><strong>tradiderunt,</strong></span> <span class='ocrx_word' id='word_1_69' title='bbox 627 1377 764 1476; x_wconf 83' lang='lat' dir='ltr'><strong>species</strong></span> <span class='ocrx_word' id='word_1_70' title='bbox 790 1376 1067 1450; x_wconf 85' lang='lat' dir='ltr'><strong>differentiarum</strong></span> <span class='ocrx_word' id='word_1_71' title='bbox 1100 1392 1270 1474; x_wconf 89' lang='lat' dir='ltr'><strong>quattuor</strong></span> 
     </span>
     <span class='ocr_line' id='line_1_10' title="bbox 167 1490 1270 1592; baseline 0.003 -31"><span class='ocrx_word' id='word_1_72' title='bbox 167 1490 284 1562; x_wconf 89' lang='lat' dir='ltr'><strong>millia</strong></span> <span class='ocrx_word' id='word_1_73' title='bbox 301 1515 406 1582; x_wconf 84' lang='lat' dir='ltr'><strong>xcv1,</strong></span> <span class='ocrx_word' id='word_1_74' title='bbox 423 1493 560 1566; x_wconf 85' lang='lat' dir='ltr'><strong>scilicet</strong></span> <span class='ocrx_word' id='word_1_75' title='bbox 577 1493 827 1592; x_wconf 89' lang='lat' dir='ltr'><strong>multiplicatis</strong></span> <span class='ocrx_word' id='word_1_76' title='bbox 850 1492 943 1566; x_wconf 89' lang='lat' dir='ltr'><strong>inter</strong></span> <span class='ocrx_word' id='word_1_77' title='bbox 958 1518 997 1564; x_wconf 82' lang='lat' dir='ltr'><strong>se</strong></span> <span class='ocrx_word' id='word_1_78' title='bbox 1013 1492 1134 1566; x_wconf 74' lang='lat' dir='ltr'><strong>¹‘colis</strong></span> <span class='ocrx_word' id='word_1_79' title='bbox 1185 1492 1270 1564; x_wconf 82' lang='lat' dir='ltr'><strong>Pro-</strong></span> 
     </span>
     <span class='ocr_line' id='line_1_11' title="bbox 167 1607 1313 1708; baseline 0.002 -31"><span class='ocrx_word' id='word_1_80' title='bbox 167 1631 347 1704; x_wconf 85' lang='lat' dir='ltr'><strong>ponamus</strong></span> <span class='ocrx_word' id='word_1_81' title='bbox 373 1607 494 1706; x_wconf 89' lang='lat' dir='ltr'><strong>itaque</strong></span> <span class='ocrx_word' id='word_1_82' title='bbox 518 1633 691 1682; x_wconf 90' lang='lat' dir='ltr'><strong>canonem</strong></span> <span class='ocrx_word' id='word_1_83' title='bbox 718 1607 889 1707; x_wconf 81' lang='lat' dir='ltr'><strong>dactylici</strong></span> <span class='ocrx_word' id='word_1_84' title='bbox 916 1607 951 1680; x_wconf 91' lang='lat' dir='ltr'><strong>in</strong></span> <span class='ocrx_word' id='word_1_85' title='bbox 979 1609 1189 1708; x_wconf 87' lang='lat' dir='ltr'><strong>exemplum</strong></span> <span class='ocrx_word' id='word_1_86' title='bbox 1216 1635 1313 1680; x_wconf 72' lang='lat' dir='ltr'><strong>re-aa</strong></span> 
     </span>
     <span class='ocr_line' id='line_1_12' title="bbox 167 1720 1269 1822; baseline 0.004 -30"><span class='ocrx_word' id='word_1_87' title='bbox 167 1720 349 1818; x_wconf 91' lang='lat' dir='ltr'><strong>liquorum</strong></span> <span class='ocrx_word' id='word_1_88' title='bbox 379 1735 519 1820; x_wconf 88' lang='lat' dir='ltr'><strong>septem</strong></span> <span class='ocrx_word' id='word_1_89' title='bbox 545 1736 753 1810; x_wconf 81' lang='lat' dir='ltr'><strong>metrorum,</strong></span> <span class='ocrx_word' id='word_1_90' title='bbox 784 1723 845 1819; x_wconf 94' lang='lat' dir='ltr'><strong>qui</strong></span> <span class='ocrx_word' id='word_1_91' title='bbox 870 1737 936 1810; x_wconf 88' lang='lat' dir='ltr'><strong>est,</strong></span> <span class='ocrx_word' id='word_1_92' title='bbox 958 1736 999 1795; x_wconf 90' lang='lat' dir='ltr'><strong>ut</strong></span> <span class='ocrx_word' id='word_1_93' title='bbox 1024 1723 1144 1808; x_wconf 89' lang='lat' dir='ltr'><strong>ceteri,</strong></span> <span class='ocrx_word' id='word_1_94' title='bbox 1167 1749 1269 1822; x_wconf 83' lang='lat' dir='ltr'><strong>oeque</strong></span> 
     </span>
     <span class='ocr_line' id='line_1_13' title="bbox 167 1835 1270 1937; baseline 0.004 -29"><span class='ocrx_word' id='word_1_95' title='bbox 167 1849 253 1908; x_wconf 87' lang='lat' dir='ltr'><strong>octo</strong></span> <span class='ocrx_word' id='word_1_96' title='bbox 277 1835 570 1927; x_wconf 87' lang='lat' dir='ltr'><strong>differentiarum,</strong></span> <span class='ocrx_word' id='word_1_97' title='bbox 598 1837 666 1910; x_wconf 90' lang='lat' dir='ltr'><strong>ita:</strong></span> <span class='ocrx_word' id='word_1_98' title='bbox 694 1865 777 1911; x_wconf 92' lang='lat' dir='ltr'><strong>nam</strong></span> <span class='ocrx_word' id='word_1_99' title='bbox 804 1855 867 1910; x_wconf 91' lang='lat' dir='ltr'><strong>aut</strong></span> <span class='ocrx_word' id='word_1_100' title='bbox 896 1837 1113 1937; x_wconf 92' lang='lat' dir='ltr'><strong>dactylicum</strong></span> <span class='ocrx_word' id='word_1_101' title='bbox 1143 1865 1270 1912; x_wconf 90' lang='lat' dir='ltr'><strong>mono-</strong></span> 
     </span>
     <span class='ocr_line' id='line_1_14' title="bbox 169 1951 1269 2052; baseline 0.006 -31"><span class='ocrx_word' id='word_1_102' title='bbox 169 1964 328 2022; x_wconf 88' lang='lat' dir='ltr'><strong>metrum</strong></span> <span class='ocrx_word' id='word_1_103' title='bbox 355 1952 707 2050; x_wconf 89' lang='lat' dir='ltr'><strong>brachycatalectum</strong></span> <span class='ocrx_word' id='word_1_104' title='bbox 730 1951 910 2052; x_wconf 86' lang='lat' dir='ltr'><strong>dactylico</strong></span> <span class='ocrx_word' id='word_1_105' title='bbox 935 1968 1162 2028; x_wconf 82' lang='lat' dir='ltr'><strong>monometro</strong></span> <span class='ocrx_word' id='word_1_106' title='bbox 1189 1955 1269 2028; x_wconf 91' lang='lat' dir='ltr'><strong>bra·</strong></span> 
     </span>
     <span class='ocr_line' id='line_1_15' title="bbox 168 2065 1270 2166; baseline 0.005 -28"><span class='ocrx_word' id='word_1_107' title='bbox 168 2065 418 2164; x_wconf 89' lang='lat' dir='ltr'><strong>chycatalecto</strong></span> <span class='ocrx_word' id='word_1_108' title='bbox 436 2069 636 2166; x_wconf 90' lang='lat' dir='ltr'><strong>copulatur,</strong></span> <span class='ocrx_word' id='word_1_109' title='bbox 653 2083 716 2142; x_wconf 88' lang='lat' dir='ltr'><strong>aut</strong></span> <span class='ocrx_word' id='word_1_110' title='bbox 733 2067 827 2142; x_wconf 90' lang='lat' dir='ltr'><strong>idem</strong></span> <span class='ocrx_word' id='word_1_111' title='bbox 842 2069 1192 2164; x_wconf 83' lang='lat' dir='ltr'><strong>brachycatalectum</strong></span> <span class='ocrx_word' id='word_1_112' title='bbox 1211 2097 1270 2144; x_wconf 85' lang='lat' dir='ltr'><strong>ca-</strong></span> 
     </span>
     <span class='ocr_line' id='line_1_16' title="bbox 168 2181 1269 2282; baseline 0.004 -30"><span class='ocrx_word' id='word_1_113' title='bbox 168 2181 349 2270; x_wconf 90' lang='lat' dir='ltr'><strong>talectico,</strong></span> <span class='ocrx_word' id='word_1_114' title='bbox 375 2196 437 2255; x_wconf 93' lang='lat' dir='ltr'><strong>aut</strong></span> <span class='ocrx_word' id='word_1_115' title='bbox 463 2185 659 2256; x_wconf 79' lang='lat' dir='ltr'><strong>acatalecto</strong></span> <span class='ocrx_word' id='word_1_116' title='bbox 682 2197 745 2258; x_wconf 88' lang='lat' dir='ltr'><strong>aut</strong></span> <span class='ocrx_word' id='word_1_117' title='bbox 767 2183 1067 2282; x_wconf 88' lang='lat' dir='ltr'><strong>hypercatalecto,</strong></span> <span class='ocrx_word' id='word_1_118' title='bbox 1093 2199 1129 2258; x_wconf 90' lang='lat' dir='ltr'><strong>et</strong></span> <span class='ocrx_word' id='word_1_119' title='bbox 1148 2211 1269 2258; x_wconf 87' lang='lat' dir='ltr'><strong>rursus</strong></span> 
     </span>
     <span class='ocr_line' id='line_1_17' title="bbox 171 2295 1270 2398; baseline 0.006 -31"><span class='ocrx_word' id='word_1_120' title='bbox 171 2295 266 2368; x_wconf 91' lang='lat' dir='ltr'><strong>idem</strong></span> <span class='ocrx_word' id='word_1_121' title='bbox 294 2297 645 2398; x_wconf 85' lang='lat' dir='ltr'><strong>brachycatalectum</strong></span> <span class='ocrx_word' id='word_1_122' title='bbox 667 2297 885 2396; x_wconf 88' lang='lat' dir='ltr'><strong>dactylicum</strong></span> <span class='ocrx_word' id='word_1_123' title='bbox 903 2298 1057 2372; x_wconf 92' lang='lat' dir='ltr'><strong>dimetro</strong></span> <span class='ocrx_word' id='word_1_124' title='bbox 1074 2301 1270 2398; x_wconf 87' lang='lat' dir='ltr'><strong>brachyca-</strong></span> 
     </span>
     <span class='ocr_line' id='line_1_18' title="bbox 170 2410 1268 2506; baseline 0.005 -23"><span class='ocrx_word' id='word_1_125' title='bbox 170 2410 313 2499; x_wconf 91' lang='lat' dir='ltr'><strong>talecto,</strong></span> <span class='ocrx_word' id='word_1_126' title='bbox 329 2427 390 2485; x_wconf 91' lang='lat' dir='ltr'><strong>aut</strong></span> <span class='ocrx_word' id='word_1_127' title='bbox 407 2411 561 2486; x_wconf 86' lang='lat' dir='ltr'><strong>dimetro</strong></span> <span class='ocrx_word' id='word_1_128' title='bbox 578 2415 799 2504; x_wconf 84' lang='lat' dir='ltr'><strong>catalectico,</strong></span> <span class='ocrx_word' id='word_1_129' title='bbox 817 2427 880 2487; x_wconf 91' lang='lat' dir='ltr'><strong>aut</strong></span> <span class='ocrx_word' id='word_1_130' title='bbox 892 2415 1046 2488; x_wconf 81' lang='lat' dir='ltr'><strong>dimetro</strong></span> <span class='ocrx_word' id='word_1_131' title='bbox 1062 2417 1268 2506; x_wconf 84' lang='lat' dir='ltr'><strong>acatalecto,</strong></span> 
     </span>
     <span class='ocr_line' id='line_1_19' title="bbox 170 2525 1269 2628; baseline 0.006 -30"><span class='ocrx_word' id='word_1_132' title='bbox 170 2538 234 2598; x_wconf 89' lang='lat' dir='ltr'><strong>aut</strong></span> <span class='ocrx_word' id='word_1_133' title='bbox 261 2525 416 2601; x_wconf 89' lang='lat' dir='ltr'><strong>dimetro</strong></span> <span class='ocrx_word' id='word_1_134' title='bbox 443 2528 732 2628; x_wconf 82' lang='lat' dir='ltr'><strong>hypercatalecto</strong></span> <span class='ocrx_word' id='word_1_135' title='bbox 758 2528 933 2604; x_wconf 87' lang='lat' dir='ltr'><strong>sociatur:</strong></span> <span class='ocrx_word' id='word_1_136' title='bbox 959 2557 1039 2627; x_wconf 81' lang='lat' dir='ltr'><strong>quae</strong></span> <span class='ocrx_word' id='word_1_137' title='bbox 1065 2547 1149 2604; x_wconf 85' lang='lat' dir='ltr'><strong>aunt</strong></span> <span class='ocrx_word' id='word_1_138' title='bbox 1170 2558 1269 2604; x_wconf 91' lang='lat' dir='ltr'><strong>com-</strong></span> 
     </span>
     <span class='ocr_line' id='line_1_20' title="bbox 170 2642 1314 2744; baseline 0.003 -30"><span class='ocrx_word' id='word_1_139' title='bbox 170 2642 388 2715; x_wconf 84' lang='lat' dir='ltr'><strong>mutationes</strong></span> <span class='ocrx_word' id='word_1_140' title='bbox 410 2659 493 2716; x_wconf 87' lang='lat' dir='ltr'><strong>octo</strong></span> <span class='ocrx_word' id='word_1_141' title='bbox 514 2644 661 2717; x_wconf 84' lang='lat' dir='ltr'><strong>canonis</strong></span> <span class='ocrx_word' id='word_1_142' title='bbox 688 2643 805 2718; x_wconf 86' lang='lat' dir='ltr'><strong>unius.</strong></span> <span class='ocrx_word' id='word_1_143' title='bbox 857 2645 975 2744; x_wconf 88' lang='lat' dir='ltr'><strong>Igitur</strong></span> <span class='ocrx_word' id='word_1_144' title='bbox 991 2672 1034 2717; x_wconf 90' lang='lat' dir='ltr'><strong>eo</strong></span> <span class='ocrx_word' id='word_1_145' title='bbox 1052 2659 1158 2744; x_wconf 87' lang='lat' dir='ltr'><strong>pacto</strong></span> <span class='ocrx_word' id='word_1_146' title='bbox 1174 2659 1192 2708; x_wconf 73' lang='lat'><em>7</em></span> <span class='ocrx_word' id='word_1_147' title='bbox 1196 2671 1269 2742; x_wconf 93' lang='lat' dir='ltr'><strong>quo</strong></span> <span class='ocrx_word' id='word_1_148' title='bbox 1286 2671 1314 2718; x_wconf 84' lang='lat'><strong>¹³</strong></span> 
     </span>
     <span class='ocr_line' id='line_1_21' title="bbox 172 2760 1270 2859; baseline 0.005 -32"><span class='ocrx_word' id='word_1_149' title='bbox 172 2773 439 2832; x_wconf 88' lang='lat' dir='ltr'><strong>monometrum</strong></span> <span class='ocrx_word' id='word_1_150' title='bbox 458 2760 809 2859; x_wconf 86' lang='lat' dir='ltr'><strong>brachycatalectum</strong></span> <span class='ocrx_word' id='word_1_151' title='bbox 837 2786 1044 2858; x_wconf 82' lang='lat' dir='ltr'><strong>percurrens</strong></span> <span class='ocrx_word' id='word_1_152' title='bbox 1061 2773 1144 2834; x_wconf 88' lang='lat' dir='ltr'><strong>octo</strong></span> <span class='ocrx_word' id='word_1_153' title='bbox 1161 2785 1270 2832; x_wconf 91' lang='lat' dir='ltr'><strong>eano-</strong></span> 
     </span>
    </p>
   </div>
   <div class='ocr_carea' id='block_1_3' title="bbox 170 2873 1318 4013">
    <p class='ocr_par' dir='ltr' id='par_1_3' title="bbox 170 2873 1318 4013">
     <span class='ocr_line' id='line_1_22' title="bbox 171 2873 1271 2964; baseline 0.002 -22"><span class='ocrx_word' id='word_1_154' title='bbox 171 2897 246 2960; x_wconf 83' lang='lat' dir='ltr'><strong>nas,</strong></span> <span class='ocrx_word' id='word_1_155' title='bbox 263 2887 304 2944; x_wconf 93' lang='lat' dir='ltr'><strong>ut</strong></span> <span class='ocrx_word' id='word_1_156' title='bbox 319 2874 556 2964; x_wconf 83' lang='lat' dir='ltr'><strong>ostendimus,</strong></span> <span class='ocrx_word' id='word_1_157' title='bbox 574 2875 658 2948; x_wconf 81' lang='lat' dir='ltr'><strong>lecit</strong></span> <span class='ocrx_word' id='word_1_158' title='bbox 676 2874 891 2950; x_wconf 86' lang='lat' dir='ltr'><strong>differentias</strong></span> <span class='ocrx_word' id='word_1_159' title='bbox 919 2897 1045 2962; x_wconf 78' lang='lat' dir='ltr'><strong>exilu,</strong></span> <span class='ocrx_word' id='word_1_160' title='bbox 1063 2873 1112 2946; x_wconf 87' lang='lat' dir='ltr'><strong>ita</strong></span> <span class='ocrx_word' id='word_1_161' title='bbox 1135 2887 1172 2946; x_wconf 87' lang='lat' dir='ltr'><strong>et</strong></span> <span class='ocrx_word' id='word_1_162' title='bbox 1194 2899 1271 2944; x_wconf 90' lang='lat' dir='ltr'><strong>mo·</strong></span> 
     </span>
     <span class='ocr_line' id='line_1_23' title="bbox 171 2988 1271 3089; baseline 0.004 -33"><span class='ocrx_word' id='word_1_163' title='bbox 171 3000 376 3060; x_wconf 89' lang='lat' dir='ltr'><strong>nometrum</strong></span> <span class='ocrx_word' id='word_1_164' title='bbox 395 2988 615 3089; x_wconf 91' lang='lat' dir='ltr'><strong>dactylicum</strong></span> <span class='ocrx_word' id='word_1_165' title='bbox 634 2989 880 3070; x_wconf 87' lang='lat' dir='ltr'><strong>catalecticum</strong></span> <span class='ocrx_word' id='word_1_166' title='bbox 900 3001 936 3060; x_wconf 90' lang='lat' dir='ltr'><strong>et</strong></span> <span class='ocrx_word' id='word_1_167' title='bbox 961 2989 1216 3060; x_wconf 80' lang='lat' dir='ltr'><strong>¹acatalectum</strong></span> <span class='ocrx_word' id='word_1_168' title='bbox 1235 3001 1271 3060; x_wconf 88' lang='lat' dir='ltr'><strong>et</strong></span> 
     </span>
     <span class='ocr_line' id='line_1_24' title="bbox 172 3102 1268 3202; baseline 0.002 -28"><span class='ocrx_word' id='word_1_169' title='bbox 172 3102 500 3202; x_wconf 90' lang='lat' dir='ltr'><strong>hypercatalectum</strong></span> <span class='ocrx_word' id='word_1_170' title='bbox 523 3133 605 3180; x_wconf 91' lang='lat' dir='ltr'><strong>cum</strong></span> <span class='ocrx_word' id='word_1_171' title='bbox 628 3133 733 3180; x_wconf 87' lang='lat' dir='ltr'><strong>suum</strong></span> <span class='ocrx_word' id='word_1_172' title='bbox 761 3120 969 3201; x_wconf 89' lang='lat' dir='ltr'><strong>ceterosque</strong></span> <span class='ocrx_word' id='word_1_173' title='bbox 992 3130 1147 3178; x_wconf 90' lang='lat' dir='ltr'><strong>canonas</strong></span> <span class='ocrx_word' id='word_1_174' title='bbox 1174 3117 1268 3176; x_wconf 74' lang='lat' dir='ltr'><strong>¹¹tam</strong></span> 
     </span>
     <span class='ocr_line' id='line_1_25' title="bbox 171 3221 1271 3320; baseline 0.001 -29"><span class='ocrx_word' id='word_1_175' title='bbox 171 3246 235 3318; x_wconf 86' lang='lat' dir='ltr'><strong>per</strong></span> <span class='ocrx_word' id='word_1_176' title='bbox 258 3237 524 3296; x_wconf 87' lang='lat' dir='ltr'><strong>monometrum</strong></span> <span class='ocrx_word' id='word_1_177' title='bbox 545 3247 654 3319; x_wconf 85' lang='lat' dir='ltr'><strong>quam</strong></span> <span class='ocrx_word' id='word_1_178' title='bbox 674 3249 737 3320; x_wconf 88' lang='lat' dir='ltr'><strong>per</strong></span> <span class='ocrx_word' id='word_1_179' title='bbox 762 3223 980 3296; x_wconf 80' lang='lat' dir='ltr'><strong>bdimetrum</strong></span> <span class='ocrx_word' id='word_1_180' title='bbox 999 3221 1140 3318; x_wconf 80' lang='lat' dir='ltr'><strong>singula</strong></span> <span class='ocrx_word' id='word_1_181' title='bbox 1159 3234 1271 3294; x_wconf 88' lang='lat' dir='ltr'><strong>metra</strong></span> 
     </span>
     <span class='ocr_line' id='line_1_26' title="bbox 170 3337 1271 3436; baseline 0.002 -28"><span class='ocrx_word' id='word_1_182' title='bbox 170 3337 489 3433; x_wconf 65' lang='lat' dir='ltr'><strong>‘percucurrerinn</strong></span> <span class='ocrx_word' id='word_1_183' title='bbox 501 3337 739 3436; x_wconf 89' lang='lat' dir='ltr'><strong>proculdubio</strong></span> <span class='ocrx_word' id='word_1_184' title='bbox 756 3337 867 3410; x_wconf 84' lang='lat' dir='ltr'><strong>octies</strong></span> <span class='ocrx_word' id='word_1_185' title='bbox 886 3363 1073 3434; x_wconf 83' lang='lat' dir='ltr'><strong>sexagenae</strong></span> <span class='ocrx_word' id='word_1_186' title='bbox 1090 3353 1271 3436; x_wconf 76' lang='lat' dir='ltr'><strong>quaternae</strong></span> 
     </span>
     <span class='ocr_line' id='line_1_27' title="bbox 170 3449 1318 3552; baseline 0.003 -28"><span class='ocrx_word' id='word_1_187' title='bbox 170 3451 380 3524; x_wconf 67' lang='lat' dir='ltr'><strong>differentia</strong></span> <span class='ocrx_word' id='word_1_188' title='bbox 405 3449 650 3552; x_wconf 87' lang='lat' dir='ltr'><strong>dcolligentur.</strong></span> <span class='ocrx_word' id='word_1_189' title='bbox 701 3453 760 3526; x_wconf 84' lang='lat' dir='ltr'><strong>Ex</strong></span> <span class='ocrx_word' id='word_1_190' title='bbox 778 3451 909 3550; x_wconf 86' lang='lat' dir='ltr'><strong>quibus</strong></span> <span class='ocrx_word' id='word_1_191' title='bbox 926 3453 1078 3528; x_wconf 88' lang='lat' dir='ltr'><strong>efficitur</strong></span> <span class='ocrx_word' id='word_1_192' title='bbox 1101 3479 1271 3528; x_wconf 86' lang='lat' dir='ltr'><strong>numerus</strong></span> <span class='ocrx_word' id='word_1_193' title='bbox 1290 3482 1318 3528; x_wconf 86' lang='lat'><strong>¹4</strong></span> 
     </span>
     <span class='ocr_line' id='line_1_28' title="bbox 171 3565 1274 3668; baseline 0.001 -30"><span class='ocrx_word' id='word_1_194' title='bbox 171 3565 451 3640; x_wconf 84' lang='lat' dir='ltr'><strong>differentiarum</strong></span> <span class='ocrx_word' id='word_1_195' title='bbox 479 3567 516 3640; x_wconf 91' lang='lat' dir='ltr'><strong>in</strong></span> <span class='ocrx_word' id='word_1_196' title='bbox 543 3594 760 3666; x_wconf 89' lang='lat' dir='ltr'><strong>unaquaque</strong></span> <span class='ocrx_word' id='word_1_197' title='bbox 787 3569 889 3642; x_wconf 87' lang='lat' dir='ltr'><strong>metri</strong></span> <span class='ocrx_word' id='word_1_198' title='bbox 915 3570 1033 3668; x_wconf 87' lang='lat' dir='ltr'><strong>specie</strong></span> <span class='ocrx_word' id='word_1_199' title='bbox 1059 3569 1274 3668; x_wconf 86' lang='lat' dir='ltr'><strong>quingenta-</strong></span> 
     </span>
     <span class='ocr_line' id='line_1_29' title="bbox 172 3681 1274 3782; baseline 0.002 -29"><span class='ocrx_word' id='word_1_200' title='bbox 172 3706 250 3754; x_wconf 91' lang='lat' dir='ltr'><strong>rum</strong></span> <span class='ocrx_word' id='word_1_201' title='bbox 270 3704 342 3753; x_wconf 87' lang='lat' dir='ltr'><strong>xu.</strong></span> <span class='ocrx_word' id='word_1_202' title='bbox 392 3681 429 3754; x_wconf 84' lang='lat' dir='ltr'><strong>Si</strong></span> <span class='ocrx_word' id='word_1_203' title='bbox 450 3707 536 3782; x_wconf 85' lang='lat' dir='ltr'><strong>ergo</strong></span> <span class='ocrx_word' id='word_1_204' title='bbox 552 3682 661 3754; x_wconf 86' lang='lat' dir='ltr'><strong>unius</strong></span> <span class='ocrx_word' id='word_1_205' title='bbox 679 3683 825 3756; x_wconf 89' lang='lat' dir='ltr'><strong>canonis</strong></span> <span class='ocrx_word' id='word_1_206' title='bbox 853 3684 930 3758; x_wconf 83' lang='lat' dir='ltr'><strong>haec</strong></span> <span class='ocrx_word' id='word_1_207' title='bbox 950 3711 1093 3758; x_wconf 86' lang='lat' dir='ltr'><strong>summa</strong></span> <span class='ocrx_word' id='word_1_208' title='bbox 1110 3685 1157 3756; x_wconf 80' lang='lat' dir='ltr'><strong>clo</strong></span> <span class='ocrx_word' id='word_1_209' title='bbox 1172 3685 1274 3756; x_wconf 87' lang='lat' dir='ltr'><strong>diffe-</strong></span> 
     </span>
     <span class='ocr_line' id='line_1_30' title="bbox 173 3796 1273 3898; baseline 0.004 -32"><span class='ocrx_word' id='word_1_210' title='bbox 173 3796 369 3870; x_wconf 88' lang='lat' dir='ltr'><strong>rentiarum</strong></span> <span class='ocrx_word' id='word_1_211' title='bbox 388 3797 689 3898; x_wconf 87' lang='lat' dir='ltr'><strong>multiplicatione</strong></span> <span class='ocrx_word' id='word_1_212' title='bbox 710 3797 901 3898; x_wconf 84' lang='lat' dir='ltr'><strong>colligitur,</strong></span> <span class='ocrx_word' id='word_1_213' title='bbox 920 3799 1149 3882; x_wconf 87' lang='lat' dir='ltr'><strong>manifestum</strong></span> <span class='ocrx_word' id='word_1_214' title='bbox 1177 3797 1273 3898; x_wconf 91' lang='lat' dir='ltr'><strong>apud</strong></span> 
     </span>
     <span class='ocr_line' id='line_1_31' title="bbox 173 3911 1276 4013; baseline 0.003 -30"><span class='ocrx_word' id='word_1_215' title='bbox 173 3935 300 3984; x_wconf 84' lang='lat' dir='ltr'><strong>omnes</strong></span> <span class='ocrx_word' id='word_1_216' title='bbox 323 3911 391 3984; x_wconf 89' lang='lat' dir='ltr'><strong>erit</strong></span> <span class='ocrx_word' id='word_1_217' title='bbox 416 3927 520 3988; x_wconf 71' lang='lat' dir='ltr'><strong>eocto</strong></span> <span class='ocrx_word' id='word_1_218' title='bbox 537 3939 731 4003; x_wconf 87' lang='lat' dir='ltr'><strong>canonum,</strong></span> <span class='ocrx_word' id='word_1_219' title='bbox 748 3911 783 3986; x_wconf 89' lang='lat' dir='ltr'><strong>id</strong></span> <span class='ocrx_word' id='word_1_220' title='bbox 800 3927 855 3986; x_wconf 84' lang='lat' dir='ltr'><strong>est</strong></span> <span class='ocrx_word' id='word_1_221' title='bbox 872 3929 1067 3988; x_wconf 88' lang='lat' dir='ltr'><strong>metrorum</strong></span> <span class='ocrx_word' id='word_1_222' title='bbox 1095 3913 1276 4013; x_wconf 89' lang='lat' dir='ltr'><strong>principa-</strong></span> 
     </span>
    </p>
   </div>
   <div class='ocr_carea' id='block_1_4' title="bbox 172 4149 1275 4382">
    <p class='ocr_par' dir='ltr' id='par_1_4' title="bbox 172 4149 1275 4382">
     <span class='ocr_line' id='line_1_32' title="bbox 214 4149 1275 4257; baseline 0 -21"><span class='ocrx_word' id='word_1_223' title='bbox 214 4149 314 4236; x_wconf 70' lang='grc' dir='ltr'><strong>ιιεεΙίε</strong></span> <span class='ocrx_word' id='word_1_224' title='bbox 328 4189 553 4256; x_wconf 80' lang='lat' dir='ltr'><strong>prototyporum.</strong></span> <span class='ocrx_word' id='word_1_225' title='bbox 576 4181 677 4256; x_wconf 84' lang='lat' dir='ltr'><strong>ltaque</strong></span> <span class='ocrx_word' id='word_1_226' title='bbox 691 4199 783 4239; x_wconf 75' lang='lat' dir='ltr'><strong>maon</strong></span> <span class='ocrx_word' id='word_1_227' title='bbox 798 4181 854 4255; x_wconf 82' lang='lat' dir='ltr'><strong>est]</strong></span> <span class='ocrx_word' id='word_1_228' title='bbox 870 4180 949 4239; x_wconf 79' lang='lat' dir='ltr'><strong>eolla.</strong></span> <span class='ocrx_word' id='word_1_229' title='bbox 971 4179 1167 4257; x_wconf 78' lang='lat' dir='ltr'><strong>Proponamus</strong></span> <span class='ocrx_word' id='word_1_230' title='bbox 1180 4179 1275 4255; x_wconf 81' lang='lat' dir='ltr'><strong>itaque</strong></span> 
     </span>
     <span class='ocr_line' id='line_1_33' title="bbox 172 4258 1273 4382; baseline -0.003 -66"><span class='ocrx_word' id='word_1_231' title='bbox 172 4276 313 4316; x_wconf 85' lang='lat' dir='ltr'><strong>canonem</strong></span> <span class='ocrx_word' id='word_1_232' title='bbox 327 4259 359 4316; x_wconf 81' lang='grc' dir='ltr'><strong>Ρ.</strong></span> <span class='ocrx_word' id='word_1_233' title='bbox 442 4262 541 4338; x_wconf 66' lang='lat' dir='ltr'><strong>tque]</strong></span> <span class='ocrx_word' id='word_1_234' title='bbox 558 4261 634 4382; x_wconf 47' lang='lat' dir='ltr'><strong>puori</strong></span> <span class='ocrx_word' id='word_1_235' title='bbox 648 4261 681 4318; x_wconf 89' lang='lat' dir='ltr'><strong>P.</strong></span> <span class='ocrx_word' id='word_1_236' title='bbox 769 4271 784 4303; x_wconf 88' lang='lat'>¹</span> <span class='ocrx_word' id='word_1_237' title='bbox 798 4259 997 4333; x_wconf 81' lang='lat' dir='ltr'><strong>acatalectum]</strong></span> <span class='ocrx_word' id='word_1_238' title='bbox 1014 4258 1226 4317; x_wconf 77' lang='lat' dir='ltr'><strong>acatalecticum</strong></span> <span class='ocrx_word' id='word_1_239' title='bbox 1242 4259 1273 4314; x_wconf 85' lang='grc' dir='ltr'><strong>Ρ.</strong></span> 
     </span>
    </p>
   </div>
   <div class='ocr_carea' id='block_1_5' title="bbox 173 4339 1274 4578">
    <p class='ocr_par' dir='ltr' id='par_1_5' title="bbox 173 4339 1274 4578">
     <span class='ocr_line' id='line_1_34' title="bbox 173 4339 1274 4430; baseline -0.001 -35"><span class='ocrx_word' id='word_1_240' title='bbox 173 4345 190 4380; x_wconf 79' lang='lat'>⁸</span> <span class='ocrx_word' id='word_1_241' title='bbox 203 4357 261 4396; x_wconf 90' lang='lat' dir='ltr'><strong>non</strong></span> <span class='ocrx_word' id='word_1_242' title='bbox 275 4340 348 4414; x_wconf 72' lang='lat' dir='ltr'><strong>um]</strong></span> <span class='ocrx_word' id='word_1_243' title='bbox 365 4349 424 4396; x_wconf 79' lang='lat' dir='ltr'><strong>tam</strong></span> <span class='ocrx_word' id='word_1_244' title='bbox 439 4339 472 4398; x_wconf 84' lang='grc' dir='ltr'><strong>Ρ.</strong></span> <span class='ocrx_word' id='word_1_245' title='bbox 595 4339 762 4415; x_wconf 89' lang='lat' dir='ltr'><strong>dimetrum]</strong></span> <span class='ocrx_word' id='word_1_246' title='bbox 778 4359 830 4420; x_wconf 87' lang='lat' dir='ltr'><strong>per</strong></span> <span class='ocrx_word' id='word_1_247' title='bbox 843 4339 995 4400; x_wconf 87' lang='lat' dir='ltr'><strong>dimetrum</strong></span> <span class='ocrx_word' id='word_1_248' title='bbox 1010 4341 1042 4398; x_wconf 92' lang='lat' dir='ltr'><strong>P.</strong></span> <span class='ocrx_word' id='word_1_249' title='bbox 1133 4348 1274 4430; x_wconf 70' lang='lat' dir='ltr'><strong>epercur-</strong></span> 
     </span>
     <span class='ocr_line' id='line_1_35' title="bbox 174 4414 1272 4498; baseline -0.002 -23"><span class='ocrx_word' id='word_1_250' title='bbox 174 4416 276 4494; x_wconf 87' lang='lat' dir='ltr'><strong>rerint]</strong></span> <span class='ocrx_word' id='word_1_251' title='bbox 293 4431 530 4496; x_wconf 83' lang='lat' dir='ltr'><strong>percucurrerunt</strong></span> <span class='ocrx_word' id='word_1_252' title='bbox 544 4419 575 4477; x_wconf 86' lang='lat' dir='ltr'><strong>P.</strong></span> <span class='ocrx_word' id='word_1_253' title='bbox 590 4420 814 4498; x_wconf 82' lang='lat' dir='ltr'><strong>percucuncrint</strong></span> <span class='ocrx_word' id='word_1_254' title='bbox 827 4421 871 4480; x_wconf 85' lang='lat' dir='ltr'><strong>ed.</strong></span> <span class='ocrx_word' id='word_1_255' title='bbox 887 4422 969 4478; x_wconf 81' lang='lat' dir='ltr'><strong>Cana.</strong></span> <span class='ocrx_word' id='word_1_256' title='bbox 1074 4414 1272 4496; x_wconf 74' lang='lat' dir='ltr'><strong>doolugenur]</strong></span> 
     </span>
     <span class='ocr_line' id='line_1_36' title="bbox 173 4497 688 4578; baseline 0.004 -22"><span class='ocrx_word' id='word_1_257' title='bbox 173 4497 348 4578; x_wconf 79' lang='lat' dir='ltr'><strong>colliguntur</strong></span> <span class='ocrx_word' id='word_1_258' title='bbox 357 4500 388 4556; x_wconf 89' lang='grc' dir='ltr'><strong>Ρ.</strong></span> <span class='ocrx_word' id='word_1_259' title='bbox 470 4501 560 4574; x_wconf 72' lang='lat' dir='ltr'><strong>enn]</strong></span> <span class='ocrx_word' id='word_1_260' title='bbox 576 4511 642 4558; x_wconf 90' lang='lat' dir='ltr'><strong>octo</strong></span> <span class='ocrx_word' id='word_1_261' title='bbox 657 4501 688 4558; x_wconf 90' lang='lat' dir='ltr'><strong>P.</strong></span> 
     </span>
    </p>
   </div>
   <div class='ocr_carea' id='block_1_6' title="bbox 718 4617 743 4666">
    <p class='ocr_par' dir='ltr' id='par_1_6' title="bbox 718 4617 743 4666">
     <span class='ocr_line' id='line_1_37' title="bbox 718 4617 743 4666; baseline 0 0"><span class='ocrx_word' id='word_1_262' title='bbox 718 4617 743 4666; x_wconf 87' lang='lat' dir='ltr'>U</span> 
     </span>
    </p>
   </div>
   <div class='ocr_carea' id='block_1_7' title="bbox 0 0 1577 5120">
    <p class='ocr_par' dir='ltr' id='par_1_7' title="bbox 0 0 1577 5120">
     <span class='ocr_line' id='line_1_38' title="bbox 0 0 1577 5120; baseline 0 0"><span class='ocrx_word' id='word_1_263' title='bbox 0 0 1577 5120; x_wconf 95' lang='lat' dir='ltr'><strong> </strong></span> 
     </span>
    </p>
   </div>
  </div>
 </body>
</html>
