3100 5142
256 385 329 446 314
603 369 715 444 Atilii
732 369 989 444 Fortnnotioni
1228 393 1312 442 ena.
1330 391 1356 440 r.

259 555 364 630 metri
391 569 538 656 rgenere
565 555 670 628 unius
705 555 861 641 iambici,
889 555 975 652 quia
1001 581 1056 627 res
1087 554 1266 653 exigebat,
1291 579 1358 624 nos

259 699 324 746 suo
341 673 421 746 loco
438 671 607 746 diximus.
648 669 723 745 Hic
740 685 864 744 auctor
881 671 1104 744 'trimetrum
1123 682 1292 743 scazonta
1308 667 1361 740 fe-

259 789 321 878 cit,
339 785 375 860 id
392 801 458 874 est,
475 786 758 860 claudicantem:
785 785 887 883 eujus
913 787 970 860 lex
996 786 1080 859 talis
1096 799 1161 870 est,
1179 799 1219 858 ut
1237 783 1360 884 proxi-

260 925 319 976 ma
337 903 476 976 ultimae
495 903 640 1002 syllabae
658 901 785 1001 utique
801 902 848 975 sit
864 902 982 1002 longa,
997 915 1034 974 et
1051 927 1118 1001 pro
1130 901 1253 974 iambo
1266 899 1363 1000 pede

259 1045 381 1094 versus
410 1017 571 1120 spondeo
598 1017 745 1090 liniatur
773 1034 835 1092 aut
862 1019 1040 1102 trochoe03
1066 1017 1237 1114 quoniam
1266 1017 1359 1088 nihil

233 1135 419 1224 =interest,
435 1132 630 1208 novissima
656 1133 793 1232 syllaba
810 1133 926 1208 brevis
952 1161 997 1206 an
1019 1133 1126 1232 longa
1143 1133 1199 1206 sit.
1243 1131 1361 1227 Cujus

259 1252 482 1351 exemplum,

431 1365 518 1432 Sella
532 1367 569 1428 in
583 1365 702 1430 sociati
717 1375 842 1430 nmmo
856 1365 987 1429 Nonius
1000 1363 1105 1436 sedetr

259 1505 301 1552 ac
318 1505 384 1580 pro
400 1477 511 1564 sedet,
527 1475 632 1562 sedit,
649 1475 717 1548 erit
733 1501 873 1560 scazon,

432 1593 519 1658 Sella
533 1593 569 1654 in
582 1591 688 1656 merarii
700 1600 826 1654 struma
839 1591 970 1654 Nonius
982 1589 1072 1653 redit.

260 1735 381 1782 rursus
406 1707 669 1807 permutatione
698 1707 888 1780 verborum
914 1721 951 1780 et
978 1708 1074 1781 bunc
1099 1707 1206 1781 faciet
1232 1708 1362 1781 iambi-

261 1849 357 1912 cum,
374 1836 412 1896 et
429 1823 530 1894 illum
550 1837 730 1910 scazonta,

431 1938 501 2000 Nec
514 1940 673 2002 recitatur
686 1938 815 2004 emero
828 1941 912 2003 truci
926 1939 1023 2004 miles.

261 2045 331 2122 hoc
357 2062 478 2122 autem
507 2049 556 2122 ita
583 2049 659 2122 fieri
688 2051 971 2142 observabimus,
995 2049 1025 2123 si
1053 2062 1115 2122 aut
1143 2049 1261 2124 ultimi
1286 2049 1362 2124 duo

261 2161 369 2265 pedes
392 2189 437 2237 ex
467 2163 675 2262 vdisyllabis
700 2166 874 2240 absolutis
901 2165 1018 2240 verbis
1044 2166 1361 2254 consumunmt

262 2293 410 2378 quartus
437 2278 590 2378 semipes
616 2282 790 2379 posterior
809 2307 893 2356 cum
914 2283 1155 2380 'insequente
1182 2281 1274 2379 pede
1298 2282 1361 2354 tri-

263 2397 440 2498 syllabum
455 2397 595 2496 perlicit
607 2395 770 2486 verbum,
780 2383 1135 2494 tanquam'Noniun
1155 2397 1281 2494 utique
1298 2423 1362 2470 au·

261 2529 336 2586 tem
349 2527 470 2586 sextus
485 2537 547 2610 pes
561 2513 762 2610 perfeetum
774 2512 905 2586 habeat
918 2511 1173 2612 ¹disyllabum,
1186 2529 1358 2609 tanquam

231 2642 278 2704 st
283 2629 388 2716 sedit,
391 2625 505 2728 fecit,
524 2628 627 2701 dreit.
662 2627 733 2700 Sed
752 2654 835 2701 eum
850 2627 954 2702 facile
971 2643 1088 2702 rectus
1106 2628 1283 2701 iambicus
1300 2627 1363 2700 ad·

262 2745 382 2818 mittat
399 2744 527 2842 quinto
544 2744 623 2817 loco
636 2743 849 2842 spondeum,
871 2745 930 2818 hie
943 2771 1074 2818 scazon
1091 2744 1269 2844 pessimus
1282 2745 1363 2834 erit,

262 2861 324 2959 qui
344 2859 508 2934 habuerit
531 2859 641 2932 aliurn
660 2859 789 2957 quinto
806 2861 886 2933 loco
904 2885 1013 2958 quam
1041 2859 1261 2944 iambicum;
1288 2885 1361 2956 quo

262 2993 385 3050 tamen
411 2976 488 3049 sine
509 2975 679 3074 religione
703 3001 788 3048 usus
805 2991 861 3049 est
879 2975 1090 3076 Hipponax.
1132 2975 1222 3073 Ejus
1238 3001 1363 3050 exem-

265 3093 381 3192 plum,

434 3207 503 3271 Nec
517 3209 676 3272 recitatur
689 3208 817 3272 emmo
831 3208 920 3273 miles
934 3229 1040 3274 rauco.

263 3333 382 3407 'Nam
402 3331 430 3406 si
450 3333 585 3422 feceris,

434 3465 504 3530 Nec
516 3467 675 3530 excitatur
688 3467 816 3531 clasmco
825 3469 921 3556 pedes
935 3489 1043 3533 rauco.

263 3607 485 3710 probabilem
521 3607 629 3680 facies
663 3611 921 3700 choliambum,
950 3611 995 3686 de
1026 3639 1099 3710 quo
1133 3611 1234 3710 plura
1265 3610 1361 3683 alias.

236 3723 367 3802 ildem
396 3721 482 3795 fecit
509 3721 708 3821 Hipponax
736 3727 772 3798 in
801 3743 968 3802 scazonte
992 3728 1165 3826 quadrato
1191 3727 1288 3825 quod
1322 3726 1360 3798 in

265 3841 440 3930 trimetro,
458 3837 560 3934 cujus
577 3841 786 3938 exemplum
805 3857 871 3932 est,

305 4059 429 4122 rgenere
443 4049 523 4104 nnius
536 4046 656 4120 ianrbici]
673 4049 752 4105 nnius
765 4051 878 4109 iambice
890 4071 990 4126 genere
1003 4054 1042 4112 V.
1166 4061 1179 4094 ⁸
1190 4051 1359 4168 mirum]

267 4175 408 4235 'trimetron
425 4177 458 4233 V.
591 4182 599 4214 ¹
619 4179 709 4234 curuli
722 4186 828 4238 struma
843 4181 950 4239 Nonius
962 4183 1050 4258 sedet]
1074 4185 1164 4240 curuli
1177 4183 1280 4240 sentino
1294 4182 1363 4237 sedit

267 4259 374 4315 Nonius
388 4257 424 4317 V.
440 4257 489 4336 qui
503 4277 569 4316 mox
584 4278 642 4326 om.
658 4279 691 4317 ac
701 4263 1031 4334 protecter-iambicam.
1137 4275 1152 4306 v
1165 4261 1290 4339 syllabis]
1308 4263 1360 4317 dir*

265 4337 376 4413 syllabis
391 4338 426 4396 V.
507 4349 529 4379 '¹
543 4341 681 4415 sequente]
696 4349 822 4415 sequente
832 4345 903 4418 pede
915 4343 952 4401 V.
990 4363 996 4378 ·
1045 4353 1061 4386 ¹
1075 4343 1251 4419 disyllabum]
1269 4343 1364 4418 dissyl-

266 4420 347 4476 lubrm
357 4417 394 4474 V.
495 4420 611 4492 tsedct]
628 4424 698 4478 redit
711 4421 748 4477 V.
847 4424 950 4482 *Nam
963 4427 987 4481 si
990 4423 1109 4502 seceris]
1126 4427 1167 4483 Ar
1180 4429 1203 4483 ri
1207 4424 1313 4502 fecerit
1327 4421 1364 4478 V:

265 4501 336 4558 lllox
349 4499 528 4557 clroliombum
543 4498 674 4577 dedi-pro
688 4501 880 4559 choriambum.
900 4502 906 4516 ’
