3124 5120
307 408 377 468 110
690 386 810 462 Marii
830 387 1007 464 Victorirss‘
1266 411 1342 462 urs.
1361 413 1405 464 ιι.

302 575 404 652 nistri
432 574 556 660 iambi,
582 573 617 646 id
642 585 708 658 est,
734 571 936 670 disparibus
963 597 1067 671 pares
1092 570 1238 646 subditi.
1282 571 1405 668 Hujus

302 691 525 790 exemplum,

451 805 570 880 Musa
586 805 717 880 Jovem
734 804 885 878 laudate
901 811 1074 876 concentu
1092 803 1192 876 bono.

257 941 290 989 24
303 918 496 996 Comicum
514 935 647 1010 autem,
665 919 761 1019 quod
788 931 1013 1018 auapaestum
1032 930 1069 990 et
1086 917 1295 1018 tribrachyn
1314 945 1404 1017 prac-

301 1036 408 1110 dictis
425 1034 611 1123 admiscet,
628 1049 681 1124 ut,

400 1151 516 1249 Agite
533 1150 624 1248 quid
639 1149 830 1224 ‘dubitatis
847 1147 966 1248 agiles
984 1146 1073 1220 dare
1089 1171 1185 1219 nunc
1202 1148 1338 1222 choros.

301 1266 506 1340 Ismbicum
527 1277 648 1337 autem
666 1264 787 1362 ssquod
808 1291 853 1336 ex
872 1265 1041 1336 omnibus
1067 1263 1197 1336 iambis
1223 1263 1323 1337 nullo
1341 1263 1403 1338 ad-

302 1382 417 1456 mixto
434 1381 610 1470 subsistit,
627 1407 703 1478 quo
720 1379 968 1478 iambographi
989 1379 1149 1452 maxime
1166 1379 1336 1477 gaudent,
1351 1395 1402 1469 ut,

399 1497 541 1571 Beatus
557 1495 622 1570 ille
639 1497 702 1596 qai
714 1495 849 1593 procul
863 1497 1032 1594 negotiis.

257 1633 286 1684 ²⁵
300 1613 471 1712 Superest
497 1613 704 1711 satyricum,
721 1610 819 1709 quod
846 1609 939 1682 inter
962 1608 1139 1708 tragicum
1167 1624 1204 1682 et
1221 1609 1401 1682 cornicum

301 1729 434 1826 stylum
455 1727 614 1800 medium
634 1741 699 1800 est.
753 1729 845 1801 Hoec
863 1725 959 1825 apud
977 1725 1123 1798 Groecos
1142 1725 1247 1798 metri
1266 1725 1402 1824 species

300 1843 466 1941 frequens
492 1856 547 1915 est
572 1844 640 1914 sub
665 1842 733 1914 hac
756 1841 974 1915 conditionis
996 1839 1087 1938 lege,
1112 1854 1247 1914 utnon
1275 1840 1402 1914 heroas

301 1973 362 2032 aut
395 1985 506 2058 reges,
540 1958 602 2032 sed
637 1973 774 2055 satyros
809 1955 966 2044 inducat,
1004 1954 1150 2028 ludendi
1182 1955 1403 2052 jocandique

300 2101 419 2165 causa,
448 2099 523 2172 quo
551 2072 761 2173 spectatoris
792 2072 934 2144 animus
969 2071 1062 2144 inter
1095 2071 1214 2144 tristes
1247 2097 1303 2144 res
1332 2084 1403 2144 trc-

300 2189 397 2287 gicas
424 2201 623 2288 satyrorum
641 2189 735 2286 jocis
753 2200 789 2260 et
806 2187 944 2260 lusibus
962 2187 1151 2276 relaxetur,
1168 2186 1264 2284 quod
1284 2187 1400 2262 Hora-

299 2305 371 2378 tius
391 2303 446 2377 his
464 2303 625 2376 versibus
643 2315 806 2389 testatur,
879 2291 882 2296 Δ

406 2419 577 2494 Carmine
594 2419 659 2518 qui
675 2419 819 2517 tragico
835 2415 943 2491 uilem
960 2417 1115 2491 certauit
1131 2417 1175 2492 od
1192 2418 1344 2506 hircum,

401 2533 496 2607 Mor
512 2535 621 2608 etiam
639 2533 800 2633 agrestis
815 2541 959 2629 satyrus
975 2533 1139 2620 nudavit,
1154 2543 1190 2606 st
1206 2557 1316 2630 asper

400 2647 579 2722 Inoetami
592 2647 915 2747 gravitatejocum
932 2649 1135 2744 temptavit,
1151 2673 1191 2722 so
1207 2649 1305 2745 quod

401 2762 587 2840 Illeceltis
604 2775 695 2851 erat,
712 2773 750 2838 et
762 2773 878 2864 grata
894 2762 1055 2838 nouitate
1071 2763 1268 2836 morandus

402 2879 604 2976 Spectator.

258 3008 289 3060 τό
302 2993 411 3077 Quod
437 3021 549 3092 genus
574 2997 683 3068 nostri
702 2997 740 3068 in
758 2993 934 3068 Atellanis
962 2993 1107 3066 habent.
1152 2993 1321 3068 Gaudent
1339 3021 1401 3068 au·

301 3121 376 3182 tem
403 3109 589 3208 trisyllaba
612 3109 715 3208 pede,
731 3125 768 3183 et
794 3109 953 3183 maxime
980 3108 1216 3182 “tribracho
1266 3109 1402 3184 Exem-

300 3223 403 3320 plum
422 3224 541 3319 hujus,

401 3337 520 3414 Muses
535 3341 668 3414 Jovcm
685 3340 835 3414 landate
852 3351 887 3414 et
903 3337 1021 3440 agiles
1039 3339 1123 3412 date
1141 3337 1275 3412 choros.

257 3476 287 3529 ²7
352 3452 452 3528 Inter
470 3455 547 3528 haec
565 3481 636 3527 non
655 3455 914 3554 supersederim
934 3481 1049 3554 pauca
1067 3454 1175 3526 etiam
1194 3453 1240 3528 de
1254 3453 1399 3528 chorico

301 3583 417 3642 metro
440 3569 568 3655 dicere,
586 3570 684 3668 quod
709 3585 764 3642 eat
788 3571 956 3668 frequens
977 3571 1016 3644 in
1039 3569 1246 3668 tragoediis:
1273 3569 1400 3667 incipit

301 3698 422 3757 autem
442 3711 461 3758 a
478 3683 667 3770 hdimetm,
685 3697 884 3784 tamquam,

400 3807 488 3881 Non
505 3807 711 3907 luborjam.

340 4005 500 4068 fdubitatis
514 4008 599 4089 agiles
609 4010 675 4068 dare
689 4010 779 4083 nunc]
793 4009 924 4066 dubitant
938 4029 1014 4067 nunc
1029 4009 1114 4088 agiles
1126 4009 1193 4068 dare
1204 4009 1235 4066 P.
1277 4009 1394 4085 equod]

299 4104 347 4182 qui
361 4105 393 4163 P.
475 4107 676 4180 tttdbracho]
693 4107 833 4183 tribrachy
849 4106 880 4164 P.
962 4103 1129 4180 ¹¹dimetro]
1146 4107 1282 4164 dimetros
1296 4108 1328 4165 P.

342 4253 390 4311 26.
404 4253 557 4328 Atellanis]
575 4253 730 4312 Diomedes
744 4254 827 4312 docet
869 4255 947 4314 sonis
981 4257 1145 4334 Satyrorum
1175 4267 1205 4314 et
1234 4256 1397 4314 faunonrm

299 4332 435 4392 iuteresse
450 4335 503 4392 hoc
524 4333 597 4393 inter
611 4348 731 4412 satyram
746 4335 825 4392 Groe·
867 4336 1002 4404 studeret,
1032 4337 1075 4395 hae
1097 4337 1132 4394 ad
1159 4337 1281 4396 eundem
1312 4338 1397 4394 finem

298 4431 361 4470 cam
375 4427 404 4470 et
418 4413 571 4482 Atellanas,
587 4415 661 4492 quod
678 4413 726 4472 illa
740 4415 825 4472 risum
867 4417 1055 4492 producerent
1069 4436 1206 4494 personas
1215 4418 1290 4476 leves
1302 4428 1332 4476 et
1345 4417 1397 4476 ob·

299 4494 587 4554 morereintroductis
595 4495 751 4574 agrestibus
762 4514 825 4572 per·
867 4515 986 4556 scoeuas
1009 4499 1160 4556 CAMER.
