3082 5140
124 419 210 470 css.
224 411 258 470 2.
448 393 901 474 DeMetn'sOmtornrm.
1151 415 1222 496 891

179 579 445 664 ‘Quintilianus
463 579 499 654 in
517 591 592 654 arte
607 579 654 654 dc
670 583 830 656 numeris
847 595 885 656 et
901 595 1079 660 structura
1090 583 1230 660 Denso-

126 693 266 782 athenis
287 693 339 768 sic
356 691 462 768 dicit:
489 702 514 738 “
526 693 626 770 Nam
645 697 748 768 solit
765 709 806 770 ut
823 697 1083 772 Demosthenis
1106 725 1230 773 severa

126 817 152 851 “
172 808 335 882 videatur
347 809 573 910 composlth,
585 808 664 891 'soit
676 819 750 892 denir
761 811 892 908 ἄχομαι
905 825 983 886 πᾶσι
994 811 1045 886 ssi
1056 818 1184 904 πάσαις,
1193 829 1231 888 et

125 933 149 966 “
167 923 240 1012 illa,
257 924 355 1021 quod
371 925 420 1000 ab
434 951 519 1014 uuo,
532 924 628 1023 quod
645 925 770 1014 sciam,
783 927 899 1002 Bruto
914 928 1035 1002 minus
1045 932 1229 1030 probatur,

127 1053 152 1084 ‘⁸
170 1039 297 1112 ceteris
313 1041 444 1140 placet,
461 1037 540 1114 ‘sals
551 1043 645 1135 μήπω
661 1045 773 1143 βάλλῃ
784 1043 865 1136 μηδὲ
882 1043 1017 1144 τοξεύῃ)
1068 1045 1173 1120 Idem
1192 1047 1228 1120 in

127 1154 226 1230 halio
239 1156 319 1230 loco
330 1157 402 1230 sic:
420 1165 444 1198 “
455 1155 559 1230 Talis
570 1169 657 1230 sunt
668 1156 929 1232 Demosthenis
946 1157 1102 1234 ¹oeirrsal
1114 1165 1231 1242 πάσαις

127 1283 152 1316 “
170 1269 221 1346 «sl
232 1283 326 1346 πᾶσιν
338 1271 418 1367 ὑμῖν.
441 1270 492 1344 Et
501 1299 595 1370 pene
605 1285 722 1346 totum
736 1272 984 1371 principium.”
1001 1275 1045 1348 ln
1056 1271 1230 1349 ¹‘eliosicr

127 1397 153 1431 “
171 1387 240 1462 Est
252 1401 292 1462 et
304 1386 511 1476 dochmius,
529 1389 649 1486 quint
666 1415 711 1462 ex
729 1389 881 1464 bacchio
895 1403 934 1464 et
954 1390 1088 1473 iambo,
1105 1391 1161 1464 uel
1184 1417 1233 1463 eu

128 1513 154 1547 ‘⁶
172 1503 294 1576 iambo
304 1516 340 1578 et
351 1503 498 1594 cretico,
511 1503 647 1578 stabilis
664 1504 700 1578 in
712 1503 881 1578 clnsssdis
891 1518 929 1577 et
939 1531 1091 1578 seuerus.
1117 1505 1234 1604 Sponss

128 1627 154 1662 ‘⁶
171 1617 259 1692 deus
275 1643 420 1716 quoque
434 1645 511 1714 quo
527 1619 725 1717 plurimum
743 1635 800 1692 est
817 1618 1084 1694 Demosthenes
1104 1620 1217 1694 ours.”

182 1731 396 1808 ¹Dlomedes
429 1734 483 1810 sic
516 1733 604 1808 dicit
635 1733 671 1808 in
700 1735 792 1808 libro
816 1733 1007 1808 msecundo
1025 1734 1115 1810 artis
1137 1759 1233 1810 suoe:
1249 1763 1274 1799 ιι

130 1848 289 1947 “Igitur
314 1848 493 1948 spondeus
519 1876 539 1922 c
563 1847 704 1924 duabus
730 1849 877 1946 syllabis
904 1849 1022 1947 longis
1051 1863 1155 1949 aptus
1180 1862 1235 1924 est

131 1974 155 2008 “
169 1963 353 2055 eleusulis,
363 1963 529 2062 qualibus
544 1963 703 2038 maxime
715 1963 983 2040 Demosthenes
996 1963 1120 2052 utitur,
1134 1977 1234 2038 ”sorr

130 2089 156 2122 “
171 2077 225 2153 sal
240 2083 357 2162 πάσαις
380 2078 432 2152 sai
455 2091 549 2154 πᾶσιν
569 2079 648 2174 ὑμῖν.
700 2077 826 2154 Habet
841 2079 939 2152 enirn
968 2105 1093 2176 graves
1118 2107 1235 2164 sonos,

132 2197 357 2294 “finemque
374 2221 509 2284 sensus,
525 2207 562 2270 et
575 2195 749 2268 clausulae
770 2197 892 2268 firmas
918 2185 1019 2268 sedes
1037 2195 1236 2280 constituit,

132 2319 156 2352 “
174 2325 215 2384 ut
239 2309 445 2408 reipublice
469 2335 611 2400 casura,
635 2318 675 2384 et
704 2333 809 2382 orosa
831 2310 982 2406 wmpri,
1003 2321 1041 2386 et
1067 2335 1143 2382 esse
1165 2335 1237 2406 pro

133 2434 157 2467 “
173 2426 284 2500 nohis.
337 2425 488 2500 Gravior
505 2439 561 2500 est
578 2437 698 2500 autem
727 2425 835 2524 longa
858 2423 996 2523 syllaba
1012 2424 1238 2522 praecedente

134 2552 159 2584 “
176 2567 285 2638 quam
312 2542 431 2616 brevi:
457 2541 561 2616 aliter
585 2541 682 2616 enim
710 2555 814 2615 sonat
838 2565 943 2614 marso
967 2541 1114 2638 sumpsi,
1137 2539 1239 2612 aliter

136 2665 160 2700 “
178 2669 279 2732 ⁰esse
289 2683 362 2756 pro
377 2658 506 2732 nobo?

185 2771 314 2846 Cicero
339 2772 386 2848 ad
409 2772 659 2846 rHerennium
687 2772 727 2846 in
752 2784 828 2844 arte
854 2771 906 2848 sic
930 2771 1021 2870 ‘lsepl
1045 2771 1237 2869 ὑπερβάτονε
1256 2813 1282 2849 n

136 2897 159 2929 “
173 2885 435 2983 Hujuscemodi
455 2887 675 2984 transjectio,
693 2913 775 2984 quae
794 2912 868 2960 sem
888 2913 960 2962 non
978 2887 1096 2964 reddit
1111 2889 1241 2964 obscu-

137 3015 160 3046 “
178 3028 266 3090 ram,
285 3002 439 3076 multum
464 3002 623 3103 proderit
649 3001 692 3076 ad
720 3001 1020 3090 continuationes,
1037 3003 1083 3078 de
1106 3005 1240 3101 quibus

137 3129 160 3160 ‘⁶
178 3131 263 3192 sote
285 3116 425 3192 dictum
447 3133 526 3192 est:
552 3117 598 3192 de
622 3118 753 3215 quibus
779 3133 922 3219 oportet
940 3119 1047 3193 verba
1064 3119 1169 3192 sicuti
1195 3119 1239 3192 ad

137 3243 158 3277 ‘⁶
175 3233 357 3333 poeticam
380 3247 544 3308 extmere
566 3257 773 3320 numerum,
793 3247 833 3306 ut
858 3235 1016 3334 perfecte
1030 3245 1069 3308 et
1094 3245 1243 3333 ‘perpo-

136 3359 161 3392 “
179 3349 344 3424 litissimc
362 3349 502 3448 possint
519 3375 595 3422 esse
611 3348 815 3424 absolutae.n

188 3464 248 3540 De
274 3463 445 3554 numeris,
463 3463 499 3540 id
520 3477 577 3538 est
599 3463 645 3540 de
670 3466 871 3550 structuris.
894 3465 968 3540 sive
981 3463 1030 3538 de
1049 3463 1242 3540 continue-
1258 3507 1285 3556 13

137 3582 249 3670 tione,
268 3582 342 3656 sive
365 3581 412 3656 de
438 3581 701 3680 compositione
726 3580 873 3656 'Cicero
898 3579 951 3656 sic
975 3578 1083 3654 dicit:
1109 3579 1243 3654 “Lon-

138 3707 161 3742 “
177 3697 326 3796 gissimo
356 3711 411 3772 est
439 3695 548 3796 igitur
573 3695 782 3796 complexio
809 3699 1011 3786 verborum,
1037 3723 1117 3794 quse
1146 3697 1241 3769 volvi

138 3823 161 3858 “
178 3840 252 3888 uno
270 3813 398 3913 spiritu
423 3825 560 3913 potest:
587 3813 649 3888 sed
677 3813 736 3888 hic
762 3829 897 3890 naturae
924 3811 1053 3888 modus
1074 3823 1140 3898 est,
1157 3809 1241 3882 artis

180 3977 388 4047 feste-stom<
398 3999 457 4039 om.
467 3980 539 4038 Ven.
594 3989 612 4036 8
624 3978 796 4051 eds-sefela)
807 3999 866 4038 om.
875 3975 1006 4038 venet»
1018 3979 1091 4050 μήτι
1102 3976 1243 4047 βαλλαίμην

139 4063 201 4118 atil
213 4065 256 4132 ζῆν
269 4061 333 4119 Ald.
448 4057 537 4118 halio
551 4060 629 4135 loco]
645 4059 682 4120 ib.
697 4081 719 4118 s.
736 4076 785 4136 73.
901 4055 1099 4129 ham-aon]
1116 4053 1145 4111 sl
1156 4051 1243 4131 plprl

137 4144 257 4214 ιρόπιν
275 4144 345 4218 παρὰ
358 4142 404 4210 rip
416 4138 491 4208 Klots
503 4141 603 4217 ἇᾴρμῆ
617 4148 659 4198 τοῦ
672 4147 752 4206 aas&
772 4145 864 4216 φμῒι
883 4144 934 4202 τοῖς
953 4136 1060 4204 luisses
1079 4137 1185 4210 pheras.
1207 4139 1247 4194 tet

138 4222 168 4289 lit
181 4225 313 4294 χρημάτων
326 4224 370 4280 sal
383 4220 441 4278 duo
454 4226 538 4278 solvo
550 4223 615 4278 otto
627 4227 685 4278 loss
698 4221 815 4293 γινέσθω
828 4225 876 4276 ss'is
888 4217 986 4276 bainus
1000 4215 1072 4274 Ven.
1139 4211 1156 4260 k
1170 4214 1240 4293 llio]

140 4299 180 4358 ib.
194 4320 218 4360 s.
232 4319 281 4378 97.
377 4299 387 4346 ¹
401 4299 570 4376 Diomedes]
586 4299 651 4358 Lib.
665 4301 705 4358 11.
719 4319 747 4376 p.
763 4299 834 4373 465.
927 4295 1101 4372 ¹¹secundo]
1118 4315 1153 4355 11
1167 4299 1242 4357 Ven.

142 4391 159 4424 ¹¹
172 4389 237 4439 πᾶσι
250 4393 304 4440 etc.
319 4401 377 4440 ons.
392 4383 466 4440 Ven.
573 4391 590 4424 ⁰
603 4399 665 4440 esse
677 4398 737 4438 om.
754 4379 826 4436 Vcn.
842 4377 906 4436 Ald.
1014 4379 1240 4453 PHereoniurn]

142 4459 209 4520 Lib.
225 4462 279 4520 1v.
293 4481 319 4520 c.
334 4480 384 4538 32·
445 4463 527 4536 (ιπερὶ
540 4463 677 4538 susspectus
689 4479 747 4517 om.
763 4459 835 4516 Ven.
851 4457 901 4536 qui
917 4476 980 4516 mox
995 4461 1109 4536 poterit.
1163 4471 1243 4538 tpo·

142 4539 284 4616 litissime]
300 4541 487 4622 ppolitissime
500 4542 573 4600 Ven.
656 4551 669 4584 ¹
683 4539 796 4616 Cicero]
814 4541 860 4599 De
874 4541 954 4600 Oret.
969 4539 1024 4598 111.
1039 4557 1088 4615 47.
