3076 5140
292 419 363 478 202
670 403 791 478 Marii
809 401 996 476 Victoriam
1244 423 1319 474 nm.
1337 426 1392 478 tv.

292 585 368 659 Hic
383 613 449 686 pro
461 587 619 662 trochaeo
634 587 835 684 tribrachys
853 585 1003 686 positus,
1021 586 1130 684 longa
1147 585 1184 658 in
1201 584 1291 658 duaa
1308 587 1390 658 bre-

292 726 352 773 ves
379 703 496 775 soluta
513 702 581 776 ribi
596 727 650 788 ve,
669 701 855 798 utriusque
874 701 979 774 metri
997 700 1226 799 disciplinam
1248 712 1392 784 tuetur;

292 816 360 888 ribi
376 816 473 888 enim
493 816 553 889 lric
578 842 643 916 pro
661 841 734 888 una
758 816 896 914 syllaba
921 815 1029 912 longa
1047 815 1234 913 accipitur,
1258 822 1320 912 qui
1347 816 1393 888 fit

245 961 277 1012 45
294 944 333 1002 ut
360 930 454 1004 idem
485 956 608 1004 versus
634 932 721 1003 *sub
757 931 944 1026 utriusque
973 929 1181 1002 conditione
1213 941 1391 1002 teneatur.

291 1044 389 1117 Nam
409 1045 485 1144 pari
509 1046 590 1143 lege
604 1043 687 1118 duae
707 1045 840 1130 breves,
859 1044 894 1118 id
912 1059 967 1118 cst
985 1044 1104 1117 media
1122 1057 1231 1140 atque
1247 1043 1392 1130 ultima,

292 1159 330 1230 in
344 1184 454 1232 unam
470 1160 615 1256 longam
629 1171 811 1246 coeuntes,
821 1159 984 1232 iambum
997 1171 1033 1232 et
1045 1159 1245 1230 trochaeum
1258 1157 1392 1229 forma-

292 1274 394 1346 bunt.
446 1273 543 1356 Quid
572 1299 670 1346 nunc
697 1273 743 1346 de
771 1273 1093 1372 proceleusmatico
1119 1265 1298 1344 dixerim?
1323 1270 1389 1366 qui

291 1412 335 1460 ex
352 1389 521 1462 omnibus
549 1388 714 1462 brevibus
741 1388 914 1477 subsistit,
930 1402 973 1462 ut
989 1401 1045 1462 cst
1060 1387 1122 1460 ille
1138 1413 1261 1462 versus
1279 1399 1390 1462 tetra-

292 1517 407 1575 meter
423 1498 669 1584 catalecticum

391 1619 504 1692 Pen‘t
519 1619 597 1691 abit
613 1617 775 1714 ovipedis
790 1615 955 1690 animula
972 1615 1113 1714 leporis.

244 1732 388 1806 4⁶Nam
415 1732 489 1804 fere
515 1733 638 1805 metris
660 1731 829 1804 omnibus
853 1731 993 1804 misceri
1022 1729 1299 1827 communisque
1325 1729 1390 1804 ha-

292 1845 364 1918 beri
396 1845 560 1945 ”poterit
589 1848 617 1919 si
645 1873 729 1920 eum
755 1871 821 1946 per
848 1845 1140 1941 conjunctionem
1168 1844 1389 1942 syllabarum

291 1986 333 2032 ac
350 1974 569 2059 temporum,
586 1977 694 2061 prout
713 1962 996 2058 uniuscujusque
1010 1960 1115 2034 metri
1133 1960 1294 2034 conditio
1310 1961 1390 2033 exi-

245 2093 275 2147 ⁴⁷
290 2074 354 2173 git,
372 2074 563 2148 informare
581 2102 622 2149 ac
647 2076 805 2150 dividere
821 2076 1006 2150 “volueris
1057 2075 1138 2148 Pari
1154 2075 1292 2148 ratione
1313 2075 1391 2173 syl-

289 2189 452 2261 labarum
479 2189 606 2264 divisio
627 2192 682 2264 vel
708 2192 886 2265 connexio
911 2191 1062 2264 eandem
1090 2189 1214 2264 metris
1241 2190 1390 2266 varicta-

289 2317 364 2377 tem
383 2302 495 2390 dabit,
514 2317 565 2394 ut,

442 2419 513 2492 Rei
529 2420 682 2518 magnai
691 2419 859 2518 publicai
876 2417 1052 2518 dgrotr'oi.

289 2533 389 2607 Nam
408 2533 436 2605 si
455 2533 719 2608 ‘diductionem
740 2533 957 2632 syllabarum
977 2533 1022 2606 ad
1036 2533 1211 2607 unitatem
1231 2559 1388 2622 revoces,

290 2662 331 2722 ut
357 2650 403 2722 sit
428 2675 569 2748 magna
595 2664 631 2723 et
652 2649 817 2746 publice,
833 2675 880 2722 ex
897 2649 1060 2721 trimetro
1076 2649 1285 2722 catalectico
1308 2650 1390 2722 bra-

244 2775 276 2835 as
290 2763 580 2861 cbycatalectum
606 2763 808 2836 trimetrum
836 2762 979 2836 efficies.
1031 2764 1098 2837 Per
1122 2765 1387 2838 connexionem

290 2891 425 2966 autem,
443 2877 476 2950 id
497 2893 552 2951 est
569 2904 651 2951 cum
671 2876 751 2950 duae
769 2878 910 2951 vocales
936 2905 1010 2950 non
1032 2879 1243 2977 interposita
1256 2905 1388 2952 conso-

290 3006 400 3064 nante
419 2993 538 3066 media
560 2993 605 3082 in
624 3019 735 3066 unam
754 2991 931 3090 syllabam
949 3007 1139 3091 coguntur,
1156 2992 1252 3066 idem
1279 2994 1387 3082 effici,

289 3107 357 3180 erit
372 3108 540 3206 exemplo
558 3134 678 3181 versus
697 3109 767 3191 hic,

393 3219 485 3294 Cum
503 3230 540 3293 te
546 3221 736 3320 flagranti
752 3219 884 3321 dejecit
900 3219 1075 3319 ‘filiastrae
1091 3221 1256 3296 Platon.

244 3349 277 3400 ⁴9
291 3334 426 3406 scilicet
449 3349 489 3407 ut
506 3335 723 3433 disyllabum
743 3362 877 3408 nomen
894 3361 941 3408 ex
959 3335 1144 3434 trisyllabo
1158 3339 1233 3410 fiat.
1284 3337 1385 3412 Nam

290 3449 320 3520 si
336 3474 501 3522 connexa
514 3450 662 3524 diducas
674 3463 716 3524 ut
730 3451 777 3524 sit
786 3451 967 3537 Platon,
981 3449 1092 3522 heroo
1105 3451 1220 3523 versui
1236 3451 1386 3526 ultimus

290 3577 491 3661 anapaestus
517 3565 774 3662 tadjungetur:
805 3565 856 3638 ita
887 3568 929 3638 lit
956 3579 998 3637 ut
1023 3564 1246 3639 admixtione
1279 3567 1387 3642 unius

244 3703 277 3755 50
289 3677 390 3776 pedis
419 3678 558 3751 diversa
585 3693 780 3752 metrorum
811 3705 943 3778 genera
972 3678 1201 3752 misceantur.
1251 3681 1387 3755 Versus

288 3818 433 3890 quoque
464 3793 785 3894 hendecasyllabos
818 3793 1024 3893 Sapphicus
1058 3793 1155 3866 varia
1188 3795 1385 3871 scandendi

288 3906 462 3980 divisione
479 3907 627 3980 diversis
652 3909 744 3980 inter
764 3933 802 3984 se
830 3907 952 3980 metris
975 3908 1181 3981 communis
1206 3909 1387 3984 reddetur.

287 4019 385 4093 Nam
414 4021 443 4093 si
469 4021 519 4094 ita
544 4022 734 4121 percutias,
751 4035 793 4095 ut
808 4021 947 4121 primus
965 4021 1004 4094 in
1024 4047 1071 4094 eo
1090 4049 1155 4121 pes
1178 4023 1225 4096 sit
1240 4024 1388 4122 disylla-

328 4244 514 4340 ⁸Lutriusquej
530 4249 583 4306 sub
598 4247 743 4372 utriusflus
757 4249 789 4306 P.
850 4245 866 4292 b
880 4250 985 4327 poterit
998 4253 1062 4330 pes]
1076 4251 1182 4329 poterit
1195 4251 1228 4310 P.
1310 4262 1388 4311 evo·

287 4323 386 4400 luens]
403 4326 522 4384 voluerat
535 4329 568 4385 P.
719 4331 805 4408 grati]
820 4330 920 4408 gratini
935 4333 969 4392 P.
1014 4371 1017 4376 -
1082 4330 1321 4406 ‘seductionem
1335 4333 1387 4391 de.

287 4403 451 4544 ιῐὶειιῶιῐίοέιοω
466 4406 499 4464 Ρ.
590 4405 747 4485 ffsrlmine]
763 4410 880 4469 flumine
892 4411 925 4468 Ρ.
1017 4411 1232 4490 sadjungetur]
1250 4412 1387 4493 adjunge-
