3124 5120
170 408 297 470 cam.
507 395 932 472 De'rerramerrovem.
1199 413 1269 490 ¹³9

168 577 225 654 Ex
239 579 296 652 his
309 577 516 677 igituroolis
527 605 589 652 scu
602 578 779 668 dimetria,
792 591 857 652 ”¹¹0
867 579 950 678 quis
959 576 1102 654 duobus
1114 579 1267 680 podibus
1281 607 1296 660 r

167 697 264 792 prior
280 693 447 794 doctylus
464 719 607 792 semper
618 709 684 783 ost,
697 721 850 791 sequeus
868 693 1058 793 spondeus.
1085 695 1266 770 ⁰Rursum

166 821 377 882 tetrametro
402 809 526 898 heroo,
542 809 581 882 in
603 835 677 908 quo
697 822 869 907 quattuor
897 823 1039 884 tantum
1067 810 1215 910 dactyli,
1235 813 1265 886 si

166 923 336 1020 subjicias
352 938 424 996 tres
442 923 580 996 iambos
597 949 641 996 eo
664 949 775 1011 more,
792 949 867 1020 quo
884 935 954 996 tres
973 925 1122 998 trochaei
1140 926 1266 1026 'phol-

166 1039 236 1112 lico
253 1037 484 1136 copulantur,
500 1053 655 1112 metrum
674 1039 876 1112 Sotericum
895 1037 1039 1130 efficies,
1056 1041 1118 1130 ito,

267 1152 429 1226 Artaba
445 1151 645 1226 terribilem
661 1153 819 1228 sonitum
829 1153 967 1252 procul

166 1266 302 1340 dehinc
333 1266 443 1340 iambi
459 1263 602 1366 furore
628 1293 797 1366 cougmo.
858 1267 1042 1340 suanum
1066 1270 1142 1365 ejus
1165 1269 1292 1367 quods

166 1395 325 1454 metrum
351 1396 517 1456 rvocatur
545 1383 672 1481 δίμοιρον
698 1379 807 1470 ἐπικὸν,
832 1407 875 1454 eo
899 1379 997 1478 quod
1021 1381 1129 1456 'duos
1154 1383 1263 1482 pedus

167 1495 294 1568 heroos
320 1509 463 1570 tantum
490 1496 648 1596 recipiat,
664 1495 864 1596 dactylum,
881 1493 1096 1594 spondeum,
1114 1497 1264 1596 Sappho

165 1607 299 1684 dicitur
331 1635 474 1684 carmen
503 1611 748 1710 composuisse
782 1610 995 1685 continuum
1023 1611 1264 1712 'pentasylla-

166 1725 266 1797 bum.
321 1725 444 1820 Hujus
464 1725 686 1824 exemplum,

365 1839 521 1914 Primus
537 1840 583 1914 ab
599 1841 674 1914 oris

372 1955 504 2028 Proim
520 1953 626 2028 leros

367 2067 522 2144 Perdita
524 2067 695 2169 flammis

362 2183 556 2282 Pergamo
573 2182 740 2282 linquens

364 2296 469 2370 Bw!
482 2299 521 2371 irs
537 2297 654 2370 altram

367 2411 410 2484 V
405 2411 464 2484 ela
480 2411 636 2486 resolvit.

165 2526 237 2610 Qui
256 2525 401 2600 dimetri
418 2528 554 2602 'etism
574 2527 668 2602 inter
679 2525 813 2628 epodos
830 2525 1062 2625 recipiuntur.
1089 2525 1145 2602 Ut
1161 2527 1287 2626 apudo

165 2641 362 2715 Horatium
380 2642 417 2714 iu
436 2643 595 2716 secunda
610 2643 690 2732 ode,
707 2641 809 2738 cujus
827 2641 971 2716 initium
989 2655 1055 2732 est,

311 2755 402 2829 Jam
418 2757 510 2830 sotir
525 2758 636 2830 terris
652 2758 745 2832 nivis
762 2765 871 2856 atque
887 2757 986 2832 diro.

163 2869 292 2944 ultima
308 2871 379 2944 ooli
396 2871 568 2961 clausula,

316 2985 467 3060 Terruit
480 2985 640 3060 ‘urbem

162 3099 272 3174 Vides
295 3101 497 3197 subjectum
521 3099 715 3175 dimetrum
744 3113 858 3174 metro
875 3099 1059 3201 Sapphico
1082 3099 1259 3174 hendeca-

162 3216 300 3313 syllabo
317 3231 354 3288 ct
370 3241 433 3314 per
455 3215 617 3288 ordinem
642 3215 802 3312 ejusdem
830 3216 976 3288 asmatia
1002 3215 1137 3288 similes
1160 3215 1258 3288 clau-

161 3330 255 3402 sulas
287 3330 424 3404 hobcri.
482 3329 629 3403 Dehinc
663 3329 749 3404 huic
777 3341 984 3402 tetrametro
1017 3327 1258 3404 Archilochus
1272 3361 1303 3400 ιο

161 3444 317 3518 similem
336 3473 356 3518 e
373 3445 552 3518 contrario
569 3446 728 3546 speciem
754 3457 984 3518 commentus
1010 3457 1075 3536 est,
1091 3471 1176 3518 uam
1194 3443 1259 3520 de·

200 3671 234 3704 ⁰¹¹
247 3661 348 3738 coquis]
365 3661 458 3740 equis
472 3665 504 3722 P.
586 3672 602 3704 ⁰
616 3663 740 3738 rursum]
758 3679 854 3720 susum
868 3661 902 3718 Ρ.
988 3658 1169 3732 ΡΡΙτιΙωοίο]
1186 3661 1257 3737 pha·

160 3740 249 3799 leutio
266 3743 296 3800 P.
319 3743 440 3820 Repone
453 3741 586 3821 phallico.
793 3751 809 3797 ‘1
823 3759 932 3798 nusum
944 3736 1019 3814 ejus]
1036 3759 1133 3798 susum
1148 3739 1210 3798 dius
1224 3741 1256 3798 P.

161 3832 303 3880 rvocatur
313 3827 414 3897 δίμιρο
425 3825 521 3899 ὴικδν]
540 3836 622 3882 vocat
636 3827 897 3880 Amott’cnltzort
910 3821 941 3878 P.
982 3829 995 3864 ⁸
1009 3819 1081 3878 duos
1090 3834 1214 3897 suprasc.
1224 3819 1257 3879 P.

162 3911 178 3942 v
191 3921 340 3960 numerum
356 3921 408 3980 per
425 3903 608 3979 syllabarum]
624 3901 841 3981 persyllsbarum
855 3901 888 3959 P.
902 3919 967 3958 cum
986 3899 1207 3976 pentaryltatum
1228 3899 1257 3958 io

159 3999 248 4059 marg.
329 3991 353 4024 V
365 3983 467 4058 etism]
484 3996 513 4042 ct
527 3983 558 4042 P.
640 3993 657 4025 ¹
670 3983 782 4060 orbem]
800 3981 897 4040 urbam
914 3981 946 4038 P.

201 4167 228 4225 8.
243 4169 342 4242 timor
361 4167 416 4240 tn]
437 4167 585 4224 Trimoerou
598 4165 680 4234 forte,
730 4169 888 4224 continuum
908 4167 1054 4222 dimetrum
1077 4161 1135 4236 (vel
1157 4165 1256 4222 trimo·

159 4247 200 4305 rsl
214 4259 291 4306 carto
303 4249 451 4305 dimetrum
464 4251 531 4321 spic.
546 4245 680 4305 COMM.
730 4251 794 4322 roo)
810 4245 1022 4320 pmosyttrtor
1045 4241 1197 4322 legendum
1220 4243 1258 4303 sit

198 4327 238 4384 ib.
253 4328 368 4402 Sappho
386 4329 489 4384 dicitur
506 4329 682 4400 composuisse
731 4337 760 4384 st
772 4346 800 4404 p.
818 4325 884 4400 176,
896 4342 943 4398 aa.
954 4323 1072 4396 (iufrac.
1081 4323 1152 4397 xiii.)
1164 4335 1197 4381 ut
1210 4343 1259 4382 su·

157 4410 314 4464 mutinum
335 4425 478 4466 numnam
494 4425 546 4482 per
560 4406 682 4482 syllaba·
731 4403 1256 4484 prarpr'pupssvcldimctrrrm.COMM.

158 4487 234 4561 ram]
254 4486 394 4564 Fquidam
417 4505 476 4546 oon
495 4487 597 4546 dubito
612 4483 680 4562 quin
