2970 5134
14 409 118 453 en.
140 407 213 450 111.
481 387 752 452 Demetsisocto.
866 381 871 398 ⁸

395 605 478 669 Csa.
495 605 566 669 111.
588 605 640 670 De
653 607 762 671 mama
775 614 849 670 octo.

77 758 190 820 Sunt
215 753 316 841 igitur
337 765 508 818 metrorum
523 767 658 840 tgenera
678 755 758 832 inec,
772 753 975 842 dactylicum,
991 753 1170 838 iambicum,
1185 785 1195 818 t

14 857 275 936 trochaicum,
298 869 524 942 ²anapaestum‚
539 855 795 935 choriambicum,
818 857 1062 944 antispasticum,
1087 859 1171 924 Ioni-

17 981 122 1024 cum
151 982 176 1024 a
203 959 336 1044 majore,
353 957 496 1022 Ionicum
512 981 532 1022 a
545 957 672 1023 minore.
719 959 753 1022 Si
775 958 854 1045 qnid
872 981 948 1046 ergo
963 973 1077 1043 praeter
1091 961 1196 1042 haec‚2

21 1059 144 1146 quod
162 1082 236 1124 non
251 1059 293 1124 ad
308 1073 423 1123 certam
438 1058 556 1146 pedum
571 1058 683 1146 legem,
699 1059 753 1124 sed
767 1059 808 1124 ad
824 1074 1000 1146 temporum
1018 1061 1169 1127 rationem

26 1162 266 1248 modumque
280 1161 446 1240 referatur,
454 1160 503 1224 vel
518 1159 644 1226 iscribit
656 1161 824 1249 quispiam,
833 1162 883 1226 vel
895 1162 936 1226 ab
946 1162 1007 1226 alio
1018 1163 1169 1252 scriptum

32 1263 146 1349 legit,
164 1263 205 1326 id
230 1285 292 1326 non
317 1277 463 1341 metrum,
480 1263 534 1327 sed
557 1263 749 1351 brhythmon
774 1287 840 1328 esse
864 1263 950 1342 sciat,
965 1264 1096 1351 chisque
1117 1290 1171 1332 ex-

36 1364 160 1450 ceptis
177 1364 301 1442 metris,
316 1364 406 1428 docto
420 1387 494 1450 quae
506 1369 582 1430 surit
595 1387 615 1428 a
625 1365 715 1430 nobis
729 1381 920 1444 enumerata,
932 1365 1054 1430 nullum
1069 1365 1182 1447 aliud,

40 1467 188 1532 etiamsi
212 1490 234 1532 a
254 1489 414 1554 quoquam
431 1467 526 1532 ecerti
546 1481 601 1532 aut
615 1467 734 1532 deliniti
757 1467 852 1554 pedes
873 1467 1096 1547 attribuantur,
1112 1483 1170 1535 aut
1258 1489 1261 1494 ·

44 1591 142 1648 earn,
160 1569 259 1657 fqnae
281 1568 321 1634 sit
342 1567 438 1656 digna
459 1568 607 1648 carmine,
624 1568 807 1634 suavitatem
825 1569 1026 1634 thabiturnm
1041 1572 1169 1638 omnino

47 1686 208 1736 metrum
224 1694 289 1736 esse
303 1669 483 1734 dicendum.
528 1670 623 1750 Quod
638 1693 710 1736 cum
724 1671 768 1735 ita
786 1671 837 1750 sit,
852 1671 980 1760 deipsis
996 1673 1064 1759 jam
1080 1675 1196 1762 pedi-s

52 1774 167 1838 busa
193 1772 286 1838 nobis
309 1771 524 1836 disserendum
548 1785 606 1850 est,
621 1771 682 1836 hut
703 1772 809 1838 nullus
830 1773 958 1838 omnino
978 1775 1018 1838 ad
1041 1775 1169 1863 aliquod

57 1891 208 1940 metrum
223 1888 330 1962 pateat
342 1896 482 1940 accessus
495 1873 612 1960 quibus
626 1874 783 1940 interdum
799 1875 1016 1956 admittantur,
1028 1877 1097 1964 iqui
1112 1901 1169 1943 sua

110 2129 124 2168 y
148 2137 253 2194 genero
276 2119 344 2194 lice]
367 2119 458 2196 Supra
477 2119 601 2176 vocabu·
641 2117 743 2196 capitis
767 2120 848 2197 thus
872 2121 995 2179 eundem
1019 2141 1167 2181 numerum

67 2199 130 2258 lum
152 2218 258 2274 genua
275 2198 414 2277 glossator
427 2200 457 2256 in
476 2198 600 2276 Guelph.
642 2199 784 2257 inculcare
798 2211 917 2258 testatus
931 2221 1004 2258 sum.
1028 2203 1145 2262 HEUS.

70 2279 223 2357 adscripsit
249 2279 358 2337 numeri
383 2290 483 2336 notas:
517 2279 600 2338 Vlll.
683 2291 697 2324 e
725 2282 792 2336 certi
824 2289 874 2336 cui
902 2282 1019 2356 definiti]
1051 2283 1167 2341 Mallius

73 2356 196 2418 HnUs.
641 2359 790 2436 scripserat
802 2362 870 2417 certi
879 2363 1032 2436 ccdefiniti.
1047 2361 1165 2421 HEUS.

115 2451 128 2478 ⁷·
150 2441 331 2516 sarmatum]
352 2437 441 2497 Paris.
456 2441 601 2514 cncpoesti-
682 2436 696 2480 f
721 2457 780 2514 quc
801 2442 836 2498 sit
860 2441 944 2514 dignu
966 2444 1098 2517 camnine]
1122 2443 1168 2500 Ita

75 2539 146 2589 cum,
169 2521 219 2578 sed
243 2520 493 2598 Guelpherbytaoa
512 2521 601 2598 scrip·
642 2518 885 2578 aemendatione
895 2519 1051 2578 doctissimi
1065 2523 1167 2580 Ruhn-

77 2613 141 2658 tura
155 2621 211 2659 non
226 2613 271 2659 est
284 2599 414 2659 deterior.
435 2599 553 2658 HEUS.
642 2599 726 2670 lienii,
741 2619 827 2676 qnam
842 2599 931 2658 Paris.
945 2599 1017 2658 liber
1036 2621 1088 2660 suo
1109 2603 1168 2660 cel-

119 2691 134 2723 ⁸
153 2683 244 2738 scribit
263 2679 415 2758 quispiam]
430 2681 475 2737 lta
490 2679 600 2758 reposui
642 2679 707 2737 culo
732 2681 909 2758 comprobat,
930 2683 1054 2759 reposui,
1079 2701 1167 2759 quum

79 2760 197 2818 eParis.
218 2758 306 2838 quum
328 2760 357 2818 in
379 2759 503 2836 Guelph.
522 2779 602 2818 men·
643 2763 672 2818 in
696 2759 818 2838 Guelph.
841 2760 980 2840 legeretur
997 2765 1081 2837 ἅμα
1106 2783 1168 2820 cur·

80 2841 147 2898 dese
160 2840 298 2920 legeretur
310 2841 398 2898 scribi.
425 2839 523 2898 Paullo
537 2853 602 2918 post
642 2843 731 2898 minis.
778 2841 888 2899 Locum
916 2841 1092 2920 corruptioni
1118 2843 1168 2902 de-

82 2921 111 2978 in
126 2921 210 2980 MSS.
225 2933 286 2979 erat
307 2923 386 2995 leget,
407 2919 484 2997 qnod
505 2933 601 2978 tamen
643 2919 718 2979 disse
731 2921 843 2980 videtur
860 2939 981 2998 sequens
998 2923 1167 2983 vocabulum

84 3013 218 3060 corrector
235 3001 342 3061 codicis
364 3001 487 3080 Guelplt.
498 3013 602 3058 ‘muta
644 2999 767 3059 alitters
779 3021 793 3058 s
805 3001 957 3079 incipiens.
981 3002 1095 3080 Alioqui
1109 3025 1169 3066 non

86 3085 124 3138 vit
146 3081 174 3140 io
193 3085 266 3157 legit,
288 3100 370 3159 quem
393 3100 469 3138 nssnc
492 3100 602 3159 sequor.
643 3079 815 3160 ignoramus,
851 3081 959 3160 priscos
1000 3082 1168 3157 adjectivum

87 3162 178 3220 Videri
198 3175 316 3240 poterat,
331 3161 525 3239 reponendum
542 3180 603 3219 esse
643 3165 742 3236 diguus
768 3164 853 3220 etiam
882 3182 947 3220 cum
982 3164 1074 3240 patrio
1102 3183 1168 3224 casn

88 3244 177 3300 scribet
190 3247 329 3319 quispiam,
343 3245 385 3300 vei
398 3243 433 3300 cb
447 3244 504 3298 olio
517 3246 602 3317 suip-
643 3241 841 3310 construxisse,
850 3243 925 3318 quod
940 3243 1055 3320 copiose
1065 3243 1170 3304 docent

92 3332 144 3380 mm
165 3327 237 3398 leget.
281 3323 337 3382 Sed
360 3324 445 3380 etiam
467 3341 529 3400 cap.
545 3323 601 3381 XI.
644 3321 692 3379 viri
713 3321 789 3379 docti
809 3341 827 3380 a
847 3333 948 3399 patruo
964 3341 1028 3380 meo
1042 3323 1169 3384 advocati

95 3404 136 3460 16.
150 3403 244 3483 legitur
262 3405 295 3462 st
317 3407 364 3480 qui
386 3411 476 3460 tamen
499 3405 602 3460 inveni·
643 3401 679 3460 ad
702 3402 845 3460 Vechneri
873 3401 1050 3462 Hellenolex.
1074 3403 1122 3464 lib.
1143 3407 1169 3465 1.

92 3488 302 3560 untur,quicet.
325 3483 446 3542 HEUS.
643 3493 715 3560 part.
732 3483 771 3540 11.
786 3502 850 3560 cap.
869 3483 915 3542 18.
948 3485 1170 3565 Burmannoque

130 3562 311 3641 brlytimsn]
329 3564 452 3642 Gnelph.
472 3564 601 3631 rithmon,
644 3563 775 3621 Secundo
791 3565 825 3620 V.
841 3565 874 3621 C.
889 3564 924 3622 ad
945 3565 1099 3646 Antholog.
1120 3567 1169 3627 lib.

95 3643 326 3704 Parinun'iltmcn.
350 3645 467 3703 HEUS.
643 3645 682 3702 ll.
697 3643 786 3724 epigr.
801 3643 868 3718 146.
883 3664 922 3703 vs.
938 3662 967 3720 3.
990 3647 1108 3705 HEUS.
1201 3701 1209 3722 ,

132 3726 241 3801 ciisque
254 3727 383 3802 sareptis]
401 3725 467 3783 MS.
479 3723 601 3801 Guelph.
696 3737 713 3784 t
741 3727 897 3783 labacrum
931 3729 1052 3802 omniuo]
1090 3727 1170 3806 Lege

99 3806 134 3862 liis
146 3825 204 3881 que,
213 3805 288 3884 quod
299 3825 385 3883 quum
401 3805 491 3863 lector
501 3802 603 3881 aliquis
643 3806 811 3874 habiturum,
826 3814 877 3863 aui
890 3810 1007 3866 omitino.

99 3905 149 3943 non
167 3885 335 3965 intelligeret,
358 3884 456 3966 signis,
474 3884 602 3962 qualibus
683 3883 701 3927 ¹¹
724 3895 755 3943 ut
777 3888 870 3944 aulius
892 3890 1000 3943 manino
1022 3888 1072 3962 cd]
1097 3887 1168 3946 For·

15 3973 16 3978 ’
100 3966 256 4044 parenthesin
299 3967 431 4034 solemus,
472 3963 600 4023 voculam
644 3979 718 4030 tasse
739 3967 801 4026 hec
824 3965 865 4024 ita
886 3977 953 4024 sunt
971 3967 1164 4025 emendanda:

101 4065 150 4122 quc
166 4064 180 4103 a
194 4047 297 4122 reliqna
317 4045 445 4106 oratione
467 4044 602 4104 interclu-
643 4048 792 4121 atquibus
813 4048 906 4104 aulius
927 4049 1035 4104 manino
1055 4049 1093 4104 ad
1116 4049 1169 4106 ali·

101 4127 140 4185 sit.
158 4125 265 4185 HEUS.
644 4129 716 4202 quod
733 4135 850 4185 metrum
865 4135 964 4202 pateat
980 4146 1108 4198 cccmus,
1123 4132 1170 4206 qui

135 4203 217 4265 docto
236 4227 296 4284 quoe
314 4215 380 4266 suat
400 4228 419 4266 a
438 4209 527 4283 nobs]
549 4207 601 4265 Li·
643 4210 778 4265 interdum
793 4219 848 4266 cet.
871 4207 989 4266 Hune.

104 4289 191 4346 brarius
204 4287 325 4367 Guelph.
339 4288 517 4366 interpunxit
536 4300 603 4346 ante
684 4284 692 4329 ¹
715 4291 761 4364 qui
781 4307 832 4344 sun
851 4290 878 4344 oi
898 4295 981 4364 atquc
994 4287 1116 4367 natura]
1135 4290 1170 4347 ln

105 4369 244 4426 vocabulum
259 4377 328 4439 ocio,
343 4369 419 4447 qnod
434 4367 601 4428 essedelen·
644 4367 768 4445 Guelph.
796 4379 857 4426 erat
884 4371 931 4444 qut
960 4371 1066 4439 suavia,
1096 4369 1171 4428 unde

106 4449 159 4506 dum
172 4450 309 4526 persuadet
320 4449 390 4507 milri
401 4449 604 4528 importunitas
644 4461 786 4508 corrector
799 4451 936 4508 sauvitate
950 4447 1089 4528 procudit.
1115 4451 1171 4509 Pa·

107 4528 239 4606 glossatoris
261 4530 345 4600 illins,
359 4550 443 4607 quem
465 4528 604 4608 principio
646 4529 690 4588 ris.
723 4533 770 4606 qai
803 4533 889 4599 sacci,
920 4549 954 4589 ex
989 4549 1046 4608 qno
1080 4531 1170 4590 celeb.
