3124 5120
147 401 237 452 car.
253 394 288 451 2.
497 377 561 448 De
578 375 778 476 Dactylico
796 385 920 451 metro.
1210 389 1256 470 93

148 561 322 636 ”ediditz
347 560 529 634 trochaeus
547 585 671 634 veroa
698 561 804 660 longa
827 560 967 662 incipit.
1018 558 1098 634 Nos
1124 575 1286 650 autem,t

151 692 198 751 ut
214 677 354 750 dictum
373 690 439 764 est,
457 676 611 776 principi
638 690 835 750 metrorum
854 675 1019 749 omnium
1046 674 1260 764 heroo,sive

154 793 305 892 Pythio,
321 791 534 880 deferentes,
551 817 623 865 non
648 790 801 864 absurde
826 817 847 864 a
872 789 1052 891 dactylico
1073 789 1261 890 suspican-

155 907 247 980 dum
264 933 343 980 esse
360 905 578 979 censuimus.
631 907 750 1006 Igitur
773 920 978 1006 prototypa,
995 905 1031 978 id
1049 920 1115 996 est,
1135 905 1261 1004 primi-

156 1021 289 1095 formia
307 1046 438 1094 novem
457 1035 582 1108 metra,
600 1047 754 1118 quorum
777 1035 814 1094 et
839 1021 876 1094 in
902 1021 1020 1121 primo
1038 1019 1288 1094 mentionem

156 1137 324 1225 fecimus,
341 1151 425 1210 sunt
444 1135 541 1209 haec:
567 1161 587 1208 e
607 1137 739 1235 quibus
765 1136 923 1234 primurn
951 1133 1184 1234 dactylicum,
1201 1133 1263 1206 de-

158 1249 246 1324 hinc
269 1249 539 1349 anapaesticum,
564 1263 647 1349 post
672 1249 885 1336 iambicum,
906 1261 945 1322 et
969 1248 1206 1338 trochaicum,
1226 1262 1263 1322 et

156 1366 460 1455 choriambicum,
477 1380 514 1439 et
539 1366 825 1466 antispasticum,
851 1365 1011 1438 ionicum
1037 1363 1097 1438 ἇπό
1119 1363 1262 1460 μείζονος,

157 1481 319 1556 ionicum
338 1480 397 1554 avt
414 1481 588 1568 ἐλάσσονος,
605 1495 643 1556 et
658 1481 875 1582 paeonicum.
920 1479 1020 1554 Nam
1040 1479 1263 1579 ¹'proceleus-

158 1597 349 1682 maticum,
367 1597 524 1695 speciem
548 1622 678 1672 novem
702 1595 907 1697 prototypis
931 1593 1111 1668 decimam
1135 1592 1289 1678 ⁰adso-7

157 1712 326 1787 ciendam
345 1739 422 1785 esse
439 1711 586 1810 quidam
606 1725 748 1812 putant,
763 1711 895 1809 dequo
913 1735 980 1784 suo
996 1709 1087 1783 loco.
1123 1709 1264 1784 Placuit

158 1827 285 1925 itaque
301 1827 372 1900 hoc
388 1827 461 1900 situ
478 1826 612 1902 ordinis
630 1826 674 1901 ad
702 1824 956 1900 illuminandas
973 1851 1096 1900 conam
1115 1825 1208 1900 inter
1225 1851 1291 1900 ses

158 1941 432 2015 Paltercationes
458 1969 500 2016 ac
526 1958 672 2016 mutuas
697 1941 969 2016 aemulationum
988 1939 1264 2030 vicissitudines,

159 2062 266 2156 (quas
280 2085 345 2158 per
356 2059 572 2132 contrariam
584 2072 721 2132 naturae
734 2057 951 2156 positionem
966 2056 1098 2132 habere
1110 2081 1264 2130 noscun-

159 2177 248 2267 tur,)
263 2170 388 2246 eadem
408 2173 460 2248 sic
476 2173 650 2274 digerere,
667 2185 710 2246 ut
725 2171 914 2270 dactylicis
932 2169 1157 2270 auapaestica,
1174 2169 1265 2244 iatu-

159 2289 251 2362 bicis
268 2287 463 2378 trochaica,
476 2305 514 2364 et
530 2306 660 2378 cetera,
678 2300 719 2362 ut
743 2287 853 2387 paulo
874 2299 957 2360 ante
983 2285 1205 2374 induximus,
1222 2298 1265 2359 te

159 2401 303 2476 diverso
329 2404 522 2502 proposita,
541 2431 615 2503 quo
637 2405 774 2480 distent
800 2429 843 2476 ac
867 2402 1033 2476 differant
1057 2403 1131 2474 sive
1156 2427 1266 2500 copu-

159 2519 282 2591 lentur
297 2533 335 2592 et
350 2535 552 2618 congruant
573 2521 650 2620 ipsa
668 2521 761 2592 inter
783 2543 821 2590 se
842 2515 1111 2616 comparatione
1134 2541 1265 2613 propo-

161 2633 242 2721 sita,
260 2661 334 2706 non
361 2635 477 2708 solum
504 2635 639 2734 ingenii
665 2633 749 2708 rsed
768 2633 956 2706 oculorum
973 2629 1085 2706 veluti
1103 2641 1265 2704 contem·

161 2749 322 2847 platione
338 2764 519 2849 percepta,
533 2749 571 2822 in
590 2761 761 2850 promptu
779 2775 823 2822 sc
839 2747 1029 2848 propatulo
1047 2747 1254 2821 habeantur.
1380 2733 1385 2739 ’

373 2947 475 3028 Car.
496 2947 555 3028 II.
603 2949 669 3030 Dc
689 2948 900 3056 Dactylico
918 2961 1057 3029 metro.

212 3097 333 3196 Igitur
357 3097 574 3196 dactylicum
607 3098 859 3172 hexametrum
889 3111 1031 3172 constat
1054 3123 1075 3170 e
1104 3095 1265 3196 spondeo

162 3213 322 3286 trochaeo
351 3226 388 3286 et
416 3211 544 3285 eodem
573 3212 738 3310 dactylo:
766 3212 875 3286 habet
905 3225 1025 3285 autem
1058 3211 1159 3285 sedes
1189 3235 1264 3300 sex,

162 3353 253 3424 quas
270 3327 507 3401 Aristoxenus
526 3328 686 3401 musicus
703 3325 805 3425 χέρας
821 3340 937 3400 vocat.
981 3325 1126 3424 Recipit
1143 3339 1264 3399 autem

162 3441 310 3542 pedales
336 3445 466 3542 figuras
492 3457 576 3531 tres,
596 3443 662 3515 has
680 3441 798 3515 Graeci
825 3441 952 3514 dieunt
976 3441 1084 3514 solaria
1101 3442 1264 3536 σχήματα.

161 3559 263 3634 Nam
289 3575 351 3633 aut
371 3560 407 3633 in
435 3587 498 3635 sex
524 3575 643 3662 partes
664 3559 837 3634 dividitur
851 3587 916 3660 per
931 3559 1187 3660 monopodian,
1203 3572 1293 3636 ants

202 3779 229 3811 Β
242 3765 356 3826 asdidit:
380 3768 547 3842 Trochaeus]
563 3767 669 3827 edidit:
693 3769 824 3828 trocheus
838 3769 869 3826 Ρ.
936 3779 953 3812 ¹¹
967 3764 1263 3839 Proceleusmatinum]

163 3847 433 3925 proceleumaticum
449 3849 480 3906 P.
572 3858 587 3891 ⁰
601 3847 808 3923 associandum]
824 3849 1022 3908 adsociandarn
1038 3849 1070 3906 P.
1164 3845 1265 3904 ualte-

162 3929 302 4066 Ξξίῗω]
318 3927 517 3988 altercationes
530 3928 562 3986 P.
678 3928 859 4003 tadiverso]
875 3928 1013 3988 ediverso
1027 3929 1061 3988 P.
1173 3925 1264 3999 rsed]

205 4162 233 4220 8.
262 4162 456 4240 alterationes]
492 4163 695 4224 alternationes
734 4163 810 4223 euim
826 4174 895 4220 nota
908 4181 970 4220 esse
990 4179 1093 4240 genera
1110 4172 1265 4218 metrorum

163 4243 284 4300 Santon.
298 4243 366 4301 Ter.
379 4244 473 4302 Maur.
489 4265 517 4322 p.
533 4262 598 4319 152.
735 4241 835 4302 ordino
869 4255 900 4300 et
926 4239 1114 4300 collocatione
1143 4238 1265 4316 quadam

203 4324 244 4380 ib.
264 4341 320 4380 aon
332 4325 419 4380 solum
434 4327 589 4398 ingeniiset
603 4325 694 4380 mulo·
736 4335 871 4400 tanquam
907 4320 1125 4400 perscripturum
1158 4317 1187 4378 iu
1221 4329 1264 4377 ta·

163 4422 225 4460 rum
243 4403 344 4478 aelati]
368 4403 447 4482 Lege
467 4423 521 4460 non
541 4405 630 4461 solum
652 4407 694 4460 in·
737 4402 818 4462 bella.
841 4401 992 4462 CAMER.

161 4486 240 4558 genii
257 4487 307 4542 scd
328 4485 469 4542 oculorum
486 4486 591 4542 uirtuti.
626 4483 697 4542 Vult
