3124 5120
291 403 360 462 140
672 385 793 460 Marii
813 384 1000 460 Victorini
1234 411 1310 461 mn.
1329 409 1385 460 nr.

286 571 384 646 haud
401 572 505 646 facile
521 570 746 669 copulantur.
786 569 855 642 Est
871 571 968 644 enim
987 569 1252 666 conjunctionis
1270 597 1385 672 genus

287 688 395 760 nimis
420 687 587 760 scabrum
614 697 722 782 atque
745 709 924 784 asperum,
943 701 983 760 ut
1000 701 1086 759 sunt
1104 686 1222 760 ionica
1242 685 1301 759 iai
1318 685 1388 782 μεί-

287 815 364 893 ζονος
379 792 462 876 cum
482 801 657 886 iambicis,
670 803 725 874 vel
740 801 919 901 dactylica
933 827 1016 875 eum
1035 801 1226 875 trochaicis
1245 827 1388 901 semper

286 917 532 990 dissentientia
549 916 642 990 inter
655 943 693 989 se
711 929 818 1015 atquc
833 917 1078 1005 abhorrentia,
1096 917 1193 990 unde
1210 929 1247 989 et
1258 913 1388 1013 donip-

287 1067 367 1124 τητα
385 1059 404 1106 a
423 1034 571 1120 Graecis,
590 1031 625 1106 id
643 1047 699 1108 est
716 1035 924 1118 inconnexa,
942 1033 1187 1134 appellantur:
1214 1045 1255 1104 ut
1272 1045 1338 1116 est,

389 1151 532 1225 Beatus
548 1149 613 1224 ille
626 1151 688 1250 qni
704 1149 855 1224 ‘vocans
871 1159 989 1224 mente
1002 1150 1092 1224 oioit
1107 1151 1265 1248 integro.

260 1265 388 1340 ⁶Nam
415 1267 637 1365 compositus
663 1281 811 1366 apparet
833 1291 954 1339 versus
978 1289 1024 1338 ex
1050 1263 1205 1338 dimetro
1231 1263 1387 1336 iambico

290 1381 486 1456 acatalecto
509 1395 546 1454 ct
565 1380 721 1454 dimetro
738 1381 921 1454 trochaico
938 1381 1148 1456 catalectico
1170 1407 1217 1454 ex
1239 1377 1387 1454 diversis

290 1511 326 1570 et
343 1495 527 1570 contrariis
554 1495 866 1594 amplexionibus:
894 1496 931 1569 hi
958 1497 1070 1586 enim,
1089 1495 1231 1570 etiamsi
1258 1519 1387 1594 genere

290 1623 508 1709 congruunt,
538 1611 658 1708 specie
687 1627 809 1684 tamen
839 1611 1053 1712 discrepant.
1105 1611 1202 1685 Item
1229 1636 1274 1684 ex
1305 1637 1388 1686 ana-

290 1742 404 1828 paesto
432 1727 628 1800 acatalecto
657 1741 693 1800 et
727 1727 883 1802 iambico
913 1728 1069 1802 dimetro
1098 1725 1318 1816 catalectico,
1348 1737 1388 1800 ut

290 1857 404 2044 estige
417 1978 503 2021 nnnc
516 1959 641 2022 comites
655 1958 777 2022 rabidae
792 1959 922 2046 Cybeles
936 1967 1049 2024 nocant
1061 1957 1170 2022 moros
1184 1956 1227 2020 od
1239 1977 1329 2020 oros.

263 2093 276 2145 t
290 2067 477 2166 intellegis
494 2066 614 2165 igitur,
624 2081 733 2166 atque
750 2067 828 2166 ipso
841 2095 948 2142 sensu
962 2067 1233 2145 abhorrentium
1247 2066 1386 2140 aurium

289 2183 457 2284 percipis,
481 2183 554 2257 duo
580 2197 779 2260 metrorum
809 2185 888 2258 cola
915 2183 1126 2258 dissidentia
1155 2183 1248 2266 inter
1273 2209 1311 2255 se
1340 2182 1389 2254 ita

290 2298 500 2396 confragosa
517 2313 625 2395 atque
645 2325 769 2398 aspere
792 2299 904 2374 coisse
923 2299 960 2372 in
979 2298 1156 2372 unitatem
1174 2297 1390 2372 &connexio-

290 2439 461 2512 nemque,
482 2427 523 2486 ut
549 2413 730 2514 superiora
756 2412 863 2490 ¹¹lene
886 2442 929 2490 ac
953 2413 1132 2513 liquidum
1159 2439 1388 2512 nequaquam

290 2530 501 2604 convenisse
527 2528 737 2604 ivideantur.
790 2529 885 2604 Item
913 2531 941 2604 si
961 2543 1131 2628 quattuor
1147 2529 1300 2629 dactylis
1319 2544 1389 2602 tres

290 2646 480 2733 trochaeos,
511 2644 629 2742 '‘quod
659 2659 790 2717 vocant
824 2645 1119 2743 ithyphallicum,
1142 2646 1288 2744 jungas,
1322 2645 1390 2718 erit

289 2759 503 2859 ἀσυνάρτητον,
521 2773 632 2832 otest
651 2759 750 2846 illud,

295 2877 397 2951 Tnnc
414 2887 450 2950 et
467 2875 601 2949 amoris
617 2901 719 2948 amor
735 2876 834 2948 venit
851 2874 1036 2971 improbus
1052 2875 1173 2976 aliger
1192 2874 1343 2973 Cupido.

291 2992 469 3064 Praeterea
486 3017 549 3090 per
567 2991 760 3064 mixtiones
774 2990 946 3080 colorum,
959 2989 995 3062 id
1010 3006 1067 3064 est
1079 2993 1339 3080 membrorum,
1352 2991 1388 3064 in

291 3108 416 3180 metris
433 3105 709 3204 lquadripartita
727 3121 802 3179 cst:
829 3119 891 3180 aut
916 3131 962 3178 ex
980 3104 1123 3180 duobus
1151 3106 1239 3180 colis
1258 3106 1390 3204 imper-

291 3222 394 3296 fectis
413 3220 660 3306 conciliantur,
671 3235 733 3295 aut
746 3221 887 3294 duobus
900 3221 1080 3319 perfectis,
1098 3237 1160 3296 aut
1172 3248 1218 3296 ex
1230 3221 1390 3321 perfecto

292 3353 329 3411 et
346 3337 568 3436 imperfecto,
587 3354 649 3410 aut
666 3354 802 3428 contra,
818 3339 854 3412 id
880 3351 935 3412 est
952 3363 997 3410 ex
1029 3337 1241 3436 imperfecto
1258 3349 1295 3412 et
1312 3361 1391 3434 per-

291 3453 399 3542 fecto,
415 3450 511 3549 quod
529 3451 731 3547 iondprnroo
748 3455 1009 3552 appellavimus
1030 3467 1197 3542 metrum,
1214 3455 1319 3551 quale
1335 3467 1391 3524 est

292 3593 337 3641 ex
355 3565 510 3640 iambico
528 3565 683 3639 dimetro
700 3569 909 3644 catalectico
926 3583 963 3642 et
983 3568 1223 3668 ithyphallico
1241 3593 1391 3666 compo-

176 3773 184 3786 ·
293 3683 402 3756 situm
422 3681 485 3768 ita,

392 3797 517 3872 dabar
533 3822 689 3894 superne
691 3793 855 3896 fulgido
873 3796 969 3872 lacet
986 3823 1071 3871 arce
1088 3798 1175 3872 coli.

265 3910 370 3992 9Aut
386 3926 522 4002 eontra,
538 3936 583 3984 ex
600 3911 782 3986 trochaico
799 3912 954 3986 dimetro
972 3914 1168 3988 acatalecto
1185 3927 1222 3986 et
1234 3911 1392 3988 iambico

293 4029 448 4102 dimetro
465 4027 685 4116 catalectico,
702 4028 812 4114 velut,

334 4265 477 4345 ¹vagans]
493 4285 597 4324 vacans
612 4267 641 4324 P.
814 4277 831 4322 a
844 4267 1067 4340 connexionum]
1083 4267 1348 4342 connexionemque
1362 4267 1393 4322 P.

294 4345 390 4406 hlene
404 4365 436 4404 ac
449 4345 603 4422 liquidum]
619 4347 712 4403 lenem
728 4365 760 4403 ac
773 4345 908 4422 liquidam
925 4345 955 4402 P.
1017 4343 1025 4386 i
1041 4345 1200 4420 videantur]
1218 4346 1348 4404 videntur
1363 4347 1393 4403 P.

294 4425 311 4469 ¹¹
332 4427 424 4565 qpod]
449 4445 520 4502 quos
540 4427 570 4483 P.
695 4423 705 4467 ¹
725 4425 927 4505 quadripartita
940 4445 957 4482 e
971 4426 986 4462 *
1001 4427 1050 4500 ex]
1074 4425 1278 4503 quadripertita
1291 4437 1394 4484 estant

294 4527 330 4566 ex
370 4551 377 4565 .
