3100 5142
301 383 373 460 o9a
725 367 847 444 Movit
864 367 983 444 Plotia·

303 551 459 628 secunda
485 551 624 626 bacchii
653 553 760 652 longa
783 553 863 630 ’δεῖ
887 554 1079 654 positione,
1096 582 1168 636 non
1193 569 1241 632 sit
1265 571 1417 654 natum)

303 667 464 768 spondeo
480 668 534 740 vel
555 667 687 754 iambo,
700 683 737 742 et
756 670 907 746 bacchio
920 669 1028 744 simili
1044 673 1232 772 superiori,
1245 687 1283 746 et
1299 700 1419 773 spon·

302 783 371 856 deo
388 781 513 857 ¹¹valde
531 795 572 856 ut
588 783 635 856 sit
652 783 879 862 indivisione
898 787 1000 862 finita
1016 813 1099 888 pars
1112 789 1297 880 orationis,
1309 789 1417 888 quod

303 900 331 972 si
351 901 496 972 inventa
513 898 622 972 fuerit
639 900 707 972 erit
724 899 951 973 laudabilius.

432 1013 548 1080 Ietdoec
559 1016 720 1102 composui
734 1025 836 1082 metra
849 1015 1005 1082 Smerdoe
1018 1017 1138 1104 optim
1151 1040 1248 1086 nunc.

260 1253 291 1290 ιο
356 1221 420 1294 De
435 1223 601 1320 epimicto
618 1222 802 1324 Sapphico
820 1233 1035 1298 tetrametro
1052 1223 1359 1324 lippet-catalecto.

353 1355 645 1453 Antispasticum
669 1367 922 1432 tetrametrum
949 1357 1286 1457 hypercatalectum
1314 1359 1412 1458 Sap-

299 1472 449 1570 plicam
464 1475 505 1546 fit
521 1471 730 1561 ditroehaeo,
743 1471 885 1573 ¹hippi0
898 1474 1017 1564 tertio,
1034 1474 1184 1573 syllaba,
1199 1474 1326 1574 bippio
1341 1487 1411 1546 ter-

305 1604 368 1675 no,
386 1587 576 1790 flpffizm
590 1703 738 1768 talamos
751 1705 874 1792 regico
889 1703 1042 1769 mdeatum
1054 1725 1230 1792 regumque
1244 1705 1359 1770 tunm.

537 1911 600 1985 De
617 1911 826 1986 hexametro
845 1913 1170 2013 brachycatalecto.

355 2045 646 2142 Antispasticum
657 2045 906 2122 oecumenem
919 2047 1412 2146 brachycatalectumfithoc

305 2159 426 2248 modo,
444 2161 570 2260 hippio
586 2175 726 2259 quarto,
745 2162 873 2261 hippio
890 2163 1006 2250 tertio,
1020 2162 1146 2264 hippio
1159 2177 1301 2260 quarto,
1318 2163 1412 2236 ioni-

304 2276 356 2350 cis
381 2275 522 2348 duobus
550 2275 757 2371 majoribus,
776 2278 945 2351 trochaeo.
996 2277 1170 2351 Latinum
1197 2277 1410 2376 exemplum

305 2393 434 2466 melius
451 2406 517 2465 est.
567 2393 799 2492 Autispastus
817 2393 882 2466 hos
900 2419 997 2467 nuno
1015 2393 1124 2493 pedes
1141 2393 1331 2466 conclusos
1356 2419 1412 2466 re-
1548 2467 1549 2470 ,

304 2533 393 2610 gens
410 2523 486 2586 tota
501 2508 626 2586 deoem
645 2509 831 2587 schemata
847 2509 966 2584 tradit.

346 2809 449 2890 Can.
472 2808 547 2890 IX.
598 2811 663 2890 De
682 2809 821 2890 Ionieo
840 2821 967 2889 metro
985 2821 1024 2889 et
1040 2807 1130 2914 cp‘ua
1148 2806 1365 2916 speciebus.

355 2979 519 3052 Ionicum
550 2989 719 3066 metrum,
752 2975 846 3049 sicut
880 3000 986 3074 supra
1020 2973 1140 3058 docui,
1173 2972 1308 3072 duplex
1341 2985 1409 3046 eat.

309 3093 432 3168 Unum
452 3119 477 3166 a
492 3093 643 3193 mep‘ore,
659 3089 758 3190 quod
784 3087 945 3190 spondeo
962 3103 1104 3162 constat
1120 3103 1158 3162 et
1174 3087 1409 3187 pymhichio;

305 3209 458 3282 alterum
476 3209 851 3292 commonetans
877 3229 921 3278 ex
948 3203 1158 3304 npariambo
1175 3217 1213 3280 et
1235 3201 1408 3302 spondeo.

306 3323 472 3396 Ionicum
492 3321 609 3418 majus
626 3319 804 3394 interdum
820 3345 909 3414 puro
926 3320 1045 3394 ionico
1061 3319 1255 3408 scanditur,

656 3437 713 3526 Μή
729 3468 782 3530 μοι
800 3437 882 3532 λέγε.

660 3559 763 3624 Solem
778 3559 853 3622 colo.

279 3657 496 3736 alnterdum
524 3659 641 3732 soluta
667 3659 776 3758 longa
802 3659 920 3760 prima
947 3659 1188 3759 componitur,
1217 3671 1259 3731 ut
1287 3657 1335 3730 sit
1362 3681 1410 3732 ex

307 3787 488 3874 anapaesto
505 3787 541 3846 et
559 3772 780 3872 pyrrhichio,

655 3887 839 3984 ἔκατόνζνγε.

650 4012 738 4076 Nice
751 4011 933 4076 cosmidum.

307 4117 496 4194 Interdum
512 4115 652 4192 duabus
678 4114 797 4214 longis
822 4115 960 4202 solutis,
978 4129 1019 4190 ut
1036 4113 1083 4190 sit
1101 4114 1342 4214 compositum
1362 4139 1408 4187 ex

306 4231 627 4332 proceleusmatico
644 4247 681 4306 et
698 4231 897 4332 pariambo,

347 4421 457 4500 ifaciat
472 4423 505 4482 L.
621 4421 744 4496 ¹¹valde]
761 4441 815 4480 non
830 4427 910 4482 valde
925 4425 959 4482 L.
1075 4420 1191 4500 latppto
1207 4425 1287 4480 tertio
1299 4423 1408 4497 syllaba

307 4503 395 4564 semel
410 4505 444 4562 L.
525 4513 549 4546 ²²¹
564 4503 692 4578 matum]
711 4505 787 4560 dente
801 4503 834 4562 L.
917 4515 932 4546 ¹²
946 4507 1065 4580 spondeo
1079 4505 1261 4580 elperiambo
1275 4503 1309 4562 L.
