2980 5142
296 309 370 388 ⁴36
745 309 940 386 Diomedis
1262 335 1410 386 maru.
1467 287 1468 366 l

295 519 367 594 quc
392 491 435 578 is,
452 491 516 590 qui
534 517 678 566 versum
696 491 795 582 iacit,
812 493 930 568 dietus
947 497 1095 584 “trist
1123 521 1213 569 cum
1241 509 1304 568 tet
1328 497 1411 568 arti

296 611 394 700 fleas,
409 633 494 682 cum
513 633 620 708 mque
637 608 725 706 quid
743 609 891 696 faciunt,
908 635 979 682 non
998 609 1168 684 dicantur
1186 615 1320 710 poetae.

252 727 284 780 ⁸⁸
347 726 519 800 Membra
548 724 812 800 comoediarum
839 725 926 798 ¹trin
951 739 1048 812 sunt,
1073 725 1301 812 diverbium‚
1325 753 1412 798 can-

296 841 422 930 ticum,
438 839 581 914 chorus.
634 839 804 914 Membra
828 840 1017 914 comoediae
1033 839 1174 914 diversa
1203 856 1306 928 sunt,
1322 842 1411 914 defa

296 953 373 1028 nito
399 968 520 1029 tamen
547 979 699 1030 numero
721 955 1001 1044 continentur,a
1026 957 1190 1054 quinque
1218 983 1337 1056 usque
1367 957 1410 1029 ad

294 1069 433 1146 decem.
485 1071 658 1144 Diacrbia
679 1085 766 1144 sunt
782 1085 901 1171 partes
918 1070 1197 1162 comoediarum,
1216 1073 1256 1146 in
1275 1075 1410 1172 quibas

295 1185 515 1262 diversorum
547 1212 711 1286 personae
740 1201 935 1260 versantur.
999 1187 1167 1260 Pcrsoaae
1193 1205 1323 1262 autem
1353 1189 1410 1260 di-

295 1301 498 1376 verbiorum
527 1315 589 1375 aut
614 1301 696 1378 duoe
722 1315 784 1376 aut
810 1314 881 1374 tras
908 1315 971 1376 aut
994 1314 1094 1375 ⁸rar0
1121 1317 1303 1400 quattuor
1330 1331 1408 1376 esse
1467 1337 1468 1354 ¹

295 1417 442 1508 debent,
458 1419 553 1492 ultra
578 1443 710 1516 augere
734 1443 925 1492 numerum
945 1417 1132 1492 nonlicet.
1185 1419 1235 1492 In
1252 1419 1404 1492 cauneis

294 1545 416 1606 autern
446 1559 518 1608 una
542 1531 707 1606 btantum
736 1531 845 1606 debet
869 1559 948 1606 esse
972 1561 1145 1634 persona:
1173 1548 1241 1608 aut
1266 1536 1298 1608 si
1326 1535 1404 1608 duae

295 1648 440 1738 luerint,
456 1649 527 1722 ‘ita
541 1675 619 1722 csse
635 1647 783 1734 debent,
800 1661 842 1720 ut
858 1673 905 1720 ex
922 1651 1065 1724 occulto
1086 1675 1160 1722 una
1182 1649 1313 1723 audiat
1338 1677 1403 1722 nec

294 1763 564 1864 lconloquatur,
587 1763 650 1838 sed
676 1789 812 1855 secum,
837 1765 866 1838 si
893 1791 985 1864 opus
1010 1764 1128 1852 firerit,
1144 1765 1258 1838 verba
1285 1765 1400 1838 faciat.

253 1899 284 1953 ²9
298 1881 341 1956 ln
359 1881 477 1954 choris
495 1907 578 1954 vero
604 1907 776 1956 numerus
801 1907 1033 1980 personarum
1051 1881 1224 1954 definitus
1243 1907 1319 1954 non
1338 1896 1401 1960 est,

296 1997 430 2096 quippe
447 1983 606 2092 junctim
632 2023 758 2070 omnes
786 1997 882 2094 loqui
909 1995 1055 2085 debent,
1071 1998 1174 2095 quasi
1198 2023 1288 2070 voce
1316 2025 1401 2069 con-

294 2111 385 2200 fusa,
409 2125 446 2184 ct
475 2125 691 2184 concentum
728 2111 764 2183 in
793 2137 902 2186 unam
928 2137 1117 2212 personam
1147 2111 1399 2184 reformantes.

295 2227 455 2300 ‘Latinae
491 2229 600 2328 igitur
627 2227 817 2302 commdiae
852 2227 1004 2301 chorum
1046 2253 1118 2299 non
1155 2225 1307 2314 babent,
1337 2226 1397 2298 sed

295 2343 436 2418 duobus
466 2357 609 2418 tantum
648 2342 820 2416 membris
850 2357 1030 2430 constant,
1056 2342 1217 2416 diverbio
1247 2356 1286 2414 et
1317 2371 1398 2416 can-

295 2459 379 2534 tico.
411 2459 540 2534 Primis
554 2473 676 2534 autem
690 2459 927 2560 temporibus,
937 2456 995 2532 ‘ut
1007 2457 1137 2532 adserit
1147 2457 1398 2562 Tranquillus,

295 2575 417 2650 omnia
435 2603 515 2674 quae
533 2575 570 2650 in
588 2601 695 2648 scena
712 2587 909 2662 versantur,
927 2573 963 2646 in
984 2571 1163 2646 comoedia
1183 2574 1398 2670 agebantur.

294 2688 393 2764 Nam
419 2688 693 2790 “pantomimus
718 2701 755 2762 ct
780 2687 982 2788 spithautes
1005 2702 1043 2761 et
1058 2687 1244 2762 choraules
1275 2687 1313 2761 in
1341 2716 1400 2762 co-

296 2791 432 2880 moedis
457 2807 687 2880 “canebant
739 2803 809 2878 Sed
840 2803 1027 2902 quianon
1056 2816 1221 2904 poterant
1248 2803 1400 2878 homnia

295 2919 402 2994 simul
431 2919 526 3020 apud
552 2945 680 2994 omnes
710 2919 864 2992 artifices
893 2919 1025 3016 pariter
1049 2918 1233 3003 excellere,
1259 2917 1307 2990 ¹si
1336 2921 1399 3018 qui

295 3049 398 3108 erant
422 3035 515 3109 inter
532 3049 669 3110 actores
685 3033 947 3110 comoediarum
975 3059 1041 3132 pro
1066 3033 1235 3107 facultate
1260 3049 1300 3107 et
1323 3051 1400 3108 arto

251 3149 487 3251 tokpotiorcs,
504 3151 746 3252 principatum
772 3150 839 3222 sibi
868 3148 1007 3223 artificii
1033 3149 1283 3224 vendicabant.
1337 3153 1400 3226 Sic

295 3269 431 3342 lactum
458 3281 524 3358 cst,
550 3265 619 3354 ¹ut‚
639 3267 844 3342 nolentibus
874 3265 999 3340 cedere
1026 3267 1147 3340 mimis
1175 3267 1212 3340 in
1241 3269 1399 3343 artificio

295 3407 361 3454 suo
386 3383 523 3468 ceteris,
541 3383 717 3482 separatio
740 3384 843 3455 ficret
863 3383 1094 3480 reliquorum.
1146 3383 1246 3456 Nam
1274 3385 1396 3460 ¹¹²durn

335 3642 350 3688 t
364 3641 460 3690 tamen
475 3629 595 3690 artifices
608 3631 656 3710 qui
670 3633 762 3712 eque]
782 3653 844 3692 cam
857 3643 884 3693 et
898 3636 1015 3712 ort'ficcr
1028 3654 1090 3692 cum
1108 3655 1184 3710 aeqae
1197 3635 1305 3694 ΑΒΕ.
1321 3639 1394 3696 Ven.

295 3723 309 3757 ¹
324 3711 377 3773 tria
390 3715 471 3790 sunt]
488 3721 552 3770 runt
566 3721 620 3770 tres
634 3715 703 3771 A.B.
745 3715 818 3773 Tum
833 3719 878 3774 dic
890 3717 1001 3774 verbm
1017 3715 1051 3772 B.
1215 3727 1231 3760 ⁸
1244 3737 1308 3775 raro
1329 3720 1393 3792 abt]

294 3803 344 3852 nat
358 3815 424 3854 roro
438 3795 508 3853 Α.Β.
525 3793 596 3852 Van.
639 3795 730 3871 Supra
748 3799 777 3851 ἐκ
791 3799 851 3871 quis
866 3797 938 3854 Ven.
1074 3792 1232 3871 bustum]
1254 3806 1345 3856 men
1359 3801 1392 3856 A.

294 3885 309 3918 ⁰
322 3877 408 3936 debet
421 3877 496 3951 esse]
514 3879 554 3934 ito
568 3893 622 3933 esse
635 3875 732 3932 aalma
745 3877 853 3935 A.B.C.
935 3873 951 3920 d
965 3875 1111 3952 loquatur]
1128 3879 1311 3954 maloquotar
1321 3880 1391 3937 AB.

294 3959 467 4031 colloquatur
480 3959 513 4014 C.
595 3953 733 4013 ‘Latinae
745 3957 823 4030 vero]
840 3959 949 4014 Latine
963 3961 1047 4032 igitur
1060 3957 1168 4016 A.B.C.
1185 3959 1257 4017 Ven.
1319 3957 1388 4033 fut]

294 4039 375 4094 clean
389 4037 424 4096 B.
513 4033 536 4078 ff
549 4034 754 4113 'tantominusJ
770 4040 884 4112 pymilcr
898 4037 933 4095 C.
1036 4039 1192 4112 spytonlor
1203 4039 1276 4096 An.
1291 4038 1390 4117 Sciop-

295 4114 332 4190 pii
348 4116 414 4174 MS.
518 4127 551 4172 t!
564 4119 716 4176 canebant.
740 4135 834 4176 rerum
849 4131 958 4176 actores
972 4119 1176 4177 comoediarum
1192 4138 1244 4196 pro
1259 4119 1391 4176 facultate

294 4205 324 4248 et
338 4206 398 4252 arte
411 4196 558 4272 potiores]
582 4198 630 4258 Sic
643 4209 673 4256 et
685 4197 758 4256 Van.
773 4197 820 4275 qui
835 4201 906 4256 inter
920 4217 972 4274 pro
985 4217 1088 4256 oerum.
1221 4197 1237 4241 ¹¹
1252 4219 1343 4257 omnes
1356 4200 1389 4256 C.

294 4267 303 4312 ¹
317 4275 364 4328 ted
378 4273 411 4330 Ο.
514 4273 685 4350 ¹¹peritiores
699 4279 732 4335 C.
850 4275 859 4320 ¹
874 4291 905 4336 ut
920 4279 1084 4338 nolentibus
1097 4279 1199 4338 cedere
1216 4279 1310 4338 mimis
1324 4299 1389 4337 cura

294 4349 427 4426 artificio]
443 4364 483 4412 est
497 4357 649 4416 nolentibus
660 4361 754 4414 cedere
766 4375 794 4414 re
807 4361 896 4416 misnia
914 4363 943 4417 in
961 4361 1077 4436 artificio
1090 4362 1126 4419 A.
1141 4372 1171 4420 et
1183 4361 1218 4418 Β.
1233 4359 1340 4420 omisso
1353 4379 1388 4416 se.

294 4437 325 4486 at
339 4449 397 4488 om.
411 4435 444 4490 C.
458 4435 530 4491 Ven.
653 4446 678 4480 ¹²¹
692 4439 757 4494 dum
771 4455 830 4498 om.
845 4439 881 4498 C.
