3124 5120
323 397 374 464 βο
711 379 830 458 Marii
848 382 1032 460 Victorini
1310 405 1385 458 tta.
1400 405 1428 456 t·

323 567 461 667 species
479 579 784 665 asuotquattuor.
798 591 882 642 nam
908 579 970 640 aut
997 565 1252 642 ratesttaleotum
1280 579 1346 655 est,
1366 580 1430 640 aut

321 683 605 770 ‘catalecticum
619 692 682 756 aut
699 681 1088 781 ‘brachycatalectum
1099 695 1163 756 aut
1180 683 1430 781 hypercatale-

321 813 443 874 ntum:
471 798 506 874 id
534 811 601 888 sat,
618 823 701 872 oum
720 797 756 872 in
775 798 849 872 fine
866 822 1035 900 vanuum
1054 821 1152 872 nunc
1168 796 1312 888 desunt,
1329 823 1429 872 nunc

293 917 521 997 texuberant
534 915 693 1014 syllaba,
704 926 767 988 aut
780 913 1101 1012 manentintegrae.
1127 912 1429 1012 Estigitureata-

319 1031 503 1117 lenticum,
520 1029 715 1128 lquotiens
733 1029 771 1102 in
789 1030 862 1102 fine
879 1053 1000 1102 versus
1019 1028 1159 1126 syllaba
1178 1053 1248 1101 una
1266 1055 1332 1128 pro
1349 1041 1428 1104 toto

321 1145 414 1246 pede
428 1145 614 1244 accipitur,
627 1157 736 1240 atque
747 1143 799 1216 ita
816 1143 933 1242 posita
950 1142 1050 1218 velut
1067 1143 1268 1218 rebenatot
1280 1143 1428 1218 nohibet

293 1293 307 1342 ⁵
321 1265 426 1334 metri
443 1287 601 1334 cursum.
640 1258 890 1334 Acataleetum
904 1258 1175 1356 autem,'quod
1187 1259 1425 1336 novissimum

322 1376 452 1476 pedem
471 1376 652 1475 integrum
680 1401 745 1474 pro
761 1372 969 1450 eonditione
995 1373 1049 1448 sui
1075 1375 1178 1448 metri
1197 1375 1351 1466 obtinet,
1366 1376 1424 1450 cui

321 1492 412 1568 nihil
432 1491 594 1572 abundat
610 1503 673 1564 aut
689 1491 800 1564 deest.
844 1489 1208 1588 Bracbycatalentum
1227 1517 1323 1579 veto,
1339 1517 1424 1568 cum

322 1633 395 1680 uno
412 1605 516 1705 pede,
534 1605 569 1679 id
586 1620 653 1692 est,
670 1605 811 1682 duabus
836 1607 985 1706 syllabis
1002 1621 1160 1684 metrum
1184 1607 1426 1696 imminuitur,

323 1735 359 1794 et
376 1749 441 1821 pro
458 1721 604 1822 dipodia
622 1749 684 1822 pes
702 1749 796 1796 unus
822 1722 980 1822 ponitur,
997 1721 1133 1795 scilicet
1157 1747 1240 1796 oum
1268 1721 1426 1821 dipodiae

252 1839 254 1844 ’
295 1837 512 1910 oferiuntur.
575 1835 661 1910 Hoc
689 1851 847 1912 metrum
877 1837 1027 1934 quidam
1058 1837 1240 1912 ¹oolobon
1270 1851 1425 1912 vocant:

324 1953 465 2026 miuron
489 1952 587 2028 enim
614 1979 686 2028 una
707 1953 750 2026 fit
777 1953 913 2052 syllaba
941 1954 1111 2026 detracta.
1163 1952 1428 2052 Hypsroatale-

322 2081 422 2141 ctum
450 2081 585 2155 contra,
601 2095 687 2142 cum
714 2081 871 2142 metrum
900 2067 936 2140 in
967 2079 1148 2166 postrema
1174 2080 1275 2166 parte
1302 2093 1426 2142 versus

322 2208 394 2256 una
418 2184 557 2281 syllaba
580 2183 740 2258 abundat
755 2183 849 2257 ultra
866 2209 974 2281 quam
994 2184 1108 2282 exigit
1123 2183 1280 2283 dipodiae
1296 2211 1426 2260 nume-

295 2322 393 2386 7rus,
411 2323 476 2396 pro
502 2298 580 2397 lege
601 2325 723 2374 versus
748 2299 905 2398 oppositi
934 2300 1159 2374 terminatus.
1212 2301 1256 2374 Id
1284 2313 1324 2374 ut
1349 2300 1426 2398 pla-

322 2412 403 2484 nius
430 2415 498 2486 sub
527 2415 695 2514 exemplo
723 2413 855 2487 heroici
886 2440 1008 2487 versus
1039 2413 1182 2502 faciam,
1209 2415 1277 2486 erit
1305 2427 1425 2488 acata-

322 2527 469 2619 lectum,
493 2529 618 2628 'quod
642 2529 790 2629 integris
816 2528 889 2603 suis
915 2529 1068 2628 pedibus
1085 2543 1122 2602 et
1142 2528 1261 2603 modis
1279 2530 1422 2606 finitur:

320 2660 362 2718 ut

364 2699 494 2818 'Arma
510 2745 700 2844 vommqn
717 2768 815 2834 cano,
836 2744 953 2841 nnat
970 2744 1034 2843 qm·
1047 2745 1190 2842 pomus
1206 2745 1252 2820 ao
1270 2744 1356 2818 aru.

295 2889 583 2966 sCatalecticum
603 2891 630 2964 si
649 2918 723 2965 una
740 2892 878 2991 syllaba
895 2893 927 2966 ei
945 2891 1177 2966 detrahatur:
1202 2907 1255 2980 ut,

372 3023 492 3096 Arma
507 3025 697 3125 virumque
714 3051 814 3114 cono,
836 3023 954 3128 Trsy'n
971 3026 1036 3125 qui
1046 3026 1192 3124 primus
1209 3025 1255 3098 ub
1272 3049 1305 3098 o.

293 3153 695 3253 9Brnchycatalectum,
713 3155 741 3228 si
760 3157 862 3230 duae:
887 3169 940 3246 ut,

370 3285 494 3359 Arana
510 3289 700 3388 virumque
718 3315 818 3378 cuno,
843 3288 963 3390 Prty'n
979 3291 1044 3392 qui
1055 3293 1199 3390 primus
1216 3292 1272 3366 ub.

279 3443 309 3478 ιο
322 3413 665 3514 Hypercatalectum
685 3419 815 3506 siuns,
835 3422 991 3523 amplius
1009 3449 1120 3521 quam
1141 3451 1260 3498 versus
1284 3423 1424 3522 integer

320 3531 444 3630 exigit,
460 3533 597 3631 syllaba
613 3535 804 3610 exuberet:
831 3552 883 3624 ut,

370 3663 491 3738 Arma
507 3665 696 3764 virumque
712 3693 813 3758 cuno,
837 3667 955 3769 chy‘o
972 3672 1037 3770 qui
1046 3673 1192 3769 primus
1210 3671 1256 3745 ab
1267 3671 1421 3768 οήεφιε.

360 3895 524 3972 aquatuor]
541 3909 608 3952 suist
621 3907 756 3973 quattuor
770 3896 803 3954 P.
858 3899 1109 3975 raesulecticum]
1126 3901 1311 3958 acataleetum
1329 3901 1361 3958 P.
1376 3899 1421 3958 ed.

320 3977 400 4034 Cam.
497 3975 734 4050 ⁸catalecticum]
750 3975 946 4037 lataleotioum
963 3981 994 4039 P.
1106 3980 1419 4058 tbrsubyoutrtlectum]

321 4053 576 4114 bmelicataleetum
592 4055 623 4113 P.
724 4065 742 4099 ¹²
756 4055 880 4134 quoties]
901 4063 1033 4136 quotiens
1049 4061 1080 4120 P.
1181 4071 1204 4104 a
1218 4061 1308 4140 quod]
1324 4061 1372 4138 qui
1388 4061 1420 4118 P.

320 4145 337 4176 ¹
350 4134 486 4209 eolobou]
502 4134 617 4194 colofon
632 4137 664 4195 P.
743 4138 865 4215 tquod]
881 4139 929 4218 qui
944 4141 976 4200 P.

359 4299 389 4358 6.
418 4297 551 4373 Miuron]
579 4293 682 4374 utboni
706 4313 775 4358 sunt
798 4301 847 4378 qui
889 4300 944 4359 isse
957 4301 1161 4361 Terentianum
1181 4301 1301 4381 priunum
1317 4301 1345 4361 in
1361 4322 1420 4361 rer-

317 4384 414 4452 μόοιφον
433 4377 557 4438 scribant
577 4397 593 4436 a
611 4378 708 4437 eaudae
726 4379 846 4438 musculi
889 4381 926 4439 bo
941 4381 1088 4460 syllabam,
1104 4384 1153 4442 sed
1175 4382 1251 4441 idem
1274 4383 1335 4442 aliis
1349 4402 1420 4460 qun·

318 4457 512 4526 similitudine,
533 4459 583 4518 sed
605 4479 662 4517 uon
686 4473 770 4528 rente,
792 4459 847 4518 nisi
889 4462 989 4540 quein
1005 4461 1115 4522 Graecis
1136 4463 1228 4522 verbis
1249 4483 1263 4521 s
1282 4463 1420 4522 llabarum

319 4539 409 4608 fallor,
424 4538 476 4598 etsi
492 4559 549 4600 non
564 4538 637 4619 fugit
656 4559 702 4598 me
720 4541 848 4620 corripu·
889 4541 1078 4620 quantitatem
1089 4543 1227 4630 neglexit.
1277 4543 1402 4604 AMER.
