2980 5142
116 431 206 482 cnr.
226 422 260 482 8.
368 407 434 481 De
450 409 569 506 specie
581 417 765 506 poematos
783 411 986 486 mmmaais.
1151 424 1219 481 441

114 593 220 691 apud
248 591 445 678 Romanos,
467 606 689 692 praetextata,
707 594 918 680 tabernaria,
934 593 1132 684 'Atellania
1148 594 1225 693 pla-

114 733 236 807 nrpes.

171 824 363 923 Exegetici
390 825 445 898 vel
473 825 661 899 enarrativi
689 827 825 925 species
852 839 937 899 sunt
962 839 1044 915 tres,
1068 827 1252 924 ¹²angel-²

116 939 205 1029 tice,
219 939 398 1026 historice,
412 939 636 1014 didascalice.
662 942 853 1038 Angeltice
871 957 935 1028 est,
949 968 1020 1040 qua
1039 941 1224 1014 sententiae

117 1056 362 1141 ‘scribentum
399 1070 438 1130 at
470 1069 525 1128 est
553 1057 776 1154 Theognidis
819 1057 921 1142 liber,
956 1058 1041 1130 item
1083 1057 1224 1131 '‘chriae.

119 1171 309 1244 Historiae
335 1157 407 1256 est.
427 1195 497 1268 qua
524 1171 743 1246 narrationes
770 1185 806 1245 et
831 1173 1050 1271 genealogiae
1078 1199 1226 1272 compo-

120 1299 270 1374 nuntur,
297 1299 338 1358 ut
364 1299 418 1358 est
442 1285 615 1359 ⁰Hesi0di
642 1295 786 1360 Γυναικῶν
813 1293 995 1384 κατάλογος,
1022 1302 1057 1361 et
1081 1289 1224 1362 similia.

120 1403 354 1477 Didascalice
367 1417 433 1492 est,
446 1429 517 1500 qua
534 1405 853 1503 comprehenditur
869 1405 1121 1504 ‘lphilosophia
1135 1409 1226 1498 Εῐνν-ι
1326 1397 1329 1404 ’

121 1520 285 1620 pedoclis
319 1533 376 1592 ⁰et
410 1520 582 1608 Lucretii,
619 1521 705 1593 item
749 1521 950 1618 astrologia,
983 1535 1024 1594 ut
1057 1521 1227 1615 Φαννόμενα

121 1635 226 1708 Arati
261 1648 298 1708 et
328 1634 524 1724 Ciceronis
554 1649 590 1708 et
620 1635 799 1736 Georgica
824 1636 978 1734 Virgilii,
1006 1635 1060 1708 fet
1091 1636 1146 1708 his
1181 1636 1227 1708 si·

123 1749 236 1822 milia.

199 2013 290 2087 Cae.
309 2013 416 2088 Vlll.
461 2015 545 2088 sne
564 2039 692 2089 sescus
713 2039 911 2090 coenatos
929 2037 1148 2088 constante.

176 2177 281 2246 Komoi
298 2173 351 2244 vel
371 2173 575 2247 communis
599 2187 785 2274 poematos
804 2174 938 2273 species
956 2172 1073 2272 prima
1090 2183 1145 2243 est
1164 2169 1227 2241 he-

125 2289 231 2372 roica,
258 2285 322 2360 hnt
339 2302 394 2360 est
418 2289 552 2363 Iliados
576 2305 612 2364 et
629 2291 824 2364 AEneidos:
851 2288 1021 2363 lsecunda
1045 2287 1166 2385 lyrica,
1185 2297 1226 2358 ut

125 2416 180 2474 est
196 2402 409 2498 Archilochi
423 2417 460 2477 et
479 2405 634 2480 Horatii.

174 2518 275 2618 Epos
293 2517 424 2592 dicitnr
442 2522 567 2594 Graece
593 2521 775 2594 iicarmine
795 2521 1005 2593 hexametro
1022 2517 1253 2589 divinorumo
1298 2555 1303 2562 ·

125 2661 242 2707 rerum
272 2649 309 2708 et
338 2636 558 2708 heroicarum
589 2637 901 2734 humanarumque
931 2633 1225 2732 comprehensim

126 2752 222 2852 quod
249 2779 270 2825 a
296 2752 430 2825 Graeeis
457 2752 506 2824 ita
530 2751 735 2824 ldellnitum
763 2765 836 2824 est:
864 2750 932 2831 ἔτος
955 2748 1037 2823 ἐστὶν
1060 2749 1226 2846 ἔμπερννχῆ

166 3083 328 3160 zattellana]
346 3087 474 3143 abelleno
488 3087 558 3144 AB.
610 3096 640 3128 ⁸²
655 3087 793 3160 Anaetica
810 3082 851 3156 (in
865 3103 952 3160 marg.
967 3081 1002 3139 al.
1017 3081 1172 3156 engelrico)
1189 3081 1223 3137 C.

128 3175 143 3206 Β
155 3166 271 3222 morales
284 3185 342 3222 om.
358 3167 427 3234 1320.
443 3167 514 3224 Ven.
531 3179 596 3244 post
609 3168 772 3224 scribantur.
890 3162 989 3220 bitem
1004 3161 1137 3220 historice
1151 3163 1221 3236 qua]

127 3249 189 3302 item
203 3247 285 3302 chria
298 3247 430 3303 historica
444 3255 484 3303 est
497 3267 552 3322 qua
566 3251 599 3304 A.
614 3250 679 3304 item
693 3249 770 3304 dirioe
783 3257 837 3302 etc.
853 3245 887 3300 B.
970 3252 983 3284 ⁰
999 3241 1116 3300 Hesiodi
1126 3243 1153 3298 T
1155 3242 1223 3298 heo·

126 3325 223 3404 gocia]
242 3327 426 3400 Hesiodagiae
439 3331 630 3402 coarctatogos
641 3329 713 3386 AB.
782 3322 842 3381 dar
857 3325 919 3380 libri
937 3323 1066 3382 Varronis
1080 3342 1137 3380 orn.
1153 3322 1222 3379 AB.

127 3419 190 3483 post
211 3409 392 3482 philosophia.
497 3408 671 3483 elateretii]
696 3417 723 3465 et
748 3407 860 3464 Lucreti
884 3404 954 3462 AB.
983 3411 1010 3461 et
1039 3403 1164 3461 Lacreaii
1188 3404 1222 3460 C.

128 3483 186 3546 fet
209 3486 320 3544 similia.
342 3489 429 3561 κονννῦ]
455 3497 482 3544 at
507 3490 548 3546 his
575 3491 683 3546 similia.
720 3490 767 3544 De
789 3489 876 3560 specie
899 3492 1039 3560 poertatos
1066 3485 1221 3540 commanis

130 3568 205 3642 Cyna
226 3571 268 3624 ael
289 3572 436 3626 cammaris
456 3570 489 3626 A.
611 3579 628 3625 8
651 3571 698 3626 De
715 3571 801 3642 specie
819 3574 958 3640 poematos
977 3567 1111 3622 commaai
1131 3565 1223 3621 Canon

127 3651 168 3706 ael
181 3651 328 3706 aommams
338 3657 479 3723 poematos
492 3650 525 3706 B.
542 3669 629 3724 cynon
643 3651 686 3707 ael
699 3654 846 3706 commanis
856 3655 996 3722 poematos
1011 3647 1045 3704 C.
1160 3641 1177 3686 h
1192 3655 1224 3702 ut

128 3727 242 3802 Iliados]
260 3737 291 3785 at
305 3737 344 3786 est
359 3727 538 3786 troanno.
553 3739 584 3786 at
598 3738 637 3787 est
652 3731 756 3788 iliados
770 3731 804 3786 C.
910 3725 919 3769 l
935 3727 1066 3786 Secunda
1080 3723 1175 3801 lyrica.
1192 3735 1224 3780 ut

128 3823 168 3866 est
180 3807 341 3867 Archilochi
357 3823 387 3866 et
401 3809 524 3868 Horatii.
559 3811 640 3888 Epos
659 3811 763 3868 dicitur
776 3809 874 3866 Graece
888 3827 1000 3866 carmen
1023 3807 1219 3877 hexametron]

129 3890 256 3948 &cande
277 3891 348 3947 liaca
365 3935 372 3948 .
388 3933 395 3946 .
413 3933 419 3946 .
435 3895 549 3948 cratim.
571 3899 711 3970 poenrotos
726 3891 897 3947 characteres
914 3897 979 3945 sant
998 3893 1137 3961 qoattaor.
1160 3901 1223 3957 epos

127 3973 224 4028 dicitas
235 3989 323 4044 grace
336 3974 456 4028 caratiae
469 3973 625 4028 hexametro
639 3975 673 4029 A.
694 3973 813 4028 seaamla
827 3971 914 4026 eliaca
928 3977 960 4025 at
973 3975 1012 4024 est
1023 3963 1181 4024 Archilochi
1195 3971 1223 4019 et

128 4053 238 4108 matius.
257 4059 399 4124 peraratas
413 4061 565 4109 caracteres
577 4060 641 4109 sant
655 4059 782 4126 qamaor.
807 4051 880 4123 Epor
889 4051 990 4104 dicitur
999 4057 1053 4104 etc.
1070 4087 1077 4101 .
1094 4086 1101 4100 .
1116 4055 1147 4100 et
1159 4063 1221 4119 qnae

128 4142 280 4207 sequuntur
301 4131 406 4190 lineola
426 4145 569 4190 tranversa
587 4131 679 4190 deleta
700 4143 778 4198 sunt,
795 4147 882 4204 usque
902 4127 937 4184 ad
958 4125 1017 4184 viii.
1033 4139 1061 4200 5.
1077 4126 1222 4180 Poematos

128 4214 296 4269 characteres
309 4224 362 4270 etc.
376 4214 411 4270 B.
433 4220 460 4269 et
475 4217 566 4276 oratii.
587 4221 727 4286 poeraatos
743 4213 914 4268 characteres
932 4215 995 4264 saal
1009 4212 1137 4280 quatuor.
1160 4223 1223 4279 epos

128 4295 224 4349 dicitur
245 4293 280 4348 C.
296 4293 370 4352 Ven.
491 4291 510 4336 ἢ
521 4312 634 4351 carmen
653 4291 850 4363 hexanretron]
872 4290 992 4344 camnine
1011 4288 1167 4344 hexametro
1187 4285 1220 4342 B.

125 4369 134 4426 i
147 4371 295 4430 diffinitum
310 4387 354 4432 est
367 4375 465 4449 περιοχὴ
479 4375 545 4431 letes
558 4376 601 4430 toi
615 4375 716 4449 ἡρννννῦν
729 4375 771 4428 sai
785 4371 828 4444 eh]
843 4371 983 4446 definitam
994 4375 1043 4426 est.
1059 4386 1121 4441 epos
1135 4373 1221 4423 estest

126 4453 247 4526 penoche
268 4454 343 4510 thim
361 4461 388 4511 te
405 4473 435 4514 ce
455 4455 579 4512 heroicon
594 4473 623 4510 ce
637 4475 655 4510 a
670 4453 709 4510 A.
731 4471 794 4526 epos
814 4459 853 4508 est
875 4449 1071 4525 henpemochoe
1088 4448 1222 4504 thioatece

129 4533 248 4590 hasicaa
262 4534 298 4592 B.
320 4553 384 4610 epos
397 4542 437 4592 est
450 4535 617 4610 empoiaahe
630 4535 759 4592 thioatiae
773 4533 807 4590 C.

640 4643 705 4703 31.
