3100 5142
284 403 357 466 308
686 397 825 470 Casius
842 396 985 470 Bosana

286 601 369 664 una,
387 575 495 674 longa
512 601 593 666 una,
611 579 778 653 brevibus
798 579 950 670 duabus,
966 593 1003 653 et
1022 580 1129 678 longa
1154 603 1248 650 una:
1278 575 1387 652 Com-

286 691 405 764 minus
416 689 567 790 gladiis.

245 825 273 876 ¹7
336 805 395 878 Ex
406 806 655 905 amphimacro
664 821 702 882 et
712 807 869 906 dactylo,
881 807 916 882 id
929 822 984 883 eat
996 835 1043 882 ex
1061 809 1170 907 longa
1183 833 1267 896 una,
1285 807 1385 879 brevi

286 945 369 1009 una,
386 919 503 1018 longia
520 919 672 1010 duabus,
689 937 726 996 et
742 924 910 998 brevibus
927 923 1085 998 duabus:
1112 923 1280 998 Victoria
1293 948 1387 1019 prcc-

287 1033 365 1106 dili.

246 1165 275 1214 ιδ
336 1147 395 1222 Ex
422 1149 670 1250 amphimacro
695 1165 732 1226 ct
759 1153 921 1242 bacchio,
945 1152 982 1226 id
1008 1166 1063 1226 eat
1092 1153 1272 1250 exlongo
1300 1176 1386 1240 una,

287 1264 385 1338 brevi
403 1291 485 1354 una,
502 1279 538 1338 et
555 1267 662 1366 longa
679 1294 752 1341 una
768 1283 806 1342 et
822 1270 920 1342 brevi
939 1295 1023 1359 una,
1039 1283 1076 1346 ct
1095 1269 1209 1367 longis
1222 1267 1383 1340 duabus:

288 1379 466 1454 Hostibus
481 1381 648 1478 repulsis.

246 1521 276 1574 ¹⁹
337 1495 396 1570 Ex
411 1495 674 1593 palimbacchio
687 1509 724 1570 et
737 1498 908 1596 spondeo,
922 1497 957 1572 id
971 1511 1026 1572 est
1043 1523 1087 1571 ex
1103 1497 1220 1596 longia
1233 1496 1385 1580 duabus,

287 1622 325 1683 et
341 1609 438 1684 brevi
456 1637 540 1699 una,
557 1625 594 1684 et
610 1611 726 1710 longia
744 1611 903 1686 duabus:
929 1613 1124 1686 Praecloro
1139 1614 1269 1686 virtus.

245 1761 277 1800 ιο
337 1723 396 1798 Ex
422 1725 689 1824 palimbacchio
705 1739 743 1800 et
759 1743 951 1828 anapaesto,
969 1727 1004 1801 id
1022 1742 1140 1801 estex
1159 1727 1275 1824 longis
1298 1726 1386 1800 dua-

288 1840 368 1928 bus,
385 1852 422 1911 et
440 1840 606 1912 brevibus
624 1842 749 1932 tribua,
761 1857 798 1916 et
809 1848 917 1942 longa
931 1869 1020 1916 una:
1039 1841 1243 1916 Prudentis
1255 1843 1385 1916 maimo.

245 1993 274 2028 n
338 1955 398 2028 Ex
423 1954 688 2054 palimbacchio
713 1971 750 2030 et
769 1959 926 2059 dactylo,
946 1957 981 2031 id
1008 1971 1133 2030 estex
1161 1957 1276 2055 longia
1299 1956 1388 2030 dua-

288 2073 367 2158 bus,
386 2071 483 2144 brevi
502 2097 585 2160 una,
599 2085 635 2145 et
652 2073 759 2174 longa
777 2101 861 2164 una,
873 2087 910 2148 et
928 2073 1094 2148 brevibus
1107 2071 1268 2146 duabus:
1286 2071 1388 2146 Loa-

289 2187 411 2262 άαηάα
414 2186 576 2286 jugiter.

247 2335 277 2372 υ
340 2303 398 2376 Ex
417 2329 542 2402 poeone
559 2302 664 2375 tertio
680 2317 717 2376 et
734 2301 906 2402 spondeo,
924 2303 1027 2376 idest
1043 2327 1089 2376 ex
1114 2302 1283 2376 brevibus
1300 2301 1388 2374 dua·

290 2420 370 2507 boa,
387 2419 495 2516 longa
514 2445 595 2507 una,
612 2431 648 2490 et
671 2418 768 2492 brevi
794 2445 878 2504 una,
895 2431 932 2492 et
948 2417 1064 2518 longis
1081 2417 1242 2491 duabus:
1269 2417 1387 2514 Repe-

292 2536 392 2610 tebot
407 2547 521 2610 octos.

248 2679 277 2730 η
341 2651 399 2724 Ex
417 2676 542 2750 paeone
555 2649 661 2722 tertio
675 2661 712 2722 et
724 2659 916 2748 anapaesto,
933 2645 1035 2720 idest
1051 2671 1097 2720 ex
1114 2646 1281 2720 brevibus
1301 2645 1387 2719 dua·

292 2767 370 2850 bns,
388 2766 496 2862 longa
515 2789 597 2852 una,
614 2775 652 2836 et
675 2761 843 2836 brevibus
868 2761 994 2852 tribus,
1011 2776 1048 2836 et
1073 2763 1180 2860 longa
1197 2787 1289 2835 una:
1316 2761 1388 2836 So-

289 2890 442 2978 peraeae
459 2881 612 2953 animno.

250 3024 281 3072 24
342 2995 401 3068 Ex
426 3020 552 3094 poeone
569 2993 675 3067 tertio
692 3005 729 3065 et
745 2992 902 3092 dactylo,
920 2991 955 3065 id
973 3005 1089 3065 estex
1115 2991 1282 3064 brevibus
1300 2991 1389 3064 dua-

293 3113 371 3199 bus,
389 3123 425 3183 et
451 3111 559 3208 longa
583 3135 667 3199 una,
690 3107 788 3180 brevi
813 3134 886 3180 una
910 3107 1017 3205 longa
1039 3109 1141 3204 (una)
1160 3119 1197 3179 et
1222 3106 1387 3180 brevibus

292 3227 453 3301 duabus:
477 3225 618 3300 Alieno
635 3223 842 3325 quatitans.
991 3260 997 3271 =

250 3369 280 3418 ²⁵
343 3341 401 3412 Ex
429 3340 693 3440 amphibrachy
718 3351 754 3411 et
777 3335 948 3436 spondeo,
970 3337 1007 3410 id
1035 3351 1088 3410 eat
1113 3361 1158 3410 ex
1184 3336 1388 3422 breviana,

294 3459 402 3554 longa
427 3481 509 3544 una,
534 3469 571 3528 et
596 3454 693 3528 brevi
715 3479 798 3541 una,
820 3465 858 3525 et
880 3451 996 3552 longia
1018 3451 1178 3525 duabus:
1208 3449 1390 3549 Repulsus

295 3571 415 3645 doctis.

250 3696 281 3748 ²⁶
344 3685 405 3759 Ex
427 3681 689 3782 amphibmchy
706 3695 742 3755 et
766 3697 959 3781 anapoeato,
977 3682 1013 3756 id
1032 3695 1087 3755 eat
1110 3705 1156 3754 ex
1182 3681 1279 3755 brevi
1307 3705 1389 3770 una,

295 3817 332 3876 et
357 3802 464 3900 longa
489 3823 574 3886 una,
593 3797 758 3870 brevibus
784 3797 911 3887 tribus,
927 3811 964 3872 et
987 3799 1093 3896 longa
1111 3821 1201 3869 una:
1227 3795 1391 3892 Repente

295 3919 452 4015 capitur.

252 4053 283 4104 ²7
346 4033 402 4105 Ex
431 4027 694 4128 amphibrachy
720 4039 757 4098 et
782 4026 939 4127 dactylo,
964 4027 998 4100 id
1024 4043 1079 4100 est
1106 4051 1152 4099 ex
1178 4025 1277 4098 brevi
1307 4051 1391 4110 una,

295 4148 402 4245 longa
418 4173 501 4232 una,
519 4157 556 4218 et
573 4143 670 4218 brevi
686 4169 770 4229 una,
787 4157 824 4218 et
841 4145 948 4244 longa
964 4169 1048 4229 una,
1065 4157 1102 4215 et
1118 4141 1286 4213 brevibus
1303 4138 1392 4212 dua-

297 4264 384 4335 bus:
412 4259 608 4334 Parontnr
624 4259 783 4360 agmina.

253 4399 283 4448 zo
345 4377 404 4452 Ex
423 4376 582 4476 spondeo
599 4393 636 4452 et
652 4377 785 4467 iambo,
802 4375 839 4448 id
855 4387 911 4447 eat
927 4399 973 4446 ex
990 4369 1107 4470 longis
1127 4367 1391 4457 duabus,·brovi

296 4521 388 4569 una:
418 4491 560 4568 Caunos
575 4491 682 4566 videt.
