<?xml version="1.0" encoding="UTF-8"?>
<!DOCTYPE html PUBLIC "-//W3C//DTD XHTML 1.0 Transitional//EN"
    "http://www.w3.org/TR/xhtml1/DTD/xhtml1-transitional.dtd">
<html xmlns="http://www.w3.org/1999/xhtml" xml:lang="en" lang="en">
 <head>
  <title>
</title>
<meta http-equiv="Content-Type" content="text/html;charset=utf-8" />
  <meta name='ocr-system' content='tesseract 3.04.00' />
  <meta name='ocr-capabilities' content='ocr_page ocr_carea ocr_par ocr_line ocrx_word'/>
</head>
<body>
  <div class='ocr_page' id='page_1' title='image "./scriptoreslatin00gaisgoog_0551.png"; bbox 0 0 2970 5134; ppageno 0'>
   <div class='ocr_carea' id='block_1_1' title="bbox 40 401 1185 486">
    <p class='ocr_par' dir='ltr' id='par_1_1' title="bbox 40 401 1185 486">
     <span class='ocr_line' id='line_1_1' title="bbox 40 401 1185 486; baseline -0.006 -19"><span class='ocrx_word' id='word_1_1' title='bbox 40 423 149 468; x_wconf 70' lang='lat' dir='ltr'>carr.</span> <span class='ocrx_word' id='word_1_2' title='bbox 173 422 223 466; x_wconf 79' lang='grc' dir='ltr'>ιι.</span> <span class='ocrx_word' id='word_1_3' title='bbox 518 401 574 464; x_wconf 81' lang='lat' dir='ltr'>De</span> <span class='ocrx_word' id='word_1_4' title='bbox 590 401 738 486; x_wconf 76' lang='lat' dir='ltr'>pedibus.</span> <span class='ocrx_word' id='word_1_5' title='bbox 1120 403 1185 468; x_wconf 65' lang='lat'>588</span> 
     </span>
    </p>
   </div>
   <div class='ocr_carea' id='block_1_2' title="bbox 43 567 1240 1472">
    <p class='ocr_par' dir='ltr' id='par_1_2' title="bbox 43 567 1240 1472">
     <span class='ocr_line' id='line_1_2' title="bbox 43 567 1213 659; baseline -0.002 -21"><span class='ocrx_word' id='word_1_6' title='bbox 43 573 150 638; x_wconf 81' lang='lat' dir='ltr'>trica</span> <span class='ocrx_word' id='word_1_7' title='bbox 182 570 352 659; x_wconf 73' lang='lat' dir='ltr'><strong>disciplina</strong></span> <span class='ocrx_word' id='word_1_8' title='bbox 376 568 467 634; x_wconf 87' lang='lat' dir='ltr'>alieni</span> <span class='ocrx_word' id='word_1_9' title='bbox 496 567 567 636; x_wconf 87' lang='lat' dir='ltr'>sint.</span> <span class='ocrx_word' id='word_1_10' title='bbox 612 571 665 636; x_wconf 82' lang='lat' dir='ltr'>Ex</span> <span class='ocrx_word' id='word_1_11' title='bbox 692 569 741 634; x_wconf 88' lang='lat' dir='ltr'>hia</span> <span class='ocrx_word' id='word_1_12' title='bbox 763 583 868 636; x_wconf 82' lang='lat' dir='ltr'>sutem</span> <span class='ocrx_word' id='word_1_13' title='bbox 894 569 1040 658; x_wconf 83' lang='lat' dir='ltr'>pedibus,</span> <span class='ocrx_word' id='word_1_14' title='bbox 1062 571 1119 658; x_wconf 85' lang='lat' dir='ltr'>qui</span> <span class='ocrx_word' id='word_1_15' title='bbox 1144 588 1213 636; x_wconf 68' lang='lat' dir='ltr'>ext</span> 
     </span>
     <span class='ocr_line' id='line_1_3' title="bbox 45 670 1187 759; baseline -0.001 -20"><span class='ocrx_word' id='word_1_16' title='bbox 45 673 235 740; x_wconf 82' lang='lat' dir='ltr'>brevibus</span> <span class='ocrx_word' id='word_1_17' title='bbox 255 687 312 741; x_wconf 82' lang='lat' dir='ltr'>sut</span> <span class='ocrx_word' id='word_1_18' title='bbox 326 696 366 740; x_wconf 82' lang='lat' dir='ltr'>ex</span> <span class='ocrx_word' id='word_1_19' title='bbox 381 671 482 758; x_wconf 80' lang='lat' dir='ltr'>longis</span> <span class='ocrx_word' id='word_1_20' title='bbox 502 670 630 759; x_wconf 74' lang='lat' dir='ltr'><strong>syllabis</strong></span> <span class='ocrx_word' id='word_1_21' title='bbox 650 671 697 736; x_wconf 82' lang='lat' dir='ltr'>ite</span> <span class='ocrx_word' id='word_1_22' title='bbox 709 671 928 750; x_wconf 78' lang='lat' dir='ltr'>coniiciuntur,</span> <span class='ocrx_word' id='word_1_23' title='bbox 943 671 1001 738; x_wconf 75' lang='lat' dir='ltr'>¹‘ut</span> <span class='ocrx_word' id='word_1_24' title='bbox 1019 673 1068 738; x_wconf 91' lang='lat' dir='ltr'>bis</span> <span class='ocrx_word' id='word_1_25' title='bbox 1085 673 1187 738; x_wconf 80' lang='lat' dir='ltr'>brevi-</span> 
     </span>
     <span class='ocr_line' id='line_1_4' title="bbox 49 772 1186 862; baseline 0 -20"><span class='ocrx_word' id='word_1_26' title='bbox 49 776 146 842; x_wconf 85' lang='lat' dir='ltr'>tatis</span> <span class='ocrx_word' id='word_1_27' title='bbox 163 791 204 842; x_wconf 85' lang='lat' dir='ltr'>et</span> <span class='ocrx_word' id='word_1_28' title='bbox 219 773 424 862; x_wconf 74' lang='lat' dir='ltr'><strong>longitudinis</strong></span> <span class='ocrx_word' id='word_1_29' title='bbox 438 773 570 838; x_wconf 87' lang='lat' dir='ltr'>varietas</span> <span class='ocrx_word' id='word_1_30' title='bbox 584 772 672 838; x_wconf 85' lang='lat' dir='ltr'>nulla</span> <span class='ocrx_word' id='word_1_31' title='bbox 685 773 737 853; x_wconf 90' lang='lat' dir='ltr'>sit,</span> <span class='ocrx_word' id='word_1_32' title='bbox 750 772 811 838; x_wconf 84' lang='lat' dir='ltr'>nisi</span> <span class='ocrx_word' id='word_1_33' title='bbox 824 797 863 838; x_wconf 83' lang='lat' dir='ltr'>ex</span> <span class='ocrx_word' id='word_1_34' title='bbox 877 773 978 862; x_wconf 82' lang='lat' dir='ltr'>longia</span> <span class='ocrx_word' id='word_1_35' title='bbox 992 789 1023 840; x_wconf 86' lang='lat' dir='ltr'>et</span> <span class='ocrx_word' id='word_1_36' title='bbox 1037 774 1186 841; x_wconf 83' lang='lat' dir='ltr'>brevibus</span> 
     </span>
     <span class='ocr_line' id='line_1_5' title="bbox 52 872 1184 965; baseline 0.002 -23"><span class='ocrx_word' id='word_1_37' title='bbox 52 877 214 965; x_wconf 85' lang='lat' dir='ltr'>syllabis</span> <span class='ocrx_word' id='word_1_38' title='bbox 236 875 399 964; x_wconf 83' lang='lat' dir='ltr'>temperati</span> <span class='ocrx_word' id='word_1_39' title='bbox 421 872 650 962; x_wconf 79' lang='lat' dir='ltr'>¹adjungantur</span> <span class='ocrx_word' id='word_1_40' title='bbox 670 874 777 962; x_wconf 88' lang='lat' dir='ltr'>pedes,</span> <span class='ocrx_word' id='word_1_41' title='bbox 799 889 935 944; x_wconf 82' lang='lat' dir='ltr'>mstmm</span> <span class='ocrx_word' id='word_1_42' title='bbox 956 876 1085 942; x_wconf 89' lang='lat' dir='ltr'>omnino</span> <span class='ocrx_word' id='word_1_43' title='bbox 1106 879 1184 944; x_wconf 84' lang='lat' dir='ltr'>ellici</span> 
     </span>
     <span class='ocr_line' id='line_1_6' title="bbox 56 977 1186 1067; baseline 0 -21"><span class='ocrx_word' id='word_1_44' title='bbox 56 1002 135 1046; x_wconf 89' lang='lat' dir='ltr'>non</span> <span class='ocrx_word' id='word_1_45' title='bbox 153 993 278 1067; x_wconf 83' lang='lat' dir='ltr'>potest.</span> <span class='ocrx_word' id='word_1_46' title='bbox 323 980 406 1046; x_wconf 90' lang='lat' dir='ltr'>Nam</span> <span class='ocrx_word' id='word_1_47' title='bbox 422 999 494 1042; x_wconf 89' lang='lat' dir='ltr'>cum</span> <span class='ocrx_word' id='word_1_48' title='bbox 507 999 559 1042; x_wconf 89' lang='lat' dir='ltr'>ars</span> <span class='ocrx_word' id='word_1_49' title='bbox 572 977 702 1056; x_wconf 78' lang='lat' dir='ltr'>musica,</span> <span class='ocrx_word' id='word_1_50' title='bbox 715 1001 788 1064; x_wconf 82' lang='lat' dir='ltr'>quse</span> <span class='ocrx_word' id='word_1_51' title='bbox 801 994 849 1044; x_wconf 88' lang='lat' dir='ltr'>est</span> <span class='ocrx_word' id='word_1_52' title='bbox 862 978 895 1044; x_wconf 90' lang='lat' dir='ltr'>in</span> <span class='ocrx_word' id='word_1_53' title='bbox 909 979 995 1046; x_wconf 91' lang='lat' dir='ltr'>omni</span> <span class='ocrx_word' id='word_1_54' title='bbox 1008 980 1093 1048; x_wconf 84' lang='lat' dir='ltr'>vocis</span> <span class='ocrx_word' id='word_1_55' title='bbox 1108 1005 1186 1047; x_wconf 89' lang='lat' dir='ltr'>sono</span> 
     </span>
     <span class='ocr_line' id='line_1_7' title="bbox 57 1078 1186 1169; baseline 0.004 -22"><span class='ocrx_word' id='word_1_56' title='bbox 57 1094 92 1128; x_wconf 84' lang='lat'>¹¹²</span> <span class='ocrx_word' id='word_1_57' title='bbox 102 1080 343 1148; x_wconf 72' lang='lat' dir='ltr'>moderationis</span> <span class='ocrx_word' id='word_1_58' title='bbox 355 1102 393 1146; x_wconf 92' lang='lat' dir='ltr'>ac</span> <span class='ocrx_word' id='word_1_59' title='bbox 407 1079 568 1146; x_wconf 76' lang='lat' dir='ltr'>cmvitstis</span> <span class='ocrx_word' id='word_1_60' title='bbox 582 1078 751 1159; x_wconf 77' lang='lat' dir='ltr'>inventrix,</span> <span class='ocrx_word' id='word_1_61' title='bbox 766 1081 903 1148; x_wconf 77' lang='lat' dir='ltr'>metricis</span> <span class='ocrx_word' id='word_1_62' title='bbox 916 1104 1044 1169; x_wconf 90' lang='lat' dir='ltr'>quoque</span> <span class='ocrx_word' id='word_1_63' title='bbox 1057 1083 1186 1150; x_wconf 85' lang='lat' dir='ltr'>rationis</span> 
     </span>
     <span class='ocr_line' id='line_1_8' title="bbox 60 1179 1240 1272; baseline 0.003 -26"><span class='ocrx_word' id='word_1_64' title='bbox 60 1181 233 1272; x_wconf 88' lang='lat' dir='ltr'>princeps</span> <span class='ocrx_word' id='word_1_65' title='bbox 256 1205 293 1247; x_wconf 83' lang='lat' dir='ltr'>sc</span> <span class='ocrx_word' id='word_1_66' title='bbox 314 1181 464 1270; x_wconf 83' lang='lat' dir='ltr'>magistra</span> <span class='ocrx_word' id='word_1_67' title='bbox 486 1181 544 1256; x_wconf 76' lang='lat' dir='ltr'>sit3</span> <span class='ocrx_word' id='word_1_68' title='bbox 578 1179 688 1248; x_wconf 82' lang='lat' dir='ltr'>eedem</span> <span class='ocrx_word' id='word_1_69' title='bbox 710 1205 785 1246; x_wconf 85' lang='lat' dir='ltr'>vero</span> <span class='ocrx_word' id='word_1_70' title='bbox 807 1181 852 1250; x_wconf 81' lang='lat' dir='ltr'>ita</span> <span class='ocrx_word' id='word_1_71' title='bbox 875 1206 987 1250; x_wconf 82' lang='lat' dir='ltr'>cervos</span> <span class='ocrx_word' id='word_1_72' title='bbox 1010 1185 1184 1252; x_wconf 73' lang='lat' dir='ltr'>”testudini</span> <span class='ocrx_word' id='word_1_73' title='bbox 1239 1229 1240 1232; x_wconf 56' lang='lat'><em>=</em></span> 
     </span>
     <span class='ocr_line' id='line_1_9' title="bbox 63 1283 1185 1372; baseline 0.006 -24"><span class='ocrx_word' id='word_1_74' title='bbox 63 1283 280 1372; x_wconf 82' lang='lat' dir='ltr'>adjunxerit,</span> <span class='ocrx_word' id='word_1_75' title='bbox 296 1297 454 1350; x_wconf 87' lang='lat' dir='ltr'>uteorum</span> <span class='ocrx_word' id='word_1_76' title='bbox 476 1283 528 1348; x_wconf 86' lang='lat' dir='ltr'>slii</span> <span class='ocrx_word' id='word_1_77' title='bbox 548 1297 689 1362; x_wconf 72' lang='lat' dir='ltr'>mutum,</span> <span class='ocrx_word' id='word_1_78' title='bbox 704 1293 853 1372; x_wconf 76' lang='lat' dir='ltr'>⁰gravem</span> <span class='ocrx_word' id='word_1_79' title='bbox 874 1284 927 1350; x_wconf 80' lang='lat' dir='ltr'>clii</span> <span class='ocrx_word' id='word_1_80' title='bbox 949 1307 1059 1352; x_wconf 89' lang='lat' dir='ltr'>sonum</span> <span class='ocrx_word' id='word_1_81' title='bbox 1074 1287 1185 1355; x_wconf 81' lang='lat' dir='ltr'>redde·</span> 
     </span>
     <span class='ocr_line' id='line_1_10' title="bbox 65 1385 1185 1472; baseline 0.002 -22"><span class='ocrx_word' id='word_1_82' title='bbox 65 1397 173 1461; x_wconf 70' lang='lat' dir='ltr'>rents</span> <span class='ocrx_word' id='word_1_83' title='bbox 200 1385 418 1472; x_wconf 75' lang='lat' dir='ltr'>Peandemque</span> <span class='ocrx_word' id='word_1_84' title='bbox 433 1407 544 1450; x_wconf 88' lang='lat' dir='ltr'>vocum</span> <span class='ocrx_word' id='word_1_85' title='bbox 566 1385 793 1450; x_wconf 80' lang='lat' dir='ltr'>distinctionem</span> <span class='ocrx_word' id='word_1_86' title='bbox 816 1385 963 1452; x_wconf 86' lang='lat' dir='ltr'>tibiarum</span> <span class='ocrx_word' id='word_1_87' title='bbox 980 1388 1185 1453; x_wconf 84' lang='lat' dir='ltr'>foraminibus</span> 
     </span>
    </p>
   </div>
   <div class='ocr_carea' id='block_1_3' title="bbox 73 1585 1280 4636">
    <p class='ocr_par' dir='ltr' id='par_1_3' title="bbox 73 1585 1184 1747">
     <span class='ocr_line' id='line_1_11' title="bbox 117 1585 1184 1662; baseline 0.003 -17"><span class='ocrx_word' id='word_1_88' title='bbox 117 1585 139 1630; x_wconf 81' lang='lat' dir='ltr'>k</span> <span class='ocrx_word' id='word_1_89' title='bbox 169 1596 202 1645; x_wconf 86' lang='lat' dir='ltr'>ut</span> <span class='ocrx_word' id='word_1_90' title='bbox 228 1589 269 1646; x_wconf 80' lang='lat' dir='ltr'>bis</span> <span class='ocrx_word' id='word_1_91' title='bbox 292 1588 444 1662; x_wconf 82' lang='lat' dir='ltr'>breuitatis]</span> <span class='ocrx_word' id='word_1_92' title='bbox 472 1587 560 1647; x_wconf 77' lang='lat' dir='ltr'>Puris·</span> <span class='ocrx_word' id='word_1_93' title='bbox 586 1594 617 1646; x_wconf 81' lang='lat' dir='ltr'>ut</span> <span class='ocrx_word' id='word_1_94' title='bbox 656 1607 754 1656; x_wconf 87' lang='lat' dir='ltr'>anum,</span> <span class='ocrx_word' id='word_1_95' title='bbox 769 1601 802 1646; x_wconf 88' lang='lat' dir='ltr'>ut</span> <span class='ocrx_word' id='word_1_96' title='bbox 821 1589 906 1647; x_wconf 88' lang='lat' dir='ltr'>docet</span> <span class='ocrx_word' id='word_1_97' title='bbox 925 1589 1026 1649; x_wconf 82' lang='lat' dir='ltr'>Burin.</span> <span class='ocrx_word' id='word_1_98' title='bbox 1049 1592 1069 1648; x_wconf 86' lang='lat' dir='ltr'>l.</span> <span class='ocrx_word' id='word_1_99' title='bbox 1081 1610 1105 1648; x_wconf 88' lang='lat' dir='ltr'>c.</span> <span class='ocrx_word' id='word_1_100' title='bbox 1127 1592 1184 1648; x_wconf 86' lang='lat' dir='ltr'>Or·</span> 
     </span>
     <span class='ocr_line' id='line_1_12' title="bbox 73 1667 1183 1747; baseline 0.005 -23"><span class='ocrx_word' id='word_1_101' title='bbox 73 1671 107 1724; x_wconf 82' lang='lat' dir='ltr'>in</span> <span class='ocrx_word' id='word_1_102' title='bbox 122 1669 179 1726; x_wconf 81' lang='lat' dir='ltr'>bis.</span> <span class='ocrx_word' id='word_1_103' title='bbox 205 1667 324 1728; x_wconf 77' lang='lat' dir='ltr'><strong>HEUS.</strong></span> <span class='ocrx_word' id='word_1_104' title='bbox 657 1669 748 1746; x_wconf 82' lang='lat' dir='ltr'>pheos</span> <span class='ocrx_word' id='word_1_105' title='bbox 769 1669 805 1726; x_wconf 90' lang='lat' dir='ltr'>de</span> <span class='ocrx_word' id='word_1_106' title='bbox 824 1669 927 1747; x_wconf 87' lang='lat' dir='ltr'>Lapid.</span> <span class='ocrx_word' id='word_1_107' title='bbox 943 1689 1062 1747; x_wconf 85' lang='lat' dir='ltr'>prooem.</span> <span class='ocrx_word' id='word_1_108' title='bbox 1078 1689 1118 1729; x_wconf 87' lang='lat' dir='ltr'>rs.</span> <span class='ocrx_word' id='word_1_109' title='bbox 1134 1687 1183 1746; x_wconf 81' lang='lat'>45.</span> 
     </span>
    </p>

    <p class='ocr_par' dir='ltr' id='par_1_4' title="bbox 76 1745 1184 1908">
     <span class='ocr_line' id='line_1_13' title="bbox 119 1745 1184 1826; baseline 0.002 -20"><span class='ocrx_word' id='word_1_110' title='bbox 119 1747 131 1792; x_wconf 81' lang='lat'><strong>¹</strong></span> <span class='ocrx_word' id='word_1_111' title='bbox 152 1745 452 1824; x_wconf 66' lang='lat' dir='ltr'>adjunganturpedes]</span> <span class='ocrx_word' id='word_1_112' title='bbox 471 1747 552 1806; x_wconf 76' lang='lat' dir='ltr'>Idem</span> <span class='ocrx_word' id='word_1_113' title='bbox 567 1765 616 1806; x_wconf 79' lang='lat' dir='ltr'>co-</span> <span class='ocrx_word' id='word_1_114' title='bbox 657 1767 687 1826; x_wconf 90' lang='lat' dir='ltr'>p.</span> <span class='ocrx_word' id='word_1_115' title='bbox 704 1748 773 1824; x_wconf 81' lang='lat'>296.</span> <span class='ocrx_word' id='word_1_116' title='bbox 790 1748 883 1808; x_wconf 70' lang='lat' dir='ltr'>‘Osca</span> <span class='ocrx_word' id='word_1_117' title='bbox 904 1773 933 1806; x_wconf 81' lang='lat' dir='ltr'>re</span> <span class='ocrx_word' id='word_1_118' title='bbox 955 1750 1095 1824; x_wconf 68' lang='grc' dir='ltr'><strong><em>καλῆγω</em></strong></span> <span class='ocrx_word' id='word_1_119' title='bbox 1115 1756 1184 1824; x_wconf 68' lang='grc' dir='ltr'>μετὰ</span> 
     </span>
     <span class='ocr_line' id='line_1_14' title="bbox 76 1827 1182 1908; baseline 0 -20"><span class='ocrx_word' id='word_1_120' title='bbox 76 1829 138 1888; x_wconf 85' lang='lat' dir='ltr'>dex</span> <span class='ocrx_word' id='word_1_121' title='bbox 153 1829 358 1902; x_wconf 74' lang='lat' dir='ltr'>odjrsrguirtur.</span> <span class='ocrx_word' id='word_1_122' title='bbox 382 1827 505 1888; x_wconf 81' lang='lat' dir='ltr'>llEUS.</span> <span class='ocrx_word' id='word_1_123' title='bbox 655 1833 746 1906; x_wconf 72' lang='lat' dir='ltr'>spica</span> <span class='ocrx_word' id='word_1_124' title='bbox 764 1831 911 1906; x_wconf 71' lang='grc' dir='ltr'>ἡιμφοϊτω.</span> <span class='ocrx_word' id='word_1_125' title='bbox 932 1829 982 1888; x_wconf 91' lang='lat' dir='ltr'>ubi</span> <span class='ocrx_word' id='word_1_126' title='bbox 1004 1830 1043 1889; x_wconf 88' lang='lat' dir='ltr'>H.</span> <span class='ocrx_word' id='word_1_127' title='bbox 1059 1830 1182 1908; x_wconf 79' lang='lat' dir='ltr'>Stepha-</span> 
     </span>
    </p>

    <p class='ocr_par' dir='ltr' id='par_1_5' title="bbox 81 1909 1280 4636">
     <span class='ocr_line' id='line_1_15' title="bbox 122 1909 1184 1990; baseline 0.001 -22"><span class='ocrx_word' id='word_1_128' title='bbox 122 1920 152 1952; x_wconf 85' lang='lat' dir='ltr'>m</span> <span class='ocrx_word' id='word_1_129' title='bbox 180 1911 377 1968; x_wconf 69' lang='lat' dir='ltr'>moderationis</span> <span class='ocrx_word' id='word_1_130' title='bbox 399 1927 433 1966; x_wconf 85' lang='lat' dir='ltr'>ac</span> <span class='ocrx_word' id='word_1_131' title='bbox 456 1910 614 1984; x_wconf 77' lang='lat' dir='ltr'>suscitatis]</span> <span class='ocrx_word' id='word_1_132' title='bbox 659 1927 713 1967; x_wconf 86' lang='lat' dir='ltr'>nus</span> <span class='ocrx_word' id='word_1_133' title='bbox 727 1909 800 1968; x_wconf 85' lang='lat' dir='ltr'>benc</span> <span class='ocrx_word' id='word_1_134' title='bbox 814 1909 944 1987; x_wconf 85' lang='lat' dir='ltr'>repudiat</span> <span class='ocrx_word' id='word_1_135' title='bbox 956 1909 1101 1990; x_wconf 77' lang='lat' dir='ltr'>vulgatum</span> <span class='ocrx_word' id='word_1_136' title='bbox 1114 1915 1184 1985; x_wconf 71' lang='grc' dir='ltr'>μετὰ</span> 
     </span>
     <span class='ocr_line' id='line_1_16' title="bbox 81 1987 1183 2068; baseline 0 -19"><span class='ocrx_word' id='word_1_137' title='bbox 81 1989 394 2068; x_wconf 75' lang='lat' dir='ltr'>Modulotiocislegcrc</span> <span class='ocrx_word' id='word_1_138' title='bbox 408 1987 618 2048; x_wconf 81' lang='lat' dir='ltr'>molitrirdoc-</span> <span class='ocrx_word' id='word_1_139' title='bbox 657 1991 753 2065; x_wconf 67' lang='grc' dir='ltr'>φρεσίν.</span> <span class='ocrx_word' id='word_1_140' title='bbox 795 1989 874 2048; x_wconf 88' lang='lat' dir='ltr'>Nam</span> <span class='ocrx_word' id='word_1_141' title='bbox 902 1989 943 2049; x_wconf 89' lang='lat' dir='ltr'>sic</span> <span class='ocrx_word' id='word_1_142' title='bbox 965 1989 1034 2049; x_wconf 88' lang='lat' dir='ltr'>alibi</span> <span class='ocrx_word' id='word_1_143' title='bbox 1062 2010 1090 2068; x_wconf 92' lang='lat' dir='ltr'>p.</span> <span class='ocrx_word' id='word_1_144' title='bbox 1114 2007 1183 2067; x_wconf 82' lang='lat'><strong>350.</strong></span> 
     </span>
     <span class='ocr_line' id='line_1_17' title="bbox 82 2067 1183 2148; baseline 0.005 -22"><span class='ocrx_word' id='word_1_145' title='bbox 82 2083 132 2128; x_wconf 79' lang='lat' dir='ltr'>tus</span> <span class='ocrx_word' id='word_1_146' title='bbox 162 2071 242 2128; x_wconf 78' lang='lat' dir='ltr'>Mirr.</span> <span class='ocrx_word' id='word_1_147' title='bbox 269 2071 338 2128; x_wconf 77' lang='lat' dir='ltr'>Cril.</span> <span class='ocrx_word' id='word_1_148' title='bbox 362 2088 424 2144; x_wconf 79' lang='lat' dir='ltr'>cap.</span> <span class='ocrx_word' id='word_1_149' title='bbox 440 2068 507 2126; x_wconf 90' lang='lat' dir='ltr'>Vll.</span> <span class='ocrx_word' id='word_1_150' title='bbox 559 2067 617 2128; x_wconf 81' lang='lat' dir='ltr'>Sed</span> <span class='ocrx_word' id='word_1_151' title='bbox 656 2067 1183 2148; x_wconf 54' lang='lat' dir='ltr'>&amp;rarssdpct&#39;opulrrnldtswudrl-</span> 
     </span>
     <span class='ocr_line' id='line_1_18' title="bbox 82 2147 1183 2227; baseline 0.001 -17"><span class='ocrx_word' id='word_1_152' title='bbox 82 2153 243 2210; x_wconf 71' lang='lat' dir='ltr'>moderatio</span> <span class='ocrx_word' id='word_1_153' title='bbox 255 2161 286 2210; x_wconf 76' lang='lat' dir='ltr'>et</span> <span class='ocrx_word' id='word_1_154' title='bbox 298 2153 445 2218; x_wconf 64' lang='lat' dir='ltr'>mutuari,</span> <span class='ocrx_word' id='word_1_155' title='bbox 458 2151 489 2206; x_wconf 83' lang='lat' dir='ltr'>ul</span> <span class='ocrx_word' id='word_1_156' title='bbox 499 2147 617 2226; x_wconf 73' lang='lat' dir='ltr'>origine,</span> <span class='ocrx_word' id='word_1_157' title='bbox 657 2169 768 2223; x_wconf 72' lang='grc' dir='ltr'><strong><em>σταμοι·</em></strong></span> <span class='ocrx_word' id='word_1_158' title='bbox 788 2149 857 2210; x_wconf 75' lang='lat' dir='ltr'>im</span> <span class='ocrx_word' id='word_1_159' title='bbox 870 2174 899 2208; x_wconf 76' lang='lat' dir='ltr'>¹rr</span> <span class='ocrx_word' id='word_1_160' title='bbox 913 2154 979 2227; x_wconf 66' lang='grc' dir='ltr'>ἥρες</span> <span class='ocrx_word' id='word_1_161' title='bbox 995 2152 1127 2224; x_wconf 58' lang='lat' dir='ltr'>’limaci</span> <span class='ocrx_word' id='word_1_162' title='bbox 1141 2177 1183 2211; x_wconf 82' lang='grc' dir='ltr'>τε·</span> 
     </span>
     <span class='ocr_line' id='line_1_19' title="bbox 84 2228 1184 2310; baseline 0.004 -22"><span class='ocrx_word' id='word_1_163' title='bbox 84 2229 128 2290; x_wconf 85' lang='lat' dir='ltr'>sic</span> <span class='ocrx_word' id='word_1_164' title='bbox 155 2231 186 2290; x_wconf 82' lang='lat' dir='ltr'>vi</span> <span class='ocrx_word' id='word_1_165' title='bbox 213 2242 243 2290; x_wconf 84' lang='lat' dir='ltr'>st</span> <span class='ocrx_word' id='word_1_166' title='bbox 269 2239 413 2306; x_wconf 81' lang='lat' dir='ltr'>potestate</span> <span class='ocrx_word' id='word_1_167' title='bbox 441 2228 618 2288; x_wconf 84' lang='lat' dir='ltr'>conveniunt</span> <span class='ocrx_word' id='word_1_168' title='bbox 656 2234 770 2306; x_wconf 64' lang='grc' dir='ltr'>τρὰιζιι</span> <span class='ocrx_word' id='word_1_169' title='bbox 788 2232 822 2289; x_wconf 73' lang='lat' dir='ltr'>tvl</span> <span class='ocrx_word' id='word_1_170' title='bbox 838 2235 928 2307; x_wconf 71' lang='lat' dir='ltr'>aplos</span> <span class='ocrx_word' id='word_1_171' title='bbox 945 2236 1067 2306; x_wconf 70' lang='lat' dir='ltr'>optim</span> <span class='ocrx_word' id='word_1_172' title='bbox 1096 2233 1184 2310; x_wconf 79' lang='lat' dir='ltr'>Apol·</span> 
     </span>
     <span class='ocr_line' id='line_1_20' title="bbox 86 2309 1185 2386; baseline 0 -18"><span class='ocrx_word' id='word_1_173' title='bbox 86 2329 155 2370; x_wconf 85' lang='lat' dir='ltr'>cum</span> <span class='ocrx_word' id='word_1_174' title='bbox 178 2312 339 2378; x_wconf 81' lang='lat' dir='ltr'>modulatio,</span> <span class='ocrx_word' id='word_1_175' title='bbox 360 2311 507 2376; x_wconf 80' lang='lat' dir='ltr'>modulari,</span> <span class='ocrx_word' id='word_1_176' title='bbox 528 2321 559 2366; x_wconf 89' lang='lat' dir='ltr'>et</span> <span class='ocrx_word' id='word_1_177' title='bbox 581 2309 617 2370; x_wconf 85' lang='lat' dir='ltr'>dc</span> <span class='ocrx_word' id='word_1_178' title='bbox 657 2309 716 2368; x_wconf 91' lang='lat' dir='ltr'>lon.</span> <span class='ocrx_word' id='word_1_179' title='bbox 731 2311 828 2370; x_wconf 86' lang='lat' dir='ltr'>Rhod.</span> <span class='ocrx_word' id='word_1_180' title='bbox 849 2311 889 2368; x_wconf 91' lang='lat'>11.</span> <span class='ocrx_word' id='word_1_181' title='bbox 908 2311 994 2370; x_wconf 75' lang='lat'>1282.</span> <span class='ocrx_word' id='word_1_182' title='bbox 1020 2311 1065 2386; x_wconf 69' lang='grc' dir='ltr'>ὅρη</span> <span class='ocrx_word' id='word_1_183' title='bbox 1086 2314 1107 2368; x_wconf 84' lang='lat' dir='ltr'>t&#39;</span> <span class='ocrx_word' id='word_1_184' title='bbox 1127 2309 1185 2382; x_wconf 62' lang='lat' dir='ltr'>ipa</span> 
     </span>
     <span class='ocr_line' id='line_1_21' title="bbox 87 2389 1184 2467; baseline 0.002 -19"><span class='ocrx_word' id='word_1_185' title='bbox 87 2392 177 2448; x_wconf 74' lang='lat' dir='ltr'>modis</span> <span class='ocrx_word' id='word_1_186' title='bbox 189 2393 298 2448; x_wconf 67' lang='lat' dir='ltr'>markis</span> <span class='ocrx_word' id='word_1_187' title='bbox 311 2402 386 2450; x_wconf 81' lang='lat' dir='ltr'>recte</span> <span class='ocrx_word' id='word_1_188' title='bbox 401 2389 543 2448; x_wconf 88' lang='lat' dir='ltr'>dicuutur.</span> <span class='ocrx_word' id='word_1_189' title='bbox 569 2390 618 2448; x_wconf 87' lang='lat' dir='ltr'>ci·</span> <span class='ocrx_word' id='word_1_190' title='bbox 659 2393 777 2467; x_wconf 70' lang='lat' dir='ltr'>lrlaeplct</span> <span class='ocrx_word' id='word_1_191' title='bbox 785 2393 955 2464; x_wconf 63' lang='grc' dir='ltr'>μητιάασθαι.</span> <span class='ocrx_word' id='word_1_192' title='bbox 963 2391 1184 2450; x_wconf 77' lang='lat' dir='ltr'>RuflNKuN.</span> 
     </span>
     <span class='ocr_line' id='line_1_22' title="bbox 88 2468 1185 2546; baseline 0 -16"><span class='ocrx_word' id='word_1_193' title='bbox 88 2489 156 2530; x_wconf 81' lang='lat' dir='ltr'>cero</span> <span class='ocrx_word' id='word_1_194' title='bbox 182 2473 217 2528; x_wconf 84' lang='lat' dir='ltr'>de</span> <span class='ocrx_word' id='word_1_195' title='bbox 242 2473 320 2530; x_wconf 84' lang='lat' dir='ltr'>Oroi.</span> <span class='ocrx_word' id='word_1_196' title='bbox 343 2471 367 2528; x_wconf 91' lang='lat'>1.</span> <span class='ocrx_word' id='word_1_197' title='bbox 389 2471 438 2530; x_wconf 83' lang='lat'>60.</span> <span class='ocrx_word' id='word_1_198' title='bbox 472 2471 619 2528; x_wconf 76' lang='lat' dir='ltr'>adstrictas</span> <span class='ocrx_word' id='word_1_199' title='bbox 689 2480 706 2512; x_wconf 85' lang='lat'>¹²</span> <span class='ocrx_word' id='word_1_200' title='bbox 721 2473 850 2530; x_wconf 75' lang='lat' dir='ltr'>testudini</span> <span class='ocrx_word' id='word_1_201' title='bbox 862 2468 1033 2546; x_wconf 75' lang='lat' dir='ltr'>adjunxerit]</span> <span class='ocrx_word' id='word_1_202' title='bbox 1047 2473 1092 2528; x_wconf 88' lang='lat' dir='ltr'>lta</span> <span class='ocrx_word' id='word_1_203' title='bbox 1103 2473 1185 2530; x_wconf 86' lang='lat' dir='ltr'>resti·</span> 
     </span>
     <span class='ocr_line' id='line_1_23' title="bbox 91 2549 1183 2629; baseline 0.001 -21"><span class='ocrx_word' id='word_1_204' title='bbox 91 2559 167 2608; x_wconf 84' lang='lat' dir='ltr'>certa</span> <span class='ocrx_word' id='word_1_205' title='bbox 180 2553 484 2626; x_wconf 78' lang='lat' dir='ltr'>quodamsumercrum</span> <span class='ocrx_word' id='word_1_206' title='bbox 493 2553 618 2608; x_wconf 80' lang='lat' dir='ltr'>modera-</span> <span class='ocrx_word' id='word_1_207' title='bbox 660 2549 715 2608; x_wconf 89' lang='lat' dir='ltr'>tuit</span> <span class='ocrx_word' id='word_1_208' title='bbox 741 2549 827 2608; x_wconf 80' lang='lat' dir='ltr'>Poris.</span> <span class='ocrx_word' id='word_1_209' title='bbox 855 2549 936 2608; x_wconf 83' lang='lat' dir='ltr'>liber.</span> <span class='ocrx_word' id='word_1_210' title='bbox 991 2551 1026 2608; x_wconf 92' lang='lat' dir='ltr'>ln</span> <span class='ocrx_word' id='word_1_211' title='bbox 1058 2549 1183 2629; x_wconf 86' lang='lat' dir='ltr'>Guelpb.</span> 
     </span>
     <span class='ocr_line' id='line_1_24' title="bbox 91 2625 1280 2708; baseline 0.001 -20"><span class='ocrx_word' id='word_1_212' title='bbox 91 2633 164 2689; x_wconf 77' lang='lat' dir='ltr'>tione</span> <span class='ocrx_word' id='word_1_213' title='bbox 185 2639 212 2690; x_wconf 81' lang='lat' dir='ltr'>et</span> <span class='ocrx_word' id='word_1_214' title='bbox 230 2633 340 2706; x_wconf 76' lang='lat' dir='ltr'>pedum</span> <span class='ocrx_word' id='word_1_215' title='bbox 381 2629 510 2690; x_wconf 83' lang='lat' dir='ltr'>1bid.11.</span> <span class='ocrx_word' id='word_1_216' title='bbox 528 2625 618 2704; x_wconf 63' lang='lat' dir='ltr'>&amp;qui</span> <span class='ocrx_word' id='word_1_217' title='bbox 659 2641 721 2688; x_wconf 86' lang='lat' dir='ltr'>erat</span> <span class='ocrx_word' id='word_1_218' title='bbox 741 2633 883 2688; x_wconf 76' lang='lat' dir='ltr'>testudinis</span> <span class='ocrx_word' id='word_1_219' title='bbox 906 2629 1088 2704; x_wconf 64' lang='lat' dir='ltr'>Mjucmoed,</span> <span class='ocrx_word' id='word_1_220' title='bbox 1108 2631 1185 2708; x_wconf 88' lang='lat' dir='ltr'>quod</span> <span class='ocrx_word' id='word_1_221' title='bbox 1278 2640 1280 2646; x_wconf 83' lang='lat'>&#39;</span> 
     </span>
     <span class='ocr_line' id='line_1_25' title="bbox 93 2709 1187 2770; baseline 0.002 -2"><span class='ocrx_word' id='word_1_222' title='bbox 93 2715 164 2770; x_wconf 70' lang='lat' dir='ltr'>enin</span> <span class='ocrx_word' id='word_1_223' title='bbox 190 2719 288 2770; x_wconf 84' lang='lat' dir='ltr'>coatus</span> <span class='ocrx_word' id='word_1_224' title='bbox 314 2715 460 2770; x_wconf 71' lang='lat' dir='ltr'>moderato</span> <span class='ocrx_word' id='word_1_225' title='bbox 487 2713 619 2770; x_wconf 62' lang='lat' dir='ltr'>cratium</span> <span class='ocrx_word' id='word_1_226' title='bbox 659 2709 801 2769; x_wconf 76' lang='lat' dir='ltr'>recentior</span> <span class='ocrx_word' id='word_1_227' title='bbox 828 2729 929 2768; x_wconf 87' lang='lat' dir='ltr'>manus</span> <span class='ocrx_word' id='word_1_228' title='bbox 957 2723 1051 2770; x_wconf 85' lang='lat' dir='ltr'>mutat</span> <span class='ocrx_word' id='word_1_229' title='bbox 1077 2713 1107 2768; x_wconf 90' lang='lat' dir='ltr'>in</span> <span class='ocrx_word' id='word_1_230' title='bbox 1134 2715 1187 2770; x_wconf 84' lang='lat' dir='ltr'>cd·</span> 
     </span>
     <span class='ocr_line' id='line_1_26' title="bbox 91 2790 951 2866; baseline 0.002 -18"><span class='ocrx_word' id='word_1_231' title='bbox 91 2795 314 2866; x_wconf 64' lang='lat' dir='ltr'>potentiamne</span> <span class='ocrx_word' id='word_1_232' title='bbox 326 2793 433 2850; x_wconf 82' lang='lat' dir='ltr'>dulcior</span> <span class='ocrx_word' id='word_1_233' title='bbox 440 2793 556 2850; x_wconf 80' lang='lat' dir='ltr'>inveniri</span> <span class='ocrx_word' id='word_1_234' title='bbox 565 2811 618 2866; x_wconf 88' lang='lat' dir='ltr'>pc·</span> <span class='ocrx_word' id='word_1_235' title='bbox 651 2790 811 2864; x_wconf 80' lang='lat' dir='ltr'>jaocrerat.</span> <span class='ocrx_word' id='word_1_236' title='bbox 834 2791 951 2850; x_wconf 88' lang='lat' dir='ltr'>HllUS.</span> 
     </span>
     <span class='ocr_line' id='line_1_27' title="bbox 97 2869 1186 2948; baseline 0.001 -20"><span class='ocrx_word' id='word_1_237' title='bbox 97 2879 156 2930; x_wconf 84' lang='lat' dir='ltr'>test.</span> <span class='ocrx_word' id='word_1_238' title='bbox 196 2871 312 2932; x_wconf 77' lang='lat' dir='ltr'>Antbol.</span> <span class='ocrx_word' id='word_1_239' title='bbox 335 2871 399 2930; x_wconf 85' lang='lat' dir='ltr'>Lat.</span> <span class='ocrx_word' id='word_1_240' title='bbox 421 2871 476 2930; x_wconf 87' lang='lat'><em>111.</em></span> <span class='ocrx_word' id='word_1_241' title='bbox 494 2871 560 2928; x_wconf 81' lang='lat' dir='ltr'>sila.</span> <span class='ocrx_word' id='word_1_242' title='bbox 588 2891 617 2948; x_wconf 91' lang='lat' dir='ltr'>p.</span> <span class='ocrx_word' id='word_1_243' title='bbox 692 2881 708 2914; x_wconf 88' lang='lat'><strong>⁰</strong></span> <span class='ocrx_word' id='word_1_244' title='bbox 719 2890 832 2946; x_wconf 72' lang='lat' dir='ltr'>gruson</span> <span class='ocrx_word' id='word_1_245' title='bbox 846 2873 909 2947; x_wconf 77' lang='lat' dir='ltr'>alis]</span> <span class='ocrx_word' id='word_1_246' title='bbox 923 2869 1067 2930; x_wconf 75' lang='lat' dir='ltr'>Librarius</span> <span class='ocrx_word' id='word_1_247' title='bbox 1080 2870 1186 2930; x_wconf 85' lang='lat' dir='ltr'>codicis</span> 
     </span>
     <span class='ocr_line' id='line_1_28' title="bbox 97 2950 1185 3030; baseline 0.001 -20"><span class='ocrx_word' id='word_1_248' title='bbox 97 2952 164 3027; x_wconf 76' lang='lat'>⁶²5·</span> <span class='ocrx_word' id='word_1_249' title='bbox 183 2950 260 3024; x_wconf 65' lang='lat' dir='ltr'>otius</span> <span class='ocrx_word' id='word_1_250' title='bbox 279 2955 464 3010; x_wconf 71' lang='lat' dir='ltr'>tuederamo</span> <span class='ocrx_word' id='word_1_251' title='bbox 482 2968 561 3013; x_wconf 82' lang='lat' dir='ltr'>sucro</span> <span class='ocrx_word' id='word_1_252' title='bbox 580 2951 618 3010; x_wconf 86' lang='lat' dir='ltr'>U·</span> <span class='ocrx_word' id='word_1_253' title='bbox 658 2952 783 3030; x_wconf 88' lang='lat' dir='ltr'>Guelph.</span> <span class='ocrx_word' id='word_1_254' title='bbox 806 2951 955 3030; x_wconf 82' lang='lat' dir='ltr'>scripserat</span> <span class='ocrx_word' id='word_1_255' title='bbox 978 2971 1091 3026; x_wconf 62' lang='lat' dir='ltr'>posen</span> <span class='ocrx_word' id='word_1_256' title='bbox 1115 2953 1185 3011; x_wconf 83' lang='lat' dir='ltr'>aliis.</span> 
     </span>
     <span class='ocr_line' id='line_1_29' title="bbox 98 3032 1185 3106; baseline 0 -16"><span class='ocrx_word' id='word_1_257' title='bbox 98 3051 160 3092; x_wconf 78' lang='lat' dir='ltr'>oum</span> <span class='ocrx_word' id='word_1_258' title='bbox 173 3051 204 3090; x_wconf 80' lang='lat' dir='ltr'>er</span> <span class='ocrx_word' id='word_1_259' title='bbox 216 3034 328 3090; x_wconf 70' lang='lat' dir='ltr'>divom</span> <span class='ocrx_word' id='word_1_260' title='bbox 347 3049 399 3090; x_wconf 81' lang='lat' dir='ltr'>vos</span> <span class='ocrx_word' id='word_1_261' title='bbox 419 3033 554 3106; x_wconf 74' lang='lat' dir='ltr'>digitique</span> <span class='ocrx_word' id='word_1_262' title='bbox 571 3051 618 3090; x_wconf 86' lang='lat' dir='ltr'>co·</span> <span class='ocrx_word' id='word_1_263' title='bbox 658 3033 803 3092; x_wconf 81' lang='lat' dir='ltr'>Posterius</span> <span class='ocrx_word' id='word_1_264' title='bbox 816 3032 988 3091; x_wconf 83' lang='lat' dir='ltr'>vocabulum</span> <span class='ocrx_word' id='word_1_265' title='bbox 1008 3050 1104 3090; x_wconf 78' lang='lat' dir='ltr'>rasura</span> <span class='ocrx_word' id='word_1_266' title='bbox 1122 3051 1185 3090; x_wconf 88' lang='lat' dir='ltr'>cor·</span> 
     </span>
     <span class='ocr_line' id='line_1_30' title="bbox 99 3110 1187 3192; baseline 0 -22"><span class='ocrx_word' id='word_1_267' title='bbox 99 3121 172 3170; x_wconf 80' lang='lat' dir='ltr'>suot.</span> <span class='ocrx_word' id='word_1_268' title='bbox 194 3112 620 3192; x_wconf 81' lang='lat' dir='ltr'>Hygin.praef.Astros.p.4o3.</span> <span class='ocrx_word' id='word_1_269' title='bbox 661 3125 754 3172; x_wconf 84' lang='lat' dir='ltr'>rector</span> <span class='ocrx_word' id='word_1_270' title='bbox 787 3114 956 3179; x_wconf 81' lang='lat' dir='ltr'>obscurarit,</span> <span class='ocrx_word' id='word_1_271' title='bbox 989 3110 1187 3190; x_wconf 82' lang='lat' dir='ltr'>rescripsitque</span> 
     </span>
     <span class='ocr_line' id='line_1_31' title="bbox 102 3192 1185 3269; baseline -0.001 -19"><span class='ocrx_word' id='word_1_272' title='bbox 102 3195 160 3251; x_wconf 85' lang='lat' dir='ltr'>Etsi</span> <span class='ocrx_word' id='word_1_273' title='bbox 174 3201 198 3250; x_wconf 83' lang='lat' dir='ltr'>te</span> <span class='ocrx_word' id='word_1_274' title='bbox 210 3212 336 3251; x_wconf 68' lang='lat' dir='ltr'>coruum</span> <span class='ocrx_word' id='word_1_275' title='bbox 349 3196 534 3250; x_wconf 83' lang='lat' dir='ltr'>moderatione</span> <span class='ocrx_word' id='word_1_276' title='bbox 546 3211 620 3267; x_wconf 84' lang='lat' dir='ltr'>prc·</span> <span class='ocrx_word' id='word_1_277' title='bbox 660 3195 710 3252; x_wconf 80' lang='lat' dir='ltr'>aiii</span> <span class='ocrx_word' id='word_1_278' title='bbox 731 3211 854 3267; x_wconf 76' lang='lat' dir='ltr'>gruson.</span> <span class='ocrx_word' id='word_1_279' title='bbox 869 3211 953 3269; x_wconf 85' lang='lat' dir='ltr'>quem</span> <span class='ocrx_word' id='word_1_280' title='bbox 975 3192 1102 3250; x_wconf 82' lang='lat' dir='ltr'>ordinem</span> <span class='ocrx_word' id='word_1_281' title='bbox 1125 3211 1185 3250; x_wconf 87' lang='lat' dir='ltr'>arn·</span> 
     </span>
     <span class='ocr_line' id='line_1_32' title="bbox 102 3271 1185 3351; baseline -0.002 -19"><span class='ocrx_word' id='word_1_282' title='bbox 102 3281 170 3332; x_wconf 71' lang='lat' dir='ltr'>dore</span> <span class='ocrx_word' id='word_1_283' title='bbox 181 3275 264 3331; x_wconf 84' lang='lat' dir='ltr'>video.</span> <span class='ocrx_word' id='word_1_284' title='bbox 294 3271 343 3332; x_wconf 88' lang='lat' dir='ltr'>ubi</span> <span class='ocrx_word' id='word_1_285' title='bbox 358 3272 413 3331; x_wconf 90' lang='lat' dir='ltr'>alia</span> <span class='ocrx_word' id='word_1_286' title='bbox 425 3271 555 3350; x_wconf 79' lang='lat' dir='ltr'>exempla</span> <span class='ocrx_word' id='word_1_287' title='bbox 569 3273 618 3330; x_wconf 90' lang='lat' dir='ltr'>ba·</span> <span class='ocrx_word' id='word_1_288' title='bbox 659 3274 793 3351; x_wconf 83' lang='lat' dir='ltr'>plectitur</span> <span class='ocrx_word' id='word_1_289' title='bbox 800 3272 885 3332; x_wconf 82' lang='lat' dir='ltr'>etism</span> <span class='ocrx_word' id='word_1_290' title='bbox 894 3273 959 3331; x_wconf 87' lang='lat' dir='ltr'>MS.</span> <span class='ocrx_word' id='word_1_291' title='bbox 969 3273 1055 3330; x_wconf 88' lang='lat' dir='ltr'>Paris.</span> <span class='ocrx_word' id='word_1_292' title='bbox 1066 3271 1185 3330; x_wconf 82' lang='lat' dir='ltr'>HEUS.</span> 
     </span>
     <span class='ocr_line' id='line_1_33' title="bbox 104 3351 1187 3428; baseline -0.003 -16"><span class='ocrx_word' id='word_1_293' title='bbox 104 3355 149 3412; x_wconf 87' lang='lat' dir='ltr'>bet</span> <span class='ocrx_word' id='word_1_294' title='bbox 172 3352 354 3412; x_wconf 85' lang='lat' dir='ltr'>Munclerus.</span> <span class='ocrx_word' id='word_1_295' title='bbox 382 3351 455 3412; x_wconf 80' lang='lat' dir='ltr'>ndd.</span> <span class='ocrx_word' id='word_1_296' title='bbox 481 3355 618 3412; x_wconf 86' lang='lat' dir='ltr'>Burman.</span> <span class='ocrx_word' id='word_1_297' title='bbox 700 3355 903 3428; x_wconf 70' lang='lat' dir='ltr'>remumque</span> <span class='ocrx_word' id='word_1_298' title='bbox 919 3371 1016 3411; x_wconf 85' lang='lat' dir='ltr'>occurri</span> <span class='ocrx_word' id='word_1_299' title='bbox 1035 3353 1187 3410; x_wconf 68' lang='lat' dir='ltr'>Morim-</span> 
     </span>
     <span class='ocr_line' id='line_1_34' title="bbox 104 3431 1186 3510; baseline 0.002 -20"><span class='ocrx_word' id='word_1_300' title='bbox 104 3433 137 3490; x_wconf 90' lang='lat' dir='ltr'>ad</span> <span class='ocrx_word' id='word_1_301' title='bbox 161 3432 241 3492; x_wconf 80' lang='lat' dir='ltr'>Ovid·</span> <span class='ocrx_word' id='word_1_302' title='bbox 265 3435 335 3492; x_wconf 85' lang='lat' dir='ltr'>Met.</span> <span class='ocrx_word' id='word_1_303' title='bbox 358 3433 499 3508; x_wconf 77' lang='lat' dir='ltr'>x1.154.</span> <span class='ocrx_word' id='word_1_304' title='bbox 534 3433 618 3510; x_wconf 81' lang='lat' dir='ltr'>Apud</span> <span class='ocrx_word' id='word_1_305' title='bbox 660 3435 733 3508; x_wconf 82' lang='lat' dir='ltr'>cem]</span> <span class='ocrx_word' id='word_1_306' title='bbox 765 3434 846 3495; x_wconf 79' lang='lat' dir='ltr'>Quos</span> <span class='ocrx_word' id='word_1_307' title='bbox 874 3441 952 3492; x_wconf 75' lang='lat' dir='ltr'>tonos</span> <span class='ocrx_word' id='word_1_308' title='bbox 978 3431 1078 3492; x_wconf 86' lang='lat' dir='ltr'>musici</span> <span class='ocrx_word' id='word_1_309' title='bbox 1109 3451 1186 3492; x_wconf 87' lang='lat' dir='ltr'>nunc</span> 
     </span>
     <span class='ocr_line' id='line_1_35' title="bbox 105 3512 1185 3592; baseline 0.001 -21"><span class='ocrx_word' id='word_1_310' title='bbox 105 3513 288 3572; x_wconf 74' lang='lat' dir='ltr'>cleodemus</span> <span class='ocrx_word' id='word_1_311' title='bbox 307 3515 377 3572; x_wconf 76' lang='lat' dir='ltr'>seu</span> <span class='ocrx_word' id='word_1_312' title='bbox 396 3515 535 3574; x_wconf 78' lang='lat' dir='ltr'>Geticus</span> <span class='ocrx_word' id='word_1_313' title='bbox 552 3529 619 3588; x_wconf 81' lang='lat'>230.</span> <span class='ocrx_word' id='word_1_314' title='bbox 660 3513 814 3591; x_wconf 72' lang='lat' dir='ltr'>appellant,</span> <span class='ocrx_word' id='word_1_315' title='bbox 837 3531 914 3571; x_wconf 85' lang='lat' dir='ltr'>socer</span> <span class='ocrx_word' id='word_1_316' title='bbox 935 3512 1018 3592; x_wconf 87' lang='lat' dir='ltr'>prisci</span> <span class='ocrx_word' id='word_1_317' title='bbox 1043 3513 1185 3572; x_wconf 86' lang='lat' dir='ltr'>dicebant.</span> 
     </span>
     <span class='ocr_line' id='line_1_36' title="bbox 107 3592 1187 3668; baseline 0.002 -18"><span class='ocrx_word' id='word_1_318' title='bbox 107 3611 194 3652; x_wconf 86' lang='lat' dir='ltr'>omncs</span> <span class='ocrx_word' id='word_1_319' title='bbox 209 3592 272 3652; x_wconf 85' lang='lat' dir='ltr'>libri</span> <span class='ocrx_word' id='word_1_320' title='bbox 291 3593 413 3652; x_wconf 83' lang='lat' dir='ltr'>babent:</span> <span class='ocrx_word' id='word_1_321' title='bbox 439 3594 515 3658; x_wconf 83' lang='lat' dir='ltr'>Quid</span> <span class='ocrx_word' id='word_1_322' title='bbox 534 3597 619 3650; x_wconf 82' lang='lat' dir='ltr'>medi·</span> <span class='ocrx_word' id='word_1_323' title='bbox 661 3592 760 3652; x_wconf 87' lang='lat' dir='ltr'>Cicero</span> <span class='ocrx_word' id='word_1_324' title='bbox 774 3593 810 3652; x_wconf 86' lang='lat' dir='ltr'>da</span> <span class='ocrx_word' id='word_1_325' title='bbox 823 3594 904 3652; x_wconf 83' lang='lat' dir='ltr'>Orat.</span> <span class='ocrx_word' id='word_1_326' title='bbox 918 3595 943 3653; x_wconf 91' lang='lat' dir='ltr'>l.</span> <span class='ocrx_word' id='word_1_327' title='bbox 958 3611 1007 3668; x_wconf 75' lang='lat'>4²·</span> <span class='ocrx_word' id='word_1_328' title='bbox 1027 3595 1065 3652; x_wconf 90' lang='lat' dir='ltr'>Ut</span> <span class='ocrx_word' id='word_1_329' title='bbox 1085 3597 1114 3652; x_wconf 82' lang='lat' dir='ltr'>io</span> <span class='ocrx_word' id='word_1_330' title='bbox 1128 3613 1187 3652; x_wconf 83' lang='lat' dir='ltr'>mu·</span> 
     </span>
     <span class='ocr_line' id='line_1_37' title="bbox 108 3675 1185 3748; baseline 0 -16"><span class='ocrx_word' id='word_1_331' title='bbox 108 3682 273 3740; x_wconf 82' lang='lat' dir='ltr'>tmturcver.</span> <span class='ocrx_word' id='word_1_332' title='bbox 290 3675 356 3748; x_wconf 81' lang='lat' dir='ltr'>qaid</span> <span class='ocrx_word' id='word_1_333' title='bbox 376 3692 437 3734; x_wconf 75' lang='lat' dir='ltr'>cum</span> <span class='ocrx_word' id='word_1_334' title='bbox 458 3676 619 3734; x_wconf 76' lang='lat' dir='ltr'>mortalibus</span> <span class='ocrx_word' id='word_1_335' title='bbox 658 3677 729 3742; x_wconf 80' lang='lat' dir='ltr'>sicis,</span> <span class='ocrx_word' id='word_1_336' title='bbox 753 3677 867 3743; x_wconf 76' lang='lat' dir='ltr'>cameri,</span> <span class='ocrx_word' id='word_1_337' title='bbox 891 3683 918 3732; x_wconf 83' lang='lat' dir='ltr'>et</span> <span class='ocrx_word' id='word_1_338' title='bbox 940 3694 1027 3743; x_wconf 80' lang='lat' dir='ltr'>omes,</span> <span class='ocrx_word' id='word_1_339' title='bbox 1049 3682 1077 3732; x_wconf 84' lang='lat' dir='ltr'>st</span> <span class='ocrx_word' id='word_1_340' title='bbox 1104 3677 1185 3732; x_wconf 75' lang='lat' dir='ltr'>mccii</span> 
     </span>
     <span class='ocr_line' id='line_1_38' title="bbox 108 3755 1186 3834; baseline -0.003 -20"><span class='ocrx_word' id='word_1_341' title='bbox 108 3756 182 3814; x_wconf 73' lang='lat' dir='ltr'>atter</span> <span class='ocrx_word' id='word_1_342' title='bbox 200 3755 338 3812; x_wconf 66' lang='lat' dir='ltr'>munseo</span> <span class='ocrx_word' id='word_1_343' title='bbox 361 3756 428 3816; x_wconf 82' lang='lat' dir='ltr'>uelit</span> <span class='ocrx_word' id='word_1_344' title='bbox 447 3756 514 3828; x_wconf 75' lang='lat' dir='ltr'>igne.</span> <span class='ocrx_word' id='word_1_345' title='bbox 535 3757 617 3829; x_wconf 79' lang='lat' dir='ltr'>loqrsi.</span> <span class='ocrx_word' id='word_1_346' title='bbox 662 3755 760 3834; x_wconf 77' lang='lat' dir='ltr'>virgil.</span> <span class='ocrx_word' id='word_1_347' title='bbox 773 3756 844 3814; x_wconf 86' lang='lat' dir='ltr'>AEn.</span> <span class='ocrx_word' id='word_1_348' title='bbox 859 3757 913 3814; x_wconf 87' lang='lat' dir='ltr'>VI.</span> <span class='ocrx_word' id='word_1_349' title='bbox 928 3755 997 3827; x_wconf 78' lang='lat'><strong>646.</strong></span> <span class='ocrx_word' id='word_1_350' title='bbox 1024 3755 1186 3829; x_wconf 79' lang='lat' dir='ltr'>Obloqaitur</span> 
     </span>
     <span class='ocr_line' id='line_1_39' title="bbox 109 3833 1184 3909; baseline -0.007 -11"><span class='ocrx_word' id='word_1_351' title='bbox 109 3835 180 3898; x_wconf 81' lang='lat' dir='ltr'>Quod</span> <span class='ocrx_word' id='word_1_352' title='bbox 199 3834 300 3894; x_wconf 88' lang='lat' dir='ltr'>durum</span> <span class='ocrx_word' id='word_1_353' title='bbox 320 3845 365 3892; x_wconf 88' lang='lat' dir='ltr'>est</span> <span class='ocrx_word' id='word_1_354' title='bbox 385 3833 414 3892; x_wconf 92' lang='lat' dir='ltr'>in</span> <span class='ocrx_word' id='word_1_355' title='bbox 429 3835 514 3892; x_wconf 78' lang='lat' dir='ltr'>verbo</span> <span class='ocrx_word' id='word_1_356' title='bbox 532 3837 618 3892; x_wconf 84' lang='lat' dir='ltr'>medi·</span> <span class='ocrx_word' id='word_1_357' title='bbox 658 3839 778 3894; x_wconf 71' lang='lat' dir='ltr'>semota</span> <span class='ocrx_word' id='word_1_358' title='bbox 791 3853 887 3903; x_wconf 75' lang='lat' dir='ltr'>socom</span> <span class='ocrx_word' id='word_1_359' title='bbox 906 3836 1063 3894; x_wconf 66' lang='lat' dir='ltr'>domimica</span> <span class='ocrx_word' id='word_1_360' title='bbox 1076 3842 1184 3909; x_wconf 77' lang='lat' dir='ltr'>septem</span> 
     </span>
     <span class='ocr_line' id='line_1_40' title="bbox 110 3912 1184 3992; baseline 0 -20"><span class='ocrx_word' id='word_1_361' title='bbox 110 3923 196 3983; x_wconf 81' lang='lat' dir='ltr'>icatur,</span> <span class='ocrx_word' id='word_1_362' title='bbox 210 3913 420 3991; x_wconf 82' lang='lat' dir='ltr'>interpretando</span> <span class='ocrx_word' id='word_1_363' title='bbox 443 3915 532 3974; x_wconf 83' lang='lat' dir='ltr'>lenire</span> <span class='ocrx_word' id='word_1_364' title='bbox 553 3926 617 3974; x_wconf 86' lang='lat' dir='ltr'>tan·</span> <span class='ocrx_word' id='word_1_365' title='bbox 659 3935 743 3992; x_wconf 89' lang='lat' dir='ltr'>quem</span> <span class='ocrx_word' id='word_1_366' title='bbox 767 3915 861 3974; x_wconf 88' lang='lat' dir='ltr'>locum</span> <span class='ocrx_word' id='word_1_367' title='bbox 883 3926 1044 3992; x_wconf 86' lang='lat' dir='ltr'>opportune</span> <span class='ocrx_word' id='word_1_368' title='bbox 1068 3912 1115 3972; x_wconf 88' lang='lat' dir='ltr'>bic</span> <span class='ocrx_word' id='word_1_369' title='bbox 1135 3915 1184 3972; x_wconf 88' lang='lat' dir='ltr'>ad·</span> 
     </span>
     <span class='ocr_line' id='line_1_41' title="bbox 110 3993 1185 4072; baseline -0.002 -18"><span class='ocrx_word' id='word_1_370' title='bbox 110 3993 167 4054; x_wconf 81' lang='lat' dir='ltr'>trtit</span> <span class='ocrx_word' id='word_1_371' title='bbox 191 4013 308 4072; x_wconf 77' lang='lat' dir='ltr'>mugnus</span> <span class='ocrx_word' id='word_1_372' title='bbox 335 3996 489 4054; x_wconf 87' lang='lat' dir='ltr'>Gesnerus.</span> <span class='ocrx_word' id='word_1_373' title='bbox 534 3995 619 4055; x_wconf 80' lang='lat' dir='ltr'>Forte</span> <span class='ocrx_word' id='word_1_374' title='bbox 659 3995 771 4072; x_wconf 82' lang='lat' dir='ltr'>scripsit</span> <span class='ocrx_word' id='word_1_375' title='bbox 800 3993 1019 4052; x_wconf 80' lang='lat' dir='ltr'>humanissimus</span> <span class='ocrx_word' id='word_1_376' title='bbox 1047 3993 1185 4052; x_wconf 74' lang='lat' dir='ltr'>Ruhnke-</span> 
     </span>
     <span class='ocr_line' id='line_1_42' title="bbox 111 4073 1187 4152; baseline -0.002 -18"><span class='ocrx_word' id='word_1_377' title='bbox 111 4073 164 4150; x_wconf 87' lang='lat' dir='ltr'>quis</span> <span class='ocrx_word' id='word_1_378' title='bbox 180 4073 269 4152; x_wconf 83' lang='lat' dir='ltr'>cupiat</span> <span class='ocrx_word' id='word_1_379' title='bbox 287 4091 339 4150; x_wconf 87' lang='lat' dir='ltr'>pro</span> <span class='ocrx_word' id='word_1_380' title='bbox 360 4083 480 4142; x_wconf 70' lang='lat' dir='ltr'>carmi,</span> <span class='ocrx_word' id='word_1_381' title='bbox 500 4087 532 4134; x_wconf 92' lang='lat' dir='ltr'>ut</span> <span class='ocrx_word' id='word_1_382' title='bbox 552 4076 617 4136; x_wconf 86' lang='lat' dir='ltr'>Ser·</span> <span class='ocrx_word' id='word_1_383' title='bbox 660 4073 734 4134; x_wconf 89' lang='lat' dir='ltr'>nius.</span> <span class='ocrx_word' id='word_1_384' title='bbox 776 4073 910 4134; x_wconf 82' lang='lat' dir='ltr'>Klotsius</span> <span class='ocrx_word' id='word_1_385' title='bbox 925 4073 964 4132; x_wconf 85' lang='lat' dir='ltr'>ita</span> <span class='ocrx_word' id='word_1_386' title='bbox 978 4074 1187 4149; x_wconf 81' lang='lat' dir='ltr'>refingitrerba</span> 
     </span>
     <span class='ocr_line' id='line_1_43' title="bbox 113 4155 1185 4234; baseline 0 -23"><span class='ocrx_word' id='word_1_387' title='bbox 113 4155 162 4212; x_wconf 89' lang='lat' dir='ltr'>rius</span> <span class='ocrx_word' id='word_1_388' title='bbox 184 4155 256 4232; x_wconf 86' lang='lat' dir='ltr'>cepit</span> <span class='ocrx_word' id='word_1_389' title='bbox 279 4155 308 4213; x_wconf 91' lang='lat' dir='ltr'>in</span> <span class='ocrx_word' id='word_1_390' title='bbox 336 4155 432 4234; x_wconf 81' lang='lat' dir='ltr'>Virgil.</span> <span class='ocrx_word' id='word_1_391' title='bbox 455 4155 519 4216; x_wconf 80' lang='lat' dir='ltr'>llcl.</span> <span class='ocrx_word' id='word_1_392' title='bbox 543 4157 568 4216; x_wconf 91' lang='lat'>1.</span> <span class='ocrx_word' id='word_1_393' title='bbox 591 4173 618 4214; x_wconf 87' lang='lat' dir='ltr'>a.</span> <span class='ocrx_word' id='word_1_394' title='bbox 659 4155 825 4214; x_wconf 86' lang='lat' dir='ltr'>Theodori:</span> <span class='ocrx_word' id='word_1_395' title='bbox 847 4157 994 4229; x_wconf 75' lang='lat' dir='ltr'>cadosque</span> <span class='ocrx_word' id='word_1_396' title='bbox 1014 4173 1111 4212; x_wconf 83' lang='lat' dir='ltr'>cocum</span> <span class='ocrx_word' id='word_1_397' title='bbox 1130 4157 1185 4212; x_wconf 76' lang='lat' dir='ltr'>clis-</span> 
     </span>
     <span class='ocr_line' id='line_1_44' title="bbox 114 4234 1187 4315; baseline 0.002 -25"><span class='ocrx_word' id='word_1_398' title='bbox 114 4235 155 4291; x_wconf 92' lang='lat' dir='ltr'>Vl.</span> <span class='ocrx_word' id='word_1_399' title='bbox 168 4235 209 4294; x_wconf 81' lang='lat' dir='ltr'>iis.</span> <span class='ocrx_word' id='word_1_400' title='bbox 250 4235 307 4296; x_wconf 88' lang='lat' dir='ltr'>Sed</span> <span class='ocrx_word' id='word_1_401' title='bbox 329 4235 397 4294; x_wconf 91' lang='lat' dir='ltr'>mibi</span> <span class='ocrx_word' id='word_1_402' title='bbox 414 4236 564 4315; x_wconf 84' lang='lat' dir='ltr'>legendum</span> <span class='ocrx_word' id='word_1_403' title='bbox 580 4235 619 4292; x_wconf 84' lang='lat' dir='ltr'>vi·</span> <span class='ocrx_word' id='word_1_404' title='bbox 661 4238 816 4294; x_wconf 68' lang='lat' dir='ltr'>tinctionem</span> <span class='ocrx_word' id='word_1_405' title='bbox 845 4237 975 4292; x_wconf 78' lang='lat' dir='ltr'>tibiarum</span> <span class='ocrx_word' id='word_1_406' title='bbox 1000 4234 1187 4310; x_wconf 80' lang='lat' dir='ltr'>foraminibus</span> 
     </span>
     <span class='ocr_line' id='line_1_45' title="bbox 113 4313 1187 4391; baseline -0.004 -19"><span class='ocrx_word' id='word_1_407' title='bbox 113 4314 193 4374; x_wconf 78' lang='lat' dir='ltr'>detur:</span> <span class='ocrx_word' id='word_1_408' title='bbox 216 4316 290 4381; x_wconf 81' lang='lat' dir='ltr'>Quid</span> <span class='ocrx_word' id='word_1_409' title='bbox 302 4319 487 4382; x_wconf 70' lang='lat' dir='ltr'>mucorem,</span> <span class='ocrx_word' id='word_1_410' title='bbox 501 4316 547 4376; x_wconf 83' lang='lat' dir='ltr'>rel</span> <span class='ocrx_word' id='word_1_411' title='bbox 560 4335 617 4376; x_wconf 81' lang='lat' dir='ltr'>mu·</span> <span class='ocrx_word' id='word_1_412' title='bbox 659 4318 806 4391; x_wconf 81' lang='lat' dir='ltr'>optauerit.</span> <span class='ocrx_word' id='word_1_413' title='bbox 835 4314 976 4390; x_wconf 84' lang='lat' dir='ltr'>Equidem</span> <span class='ocrx_word' id='word_1_414' title='bbox 992 4313 1021 4371; x_wconf 93' lang='lat' dir='ltr'>in</span> <span class='ocrx_word' id='word_1_415' title='bbox 1038 4316 1121 4373; x_wconf 86' lang='lat' dir='ltr'>verbo</span> <span class='ocrx_word' id='word_1_416' title='bbox 1136 4335 1187 4390; x_wconf 84' lang='lat' dir='ltr'>cp.</span> 
     </span>
     <span class='ocr_line' id='line_1_46' title="bbox 114 4393 1188 4473; baseline 0 -21"><span class='ocrx_word' id='word_1_417' title='bbox 114 4397 223 4458; x_wconf 78' lang='lat' dir='ltr'>dulcitur</span> <span class='ocrx_word' id='word_1_418' title='bbox 238 4415 310 4456; x_wconf 83' lang='lat' dir='ltr'>cuer.</span> <span class='ocrx_word' id='word_1_419' title='bbox 354 4397 513 4456; x_wconf 83' lang='lat' dir='ltr'>Verborum</span> <span class='ocrx_word' id='word_1_420' title='bbox 534 4400 618 4456; x_wconf 81' lang='lat' dir='ltr'>medi·</span> <span class='ocrx_word' id='word_1_421' title='bbox 661 4398 780 4456; x_wconf 71' lang='lat' dir='ltr'>moerim</span> <span class='ocrx_word' id='word_1_422' title='bbox 800 4393 929 4473; x_wconf 79' lang='lat' dir='ltr'>intelligo</span> <span class='ocrx_word' id='word_1_423' title='bbox 951 4396 1079 4464; x_wconf 69' lang='lat' dir='ltr'>romine,</span> <span class='ocrx_word' id='word_1_424' title='bbox 1098 4399 1188 4472; x_wconf 73' lang='lat' dir='ltr'>artifi-</span> 
     </span>
     <span class='ocr_line' id='line_1_47' title="bbox 116 4473 1187 4554; baseline 0.001 -22"><span class='ocrx_word' id='word_1_425' title='bbox 116 4479 167 4542; x_wconf 85' lang='lat' dir='ltr'>tcri,</span> <span class='ocrx_word' id='word_1_426' title='bbox 178 4479 319 4544; x_wconf 80' lang='lat' dir='ltr'>moderati,</span> <span class='ocrx_word' id='word_1_427' title='bbox 334 4479 472 4534; x_wconf 84' lang='lat' dir='ltr'>modulari</span> <span class='ocrx_word' id='word_1_428' title='bbox 485 4489 621 4554; x_wconf 84' lang='lat' dir='ltr'>perpetua</span> <span class='ocrx_word' id='word_1_429' title='bbox 660 4495 713 4543; x_wconf 82' lang='lat' dir='ltr'>ces,</span> <span class='ocrx_word' id='word_1_430' title='bbox 734 4477 849 4534; x_wconf 80' lang='lat' dir='ltr'>marici:</span> <span class='ocrx_word' id='word_1_431' title='bbox 879 4473 1064 4535; x_wconf 87' lang='lat' dir='ltr'>usitatissima</span> <span class='ocrx_word' id='word_1_432' title='bbox 1085 4474 1187 4534; x_wconf 89' lang='lat' dir='ltr'>utrius-</span> 
     </span>
     <span class='ocr_line' id='line_1_48' title="bbox 116 4553 1188 4636; baseline 0.002 -24"><span class='ocrx_word' id='word_1_433' title='bbox 116 4567 151 4614; x_wconf 88' lang='lat' dir='ltr'>est</span> <span class='ocrx_word' id='word_1_434' title='bbox 160 4554 290 4626; x_wconf 84' lang='lat' dir='ltr'>conlusio,</span> <span class='ocrx_word' id='word_1_435' title='bbox 304 4557 392 4615; x_wconf 90' lang='lat' dir='ltr'>etiam</span> <span class='ocrx_word' id='word_1_436' title='bbox 409 4557 483 4634; x_wconf 75' lang='lat' dir='ltr'>apud</span> <span class='ocrx_word' id='word_1_437' title='bbox 504 4556 619 4616; x_wconf 81' lang='lat' dir='ltr'>Claudi·</span> <span class='ocrx_word' id='word_1_438' title='bbox 660 4575 715 4634; x_wconf 89' lang='lat' dir='ltr'>que</span> <span class='ocrx_word' id='word_1_439' title='bbox 729 4554 832 4636; x_wconf 76' lang='lat' dir='ltr'>lingue</span> <span class='ocrx_word' id='word_1_440' title='bbox 845 4553 1028 4634; x_wconf 84' lang='lat' dir='ltr'>scriptoribus</span> <span class='ocrx_word' id='word_1_441' title='bbox 1039 4555 1140 4636; x_wconf 87' lang='lat' dir='ltr'>ellipsi,</span> <span class='ocrx_word' id='word_1_442' title='bbox 1152 4556 1188 4616; x_wconf 88' lang='lat' dir='ltr'>de</span> 
     </span>
    </p>
   </div>
   <div class='ocr_carea' id='block_1_4' title="bbox 0 0 1534 5134">
    <p class='ocr_par' dir='ltr' id='par_1_6' title="bbox 0 0 1534 5134">
     <span class='ocr_line' id='line_1_49' title="bbox 0 0 1534 5134; baseline 0 0"><span class='ocrx_word' id='word_1_443' title='bbox 0 0 1534 5134; x_wconf 95' lang='lat' dir='ltr'> </span> 
     </span>
    </p>
   </div>
  </div>
 </body>
</html>
