<?xml version="1.0" encoding="UTF-8"?>
<!DOCTYPE html PUBLIC "-//W3C//DTD XHTML 1.0 Transitional//EN"
    "http://www.w3.org/TR/xhtml1/DTD/xhtml1-transitional.dtd">
<html xmlns="http://www.w3.org/1999/xhtml" xml:lang="en" lang="en">
 <head>
  <title>
</title>
<meta http-equiv="Content-Type" content="text/html;charset=utf-8" />
  <meta name='ocr-system' content='tesseract 3.04.00' />
  <meta name='ocr-capabilities' content='ocr_page ocr_carea ocr_par ocr_line ocrx_word'/>
</head>
<body>
  <div class='ocr_page' id='page_1' title='image "./scriptoreslatin00gaisgoog_0061.png"; bbox 0 0 3012 5084; ppageno 0'>
   <div class='ocr_carea' id='block_1_1' title="bbox 16 347 1211 446">
    <p class='ocr_par' dir='ltr' id='par_1_1' title="bbox 16 347 1211 446">
     <span class='ocr_line' id='line_1_1' title="bbox 16 347 1211 446; baseline 0.002 -26"><span class='ocrx_word' id='word_1_1' title='bbox 16 408 20 446; x_wconf 72' lang='grc'>,</span> <span class='ocrx_word' id='word_1_2' title='bbox 114 371 188 421; x_wconf 80' lang='lat' dir='ltr'>car.</span> <span class='ocrx_word' id='word_1_3' title='bbox 201 347 243 420; x_wconf 89' lang='lat'>6.</span> <span class='ocrx_word' id='word_1_4' title='bbox 377 349 443 421; x_wconf 88' lang='lat' dir='ltr'>De</span> <span class='ocrx_word' id='word_1_5' title='bbox 460 349 730 424; x_wconf 80' lang='lat' dir='ltr'>Enunrintione</span> <span class='ocrx_word' id='word_1_6' title='bbox 747 348 990 423; x_wconf 73' lang='lat' dir='ltr'>Litterarum.</span> <span class='ocrx_word' id='word_1_7' title='bbox 1169 363 1211 424; x_wconf 76' lang='lat'>41</span> 
     </span>
    </p>
   </div>
   <div class='ocr_carea' id='block_1_2' title="bbox 106 532 1313 3512">
    <p class='ocr_par' dir='ltr' id='par_1_2' title="bbox 106 532 1313 2794">
     <span class='ocr_line' id='line_1_2' title="bbox 111 532 1217 632; baseline 0.001 -28"><span class='ocrx_word' id='word_1_8' title='bbox 111 533 276 606; x_wconf 80' lang='lat' dir='ltr'>vicinitas</span> <span class='ocrx_word' id='word_1_9' title='bbox 302 532 470 629; x_wconf 74' lang='lat' dir='ltr'>quaedam</span> <span class='ocrx_word' id='word_1_10' title='bbox 497 547 564 621; x_wconf 91' lang='lat' dir='ltr'>est,</span> <span class='ocrx_word' id='word_1_11' title='bbox 581 533 719 632; x_wconf 83' lang='lat' dir='ltr'>linguae</span> <span class='ocrx_word' id='word_1_12' title='bbox 745 535 945 608; x_wconf 78' lang='lat' dir='ltr'>sublatione</span> <span class='ocrx_word' id='word_1_13' title='bbox 970 563 1013 608; x_wconf 90' lang='lat' dir='ltr'>ac</span> <span class='ocrx_word' id='word_1_14' title='bbox 1039 533 1217 632; x_wconf 87' lang='lat' dir='ltr'>positione</span> 
     </span>
     <span class='ocr_line' id='line_1_3' title="bbox 112 647 1217 746; baseline 0.002 -26"><span class='ocrx_word' id='word_1_15' title='bbox 112 647 427 744; x_wconf 60' lang='lat' dir='ltr'>restinguuntur,</span> <span class='ocrx_word' id='word_1_16' title='bbox 452 673 550 737; x_wconf 87' lang='lat' dir='ltr'>nam,</span> <span class='ocrx_word' id='word_1_17' title='bbox 574 675 658 720; x_wconf 91' lang='lat' dir='ltr'>curn</span> <span class='ocrx_word' id='word_1_18' title='bbox 688 675 849 722; x_wconf 86' lang='lat' dir='ltr'>summos</span> <span class='ocrx_word' id='word_1_19' title='bbox 875 663 983 746; x_wconf 86' lang='lat' dir='ltr'>atque</span> <span class='ocrx_word' id='word_1_20' title='bbox 1012 649 1105 722; x_wconf 86' lang='lat' dir='ltr'>imos</span> <span class='ocrx_word' id='word_1_21' title='bbox 1131 675 1217 722; x_wconf 89' lang='lat' dir='ltr'>con·</span> 
     </span>
     <span class='ocr_line' id='line_1_4' title="bbox 106 762 1216 864; baseline 0.002 -30"><span class='ocrx_word' id='word_1_22' title='bbox 106 763 268 857; x_wconf 87' lang='lat' dir='ltr'>junctim</span> <span class='ocrx_word' id='word_1_23' title='bbox 281 762 410 836; x_wconf 89' lang='lat' dir='ltr'>dentes</span> <span class='ocrx_word' id='word_1_24' title='bbox 427 789 596 862; x_wconf 89' lang='lat' dir='ltr'>suprema</span> <span class='ocrx_word' id='word_1_25' title='bbox 610 765 665 836; x_wconf 88' lang='lat' dir='ltr'>sui</span> <span class='ocrx_word' id='word_1_26' title='bbox 685 781 783 864; x_wconf 89' lang='lat' dir='ltr'>parte</span> <span class='ocrx_word' id='word_1_27' title='bbox 799 765 1004 864; x_wconf 88' lang='lat' dir='ltr'>pulsaverit,</span> <span class='ocrx_word' id='word_1_28' title='bbox 1017 765 1044 838; x_wconf 81' lang='lat' dir='ltr'><em>d</em></span> <span class='ocrx_word' id='word_1_29' title='bbox 1059 765 1216 836; x_wconf 76' lang='lat' dir='ltr'>litteram</span> 
     </span>
     <span class='ocr_line' id='line_1_5' title="bbox 112 877 1218 979; baseline 0.002 -29"><span class='ocrx_word' id='word_1_30' title='bbox 112 877 309 976; x_wconf 83' lang='lat' dir='ltr'>exprimit;</span> <span class='ocrx_word' id='word_1_31' title='bbox 336 879 503 975; x_wconf 91' lang='lat' dir='ltr'>quotiens</span> <span class='ocrx_word' id='word_1_32' title='bbox 527 893 648 952; x_wconf 88' lang='lat' dir='ltr'>autem</span> <span class='ocrx_word' id='word_1_33' title='bbox 672 880 862 952; x_wconf 88' lang='lat' dir='ltr'>sublimata</span> <span class='ocrx_word' id='word_1_34' title='bbox 890 897 1040 979; x_wconf 88' lang='lat' dir='ltr'>partem,</span> <span class='ocrx_word' id='word_1_35' title='bbox 1060 907 1131 978; x_wconf 90' lang='lat' dir='ltr'>qua</span> <span class='ocrx_word' id='word_1_36' title='bbox 1160 907 1218 952; x_wconf 92' lang='lat' dir='ltr'>su·</span> 
     </span>
     <span class='ocr_line' id='line_1_6' title="bbox 112 993 1217 1094; baseline 0.004 -30"><span class='ocrx_word' id='word_1_37' title='bbox 112 994 237 1089; x_wconf 85' lang='lat' dir='ltr'>perius</span> <span class='ocrx_word' id='word_1_38' title='bbox 262 993 433 1066; x_wconf 81' lang='lat' dir='ltr'><strong>dentibus</strong></span> <span class='ocrx_word' id='word_1_39' title='bbox 458 1007 514 1066; x_wconf 87' lang='lat' dir='ltr'>est</span> <span class='ocrx_word' id='word_1_40' title='bbox 538 993 651 1092; x_wconf 84' lang='lat' dir='ltr'>origo,</span> <span class='ocrx_word' id='word_1_41' title='bbox 681 997 938 1094; x_wconf 60' lang='lat' dir='ltr'>‘contingent</span> <span class='ocrx_word' id='word_1_42' title='bbox 963 1023 1090 1070; x_wconf 88' lang='lat' dir='ltr'>sonore</span> <span class='ocrx_word' id='word_1_43' title='bbox 1120 996 1217 1068; x_wconf 88' lang='lat' dir='ltr'>vocis</span> 
     </span>
     <span class='ocr_line' id='line_1_7' title="bbox 112 1107 1261 1208; baseline 0.011 -31"><span class='ocrx_word' id='word_1_44' title='bbox 112 1107 325 1206; x_wconf 68' lang='lat' dir='ltr'>explicabit</span> <span class='ocrx_word' id='word_1_45' title='bbox 378 1109 419 1182; x_wconf 88' lang='lat' dir='ltr'><em>K</em></span> <span class='ocrx_word' id='word_1_46' title='bbox 439 1123 475 1182; x_wconf 91' lang='lat' dir='ltr'>et</span> <span class='ocrx_word' id='word_1_47' title='bbox 502 1109 539 1187; x_wconf 84' lang='lat' dir='ltr'><strong><em>Q</em></strong></span> <span class='ocrx_word' id='word_1_48' title='bbox 569 1121 812 1208; x_wconf 72' lang='lat' dir='ltr'>‘supervacue</span> <span class='ocrx_word' id='word_1_49' title='bbox 840 1137 992 1184; x_wconf 87' lang='lat' dir='ltr'>numero</span> <span class='ocrx_word' id='word_1_50' title='bbox 1018 1111 1217 1184; x_wconf 89' lang='lat' dir='ltr'>litterarum</span> <span class='ocrx_word' id='word_1_51' title='bbox 1235 1143 1261 1190; x_wconf 84' lang='lat' dir='ltr'>u</span> 
     </span>
     <span class='ocr_line' id='line_1_8' title="bbox 115 1222 1220 1324; baseline 0.005 -31"><span class='ocrx_word' id='word_1_52' title='bbox 115 1223 224 1295; x_wconf 86' lang='lat' dir='ltr'>inseri</span> <span class='ocrx_word' id='word_1_53' title='bbox 250 1222 441 1296; x_wconf 87' lang='lat' dir='ltr'>doctorum</span> <span class='ocrx_word' id='word_1_54' title='bbox 466 1224 630 1322; x_wconf 80' lang='lat' dir='ltr'>plerique</span> <span class='ocrx_word' id='word_1_55' title='bbox 658 1225 892 1316; x_wconf 79' lang='lat' dir='ltr'>contendunt,</span> <span class='ocrx_word' id='word_1_56' title='bbox 915 1227 1053 1300; x_wconf 91' lang='lat' dir='ltr'>scilicet</span> <span class='ocrx_word' id='word_1_57' title='bbox 1077 1225 1173 1324; x_wconf 91' lang='lat' dir='ltr'>quod</span> <span class='ocrx_word' id='word_1_58' title='bbox 1202 1255 1220 1298; x_wconf 85' lang='lat' dir='ltr'>e</span> 
     </span>
     <span class='ocr_line' id='line_1_9' title="bbox 116 1337 1313 1440; baseline 0.008 -33"><span class='ocrx_word' id='word_1_59' title='bbox 116 1337 236 1408; x_wconf 88' lang='lat' dir='ltr'>littera</span> <span class='ocrx_word' id='word_1_60' title='bbox 255 1337 384 1410; x_wconf 88' lang='lat' dir='ltr'>harum</span> <span class='ocrx_word' id='word_1_61' title='bbox 411 1339 571 1411; x_wconf 87' lang='lat' dir='ltr'>officium</span> <span class='ocrx_word' id='word_1_62' title='bbox 598 1341 711 1438; x_wconf 83' lang='lat' dir='ltr'>possit</span> <span class='ocrx_word' id='word_1_63' title='bbox 728 1341 896 1440; x_wconf 90' lang='lat' dir='ltr'>implere:</span> <span class='ocrx_word' id='word_1_64' title='bbox 926 1369 1009 1414; x_wconf 91' lang='lat' dir='ltr'>nam</span> <span class='ocrx_word' id='word_1_65' title='bbox 1037 1341 1167 1414; x_wconf 74' lang='lat' dir='ltr'>binrita</span> <span class='ocrx_word' id='word_1_66' title='bbox 1184 1355 1220 1414; x_wconf 90' lang='lat' dir='ltr'>et</span> <span class='ocrx_word' id='word_1_67' title='bbox 1311 1413 1313 1418; x_wconf 84' lang='lat'>.</span> 
     </span>
     <span class='ocr_line' id='line_1_10' title="bbox 117 1454 1220 1555; baseline 0.005 -31"><span class='ocrx_word' id='word_1_68' title='bbox 117 1454 234 1524; x_wconf 88' lang='lat' dir='ltr'>otiosa</span> <span class='ocrx_word' id='word_1_69' title='bbox 267 1467 383 1552; x_wconf 90' lang='lat' dir='ltr'>parte,</span> <span class='ocrx_word' id='word_1_70' title='bbox 411 1479 484 1550; x_wconf 90' lang='lat' dir='ltr'>qua</span> <span class='ocrx_word' id='word_1_71' title='bbox 511 1482 530 1526; x_wconf 85' lang='lat' dir='ltr'>r</span> <span class='ocrx_word' id='word_1_72' title='bbox 556 1455 695 1553; x_wconf 84' lang='lat' dir='ltr'>incipit,</span> <span class='ocrx_word' id='word_1_73' title='bbox 726 1483 790 1555; x_wconf 92' lang='lat' dir='ltr'>pro</span> <span class='ocrx_word' id='word_1_74' title='bbox 818 1457 991 1554; x_wconf 80' lang='lat' dir='ltr'>qualitate</span> <span class='ocrx_word' id='word_1_75' title='bbox 1018 1456 1220 1552; x_wconf 74' lang='lat' dir='ltr'>conjunctae</span> 
     </span>
     <span class='ocr_line' id='line_1_11' title="bbox 116 1569 1265 1669; baseline 0.005 -29"><span class='ocrx_word' id='word_1_76' title='bbox 116 1569 186 1641; x_wconf 85' lang='lat' dir='ltr'>sibi</span> <span class='ocrx_word' id='word_1_77' title='bbox 210 1569 311 1642; x_wconf 80' lang='lat' dir='ltr'>vocis</span> <span class='ocrx_word' id='word_1_78' title='bbox 335 1595 544 1668; x_wconf 86' lang='lat' dir='ltr'>supremum</span> <span class='ocrx_word' id='word_1_79' title='bbox 571 1571 741 1669; x_wconf 82' lang='lat' dir='ltr'>exprimit</span> <span class='ocrx_word' id='word_1_80' title='bbox 768 1599 911 1644; x_wconf 90' lang='lat' dir='ltr'>sonum.</span> <span class='ocrx_word' id='word_1_81' title='bbox 963 1571 1142 1644; x_wconf 88' lang='lat' dir='ltr'>Nonnihil</span> <span class='ocrx_word' id='word_1_82' title='bbox 1169 1587 1221 1644; x_wconf 90' lang='lat' dir='ltr'>ta·</span> <span class='ocrx_word' id='word_1_83' title='bbox 1237 1601 1265 1646; x_wconf 77' lang='lat'>¹⁴</span> 
     </span>
     <span class='ocr_line' id='line_1_12' title="bbox 119 1687 1220 1787; baseline 0.004 -31"><span class='ocrx_word' id='word_1_84' title='bbox 119 1713 205 1758; x_wconf 90' lang='lat' dir='ltr'>men</span> <span class='ocrx_word' id='word_1_85' title='bbox 230 1687 413 1774; x_wconf 61' lang='lat' dir='ltr'>‘interest</span> <span class='ocrx_word' id='word_1_86' title='bbox 438 1701 518 1760; x_wconf 88' lang='lat' dir='ltr'>utra</span> <span class='ocrx_word' id='word_1_87' title='bbox 545 1713 669 1760; x_wconf 88' lang='lat' dir='ltr'>earum</span> <span class='ocrx_word' id='word_1_88' title='bbox 700 1687 796 1786; x_wconf 88' lang='lat' dir='ltr'>prior</span> <span class='ocrx_word' id='word_1_89' title='bbox 824 1688 870 1760; x_wconf 88' lang='lat' dir='ltr'>sit</span> <span class='ocrx_word' id='word_1_90' title='bbox 900 1717 919 1760; x_wconf 87' lang='grc' dir='ltr'>ι·</span> <span class='ocrx_word' id='word_1_91' title='bbox 945 1715 1006 1760; x_wconf 91' lang='lat' dir='ltr'>seu</span> <span class='ocrx_word' id='word_1_92' title='bbox 1037 1715 1060 1787; x_wconf 85' lang='lat' dir='ltr'>q</span> <span class='ocrx_word' id='word_1_93' title='bbox 1087 1687 1161 1760; x_wconf 84' lang='lat' dir='ltr'>sive</span> <span class='ocrx_word' id='word_1_94' title='bbox 1187 1687 1220 1774; x_wconf 85' lang='lat' dir='ltr'>lr,</span> 
     </span>
     <span class='ocr_line' id='line_1_13' title="bbox 118 1803 1221 1903; baseline 0 -29"><span class='ocrx_word' id='word_1_95' title='bbox 118 1827 275 1899; x_wconf 86' lang='lat' dir='ltr'>quarum</span> <span class='ocrx_word' id='word_1_96' title='bbox 295 1819 486 1900; x_wconf 91' lang='lat' dir='ltr'>utramque</span> <span class='ocrx_word' id='word_1_97' title='bbox 503 1803 680 1903; x_wconf 67' lang='lat' dir='ltr'>‘&#39;exprimi</span> <span class='ocrx_word' id='word_1_98' title='bbox 701 1804 876 1892; x_wconf 82' lang='lat' dir='ltr'>faucibus,</span> <span class='ocrx_word' id='word_1_99' title='bbox 890 1805 1035 1876; x_wconf 89' lang='lat' dir='ltr'>alteram</span> <span class='ocrx_word' id='word_1_100' title='bbox 1051 1803 1221 1889; x_wconf 88' lang='lat' dir='ltr'>distento,</span> 
     </span>
     <span class='ocr_line' id='line_1_14' title="bbox 120 1919 1264 2018; baseline 0.004 -29"><span class='ocrx_word' id='word_1_101' title='bbox 120 1920 270 1990; x_wconf 85' lang='lat' dir='ltr'>alteram</span> <span class='ocrx_word' id='word_1_102' title='bbox 300 1919 474 2015; x_wconf 86' lang='lat' dir='ltr'>producto</span> <span class='ocrx_word' id='word_1_103' title='bbox 498 1920 591 1992; x_wconf 84' lang='lat' dir='ltr'>rictu</span> <span class='ocrx_word' id='word_1_104' title='bbox 621 1919 851 1992; x_wconf 85' lang='lat' dir='ltr'>manifestum</span> <span class='ocrx_word' id='word_1_105' title='bbox 883 1935 947 1992; x_wconf 88' lang='lat' dir='ltr'>est.</span> <span class='ocrx_word' id='word_1_106' title='bbox 1010 1919 1059 1992; x_wconf 92' lang='lat' dir='ltr'><em>H</em></span> <span class='ocrx_word' id='word_1_107' title='bbox 1075 1945 1221 2018; x_wconf 90' lang='lat' dir='ltr'>quoque</span> <span class='ocrx_word' id='word_1_108' title='bbox 1237 1945 1264 1994; x_wconf 71' lang='grc' dir='ltr'>ιε</span> 
     </span>
     <span class='ocr_line' id='line_1_15' title="bbox 120 2031 1221 2128; baseline 0 -24"><span class='ocrx_word' id='word_1_109' title='bbox 120 2031 214 2106; x_wconf 88' lang='lat' dir='ltr'>inter</span> <span class='ocrx_word' id='word_1_110' title='bbox 230 2033 369 2106; x_wconf 78' lang='lat' dir='ltr'>litteras</span> <span class='ocrx_word' id='word_1_111' title='bbox 386 2035 537 2108; x_wconf 88' lang='lat' dir='ltr'>otiosam</span> <span class='ocrx_word' id='word_1_112' title='bbox 556 2033 791 2108; x_wconf 88' lang='lat' dir='ltr'>Grammatici</span> <span class='ocrx_word' id='word_1_113' title='bbox 817 2032 1050 2122; x_wconf 88' lang='lat' dir='ltr'>tradiderunt,</span> <span class='ocrx_word' id='word_1_114' title='bbox 1067 2059 1221 2128; x_wconf 85' lang='lat' dir='ltr'>eamque</span> 
     </span>
     <span class='ocr_line' id='line_1_16' title="bbox 120 2145 1221 2249; baseline -0.002 -27"><span class='ocrx_word' id='word_1_115' title='bbox 120 2149 400 2249; x_wconf 70' lang='lat' dir='ltr'>‘adspirationis</span> <span class='ocrx_word' id='word_1_116' title='bbox 424 2165 547 2224; x_wconf 88' lang='lat' dir='ltr'>notam</span> <span class='ocrx_word' id='word_1_117' title='bbox 566 2149 767 2244; x_wconf 85' lang='lat' dir='ltr'>conjunctis</span> <span class='ocrx_word' id='word_1_118' title='bbox 785 2149 969 2221; x_wconf 87' lang='lat' dir='ltr'>vocalibus</span> <span class='ocrx_word' id='word_1_119' title='bbox 987 2149 1135 2248; x_wconf 85' lang='lat' dir='ltr'>praefici,</span> <span class='ocrx_word' id='word_1_120' title='bbox 1154 2145 1221 2246; x_wconf 88' lang='lat' dir='ltr'>ipsi</span> 
     </span>
     <span class='ocr_line' id='line_1_17' title="bbox 121 2261 1221 2364; baseline 0.003 -32"><span class='ocrx_word' id='word_1_121' title='bbox 121 2275 242 2336; x_wconf 83' lang='lat' dir='ltr'>autem</span> <span class='ocrx_word' id='word_1_122' title='bbox 258 2277 497 2336; x_wconf 85' lang='lat' dir='ltr'>consonantes</span> <span class='ocrx_word' id='word_1_123' title='bbox 513 2261 675 2337; x_wconf 75' lang='lat' dir='ltr'>‘tanturn</span> <span class='ocrx_word' id='word_1_124' title='bbox 687 2279 858 2361; x_wconf 87' lang='lat' dir='ltr'>quattuor</span> <span class='ocrx_word' id='word_1_125' title='bbox 873 2265 1044 2364; x_wconf 76' lang='lat' dir='ltr'>praeponi,</span> <span class='ocrx_word' id='word_1_126' title='bbox 1055 2263 1221 2361; x_wconf 80' lang='lat' dir='ltr'>quotiens</span> 
     </span>
     <span class='ocr_line' id='line_1_18' title="bbox 122 2377 1220 2476; baseline 0.001 -27"><span class='ocrx_word' id='word_1_127' title='bbox 122 2377 260 2450; x_wconf 70' lang='lat' dir='ltr'>Graecis</span> <span class='ocrx_word' id='word_1_128' title='bbox 287 2377 495 2450; x_wconf 91' lang='lat' dir='ltr'>nominibus</span> <span class='ocrx_word' id='word_1_129' title='bbox 523 2379 652 2452; x_wconf 85' lang='lat' dir='ltr'>Latina</span> <span class='ocrx_word' id='word_1_130' title='bbox 679 2379 794 2450; x_wconf 91' lang='lat' dir='ltr'>forma</span> <span class='ocrx_word' id='word_1_131' title='bbox 820 2393 885 2462; x_wconf 88' lang='lat' dir='ltr'>est,</span> <span class='ocrx_word' id='word_1_132' title='bbox 905 2393 1168 2476; x_wconf 87' lang='lat' dir='ltr'>persuaserunt,</span> <span class='ocrx_word' id='word_1_133' title='bbox 1185 2377 1220 2450; x_wconf 92' lang='lat' dir='ltr'>id</span> 
     </span>
     <span class='ocr_line' id='line_1_19' title="bbox 124 2491 1220 2591; baseline 0.004 -29"><span class='ocrx_word' id='word_1_134' title='bbox 124 2506 186 2577; x_wconf 87' lang='lat' dir='ltr'>est,</span> <span class='ocrx_word' id='word_1_135' title='bbox 208 2519 228 2562; x_wconf 80' lang='lat' dir='ltr'>r</span> <span class='ocrx_word' id='word_1_136' title='bbox 250 2501 266 2563; x_wconf 81' lang='lat' dir='ltr'>t</span> <span class='ocrx_word' id='word_1_137' title='bbox 288 2518 310 2563; x_wconf 89' lang='lat' dir='ltr'>r</span> <span class='ocrx_word' id='word_1_138' title='bbox 331 2517 370 2588; x_wconf 88' lang='lat' dir='ltr'>p,</span> <span class='ocrx_word' id='word_1_139' title='bbox 390 2509 429 2564; x_wconf 92' lang='lat' dir='ltr'>ut</span> <span class='ocrx_word' id='word_1_140' title='bbox 458 2491 580 2582; x_wconf 75' lang='lat' dir='ltr'>Clari,</span> <span class='ocrx_word' id='word_1_141' title='bbox 613 2493 782 2591; x_wconf 76' lang='lat' dir='ltr'>Thymos,</span> <span class='ocrx_word' id='word_1_142' title='bbox 810 2491 998 2590; x_wconf 58' lang='lat' dir='ltr'>Psyllus</span> <span class='ocrx_word' id='word_1_143' title='bbox 1026 2493 1220 2580; x_wconf 76' lang='lat' dir='ltr'>Rhombus,</span> 
     </span>
     <span class='ocr_line' id='line_1_20' title="bbox 124 2605 1222 2707; baseline 0.002 -29"><span class='ocrx_word' id='word_1_144' title='bbox 124 2631 202 2701; x_wconf 79' lang='lat' dir='ltr'>quse</span> <span class='ocrx_word' id='word_1_145' title='bbox 231 2605 413 2704; x_wconf 87' lang='lat' dir='ltr'>profundo</span> <span class='ocrx_word' id='word_1_146' title='bbox 447 2607 586 2706; x_wconf 85' lang='lat' dir='ltr'>spiritu,</span> <span class='ocrx_word' id='word_1_147' title='bbox 614 2607 750 2680; x_wconf 89' lang='lat' dir='ltr'>anhelis</span> <span class='ocrx_word' id='word_1_148' title='bbox 781 2607 957 2692; x_wconf 86' lang='lat' dir='ltr'>faucibus,</span> <span class='ocrx_word' id='word_1_149' title='bbox 984 2609 1132 2707; x_wconf 85' lang='lat' dir='ltr'>exploso</span> <span class='ocrx_word' id='word_1_150' title='bbox 1162 2635 1222 2680; x_wconf 88' lang='lat' dir='ltr'>ore</span> 
     </span>
     <span class='ocr_line' id='line_1_21' title="bbox 125 2721 305 2794; baseline 0 0"><span class='ocrx_word' id='word_1_151' title='bbox 125 2721 305 2794; x_wconf 88' lang='lat' dir='ltr'>fundetur.</span> 
     </span>
    </p>

    <p class='ocr_par' dir='ltr' id='par_1_3' title="bbox 126 2837 1271 3512">
     <span class='ocr_line' id='line_1_22' title="bbox 173 2837 1269 2938; baseline 0.003 -29"><span class='ocrx_word' id='word_1_152' title='bbox 173 2838 347 2936; x_wconf 83' lang='lat' dir='ltr'>Superest</span> <span class='ocrx_word' id='word_1_153' title='bbox 392 2853 432 2911; x_wconf 92' lang='lat' dir='ltr'>ut</span> <span class='ocrx_word' id='word_1_154' title='bbox 470 2853 606 2938; x_wconf 88' lang='lat' dir='ltr'>septem</span> <span class='ocrx_word' id='word_1_155' title='bbox 652 2840 805 2936; x_wconf 87' lang='lat' dir='ltr'>reliquas</span> <span class='ocrx_word' id='word_1_156' title='bbox 844 2841 1052 2928; x_wconf 79' lang='lat' dir='ltr'>semisonae,</span> <span class='ocrx_word' id='word_1_157' title='bbox 1095 2837 1222 2936; x_wconf 81' lang='lat' dir='ltr'>spiritu</span> <span class='ocrx_word' id='word_1_158' title='bbox 1240 2845 1269 2894; x_wconf 91' lang='lat'>¹⁶</span> 
     </span>
     <span class='ocr_line' id='line_1_23' title="bbox 126 2951 1224 3054; baseline 0.001 -30"><span class='ocrx_word' id='word_1_159' title='bbox 126 2951 299 3049; x_wconf 71' lang='lat' dir='ltr'>bquoque</span> <span class='ocrx_word' id='word_1_160' title='bbox 333 2952 581 3054; x_wconf 89' lang='lat' dir='ltr'>instrepentcs‚</span> <span class='ocrx_word' id='word_1_161' title='bbox 614 2955 739 3028; x_wconf 88' lang='lat' dir='ltr'>ordine</span> <span class='ocrx_word' id='word_1_162' title='bbox 767 2955 925 3052; x_wconf 86' lang='lat' dir='ltr'>quodam</span> <span class='ocrx_word' id='word_1_163' title='bbox 954 2979 1224 3052; x_wconf 86' lang='lat' dir='ltr'>persequamur,</span> 
     </span>
     <span class='ocr_line' id='line_1_24' title="bbox 129 3066 1226 3168; baseline 0 -28"><span class='ocrx_word' id='word_1_164' title='bbox 129 3095 150 3140; x_wconf 86' lang='lat' dir='ltr'>e</span> <span class='ocrx_word' id='word_1_165' title='bbox 185 3066 305 3164; x_wconf 76' lang='lat' dir='ltr'>iqueis</span> <span class='ocrx_word' id='word_1_166' title='bbox 340 3067 379 3140; x_wconf 85' lang='lat' dir='ltr'><em>F</em></span> <span class='ocrx_word' id='word_1_167' title='bbox 406 3068 561 3142; x_wconf 84' lang='lat' dir='ltr'>litteram</span> <span class='ocrx_word' id='word_1_168' title='bbox 598 3070 712 3142; x_wconf 89' lang='lat' dir='ltr'>imum</span> <span class='ocrx_word' id='word_1_169' title='bbox 749 3071 883 3142; x_wconf 90' lang='lat' dir='ltr'>labium</span> <span class='ocrx_word' id='word_1_170' title='bbox 915 3069 1081 3168; x_wconf 66' lang='lat' dir='ltr'>¹¹superis</span> <span class='ocrx_word' id='word_1_171' title='bbox 1116 3069 1226 3166; x_wconf 89' lang='lat' dir='ltr'>inpri-</span> 
     </span>
     <span class='ocr_line' id='line_1_25' title="bbox 132 3181 1225 3283; baseline 0 -30"><span class='ocrx_word' id='word_1_172' title='bbox 132 3196 265 3254; x_wconf 85' lang='lat' dir='ltr'>mentes</span> <span class='ocrx_word' id='word_1_173' title='bbox 292 3181 475 3268; x_wconf 86' lang='lat' dir='ltr'>dentibus,</span> <span class='ocrx_word' id='word_1_174' title='bbox 506 3185 636 3256; x_wconf 88' lang='lat' dir='ltr'>reflexa</span> <span class='ocrx_word' id='word_1_175' title='bbox 667 3183 711 3256; x_wconf 87' lang='lat' dir='ltr'>ad</span> <span class='ocrx_word' id='word_1_176' title='bbox 741 3185 850 3283; x_wconf 90' lang='lat' dir='ltr'>palati</span> <span class='ocrx_word' id='word_1_177' title='bbox 876 3183 1060 3281; x_wconf 85' lang='lat' dir='ltr'>fastigium</span> <span class='ocrx_word' id='word_1_178' title='bbox 1092 3183 1225 3280; x_wconf 87' lang='lat' dir='ltr'>lingua,</span> 
     </span>
     <span class='ocr_line' id='line_1_26' title="bbox 134 3296 1271 3396; baseline 0.005 -30"><span class='ocrx_word' id='word_1_179' title='bbox 134 3296 198 3368; x_wconf 89' lang='lat' dir='ltr'>leni</span> <span class='ocrx_word' id='word_1_180' title='bbox 231 3297 427 3396; x_wconf 86' lang='lat' dir='ltr'>spiramine</span> <span class='ocrx_word' id='word_1_181' title='bbox 465 3300 697 3396; x_wconf 82' lang='lat' dir='ltr'>proferemus.</span> <span class='ocrx_word' id='word_1_182' title='bbox 747 3301 926 3396; x_wconf 84' lang='lat' dir='ltr'>Sequetur</span> <span class='ocrx_word' id='word_1_183' title='bbox 960 3298 1005 3388; x_wconf 89' lang='lat' dir='ltr'>L,</span> <span class='ocrx_word' id='word_1_184' title='bbox 1033 3297 1134 3395; x_wconf 86' lang='lat' dir='ltr'>¹quae</span> <span class='ocrx_word' id='word_1_185' title='bbox 1168 3323 1271 3372; x_wconf 79' lang='lat' dir='ltr'>rra-¹7</span> 
     </span>
     <span class='ocr_line' id='line_1_27' title="bbox 133 3411 1227 3512; baseline 0.001 -31"><span class='ocrx_word' id='word_1_186' title='bbox 133 3411 239 3484; x_wconf 90' lang='lat' dir='ltr'>lidum</span> <span class='ocrx_word' id='word_1_187' title='bbox 266 3413 388 3486; x_wconf 90' lang='lat' dir='ltr'>nescio</span> <span class='ocrx_word' id='word_1_188' title='bbox 415 3413 502 3508; x_wconf 91' lang='lat' dir='ltr'>quid</span> <span class='ocrx_word' id='word_1_189' title='bbox 528 3426 629 3510; x_wconf 77' lang='lat' dir='ltr'>tnper</span> <span class='ocrx_word' id='word_1_190' title='bbox 659 3427 797 3510; x_wconf 86' lang='lat' dir='ltr'>partem</span> <span class='ocrx_word' id='word_1_191' title='bbox 826 3413 947 3512; x_wconf 86' lang='lat' dir='ltr'>palati,</span> <span class='ocrx_word' id='word_1_192' title='bbox 975 3439 1046 3510; x_wconf 89' lang='lat' dir='ltr'>qua</span> <span class='ocrx_word' id='word_1_193' title='bbox 1076 3411 1227 3510; x_wconf 89' lang='lat' dir='ltr'>primor-</span> 
     </span>
    </p>
   </div>
   <div class='ocr_carea' id='block_1_3' title="bbox 130 3605 1233 4309">
    <p class='ocr_par' dir='ltr' id='par_1_4' title="bbox 130 3605 1233 4309">
     <span class='ocr_line' id='line_1_28' title="bbox 172 3605 1228 3688; baseline -0.001 -25"><span class='ocrx_word' id='word_1_194' title='bbox 172 3619 184 3662; x_wconf 78' lang='lat' dir='ltr'>l</span> <span class='ocrx_word' id='word_1_195' title='bbox 197 3607 424 3685; x_wconf 85' lang='lat' dir='ltr'>distinguuntur]</span> <span class='ocrx_word' id='word_1_196' title='bbox 441 3607 632 3686; x_wconf 79' lang='lat' dir='ltr'>distinguntur</span> <span class='ocrx_word' id='word_1_197' title='bbox 647 3609 678 3664; x_wconf 87' lang='lat' dir='ltr'>P.</span> <span class='ocrx_word' id='word_1_198' title='bbox 740 3620 751 3646; x_wconf 87' lang='lat'>¹·</span> <span class='ocrx_word' id='word_1_199' title='bbox 766 3610 928 3688; x_wconf 83' lang='lat' dir='ltr'>continget]</span> <span class='ocrx_word' id='word_1_200' title='bbox 946 3609 1114 3686; x_wconf 82' lang='lat' dir='ltr'>contingent</span> <span class='ocrx_word' id='word_1_201' title='bbox 1128 3605 1158 3664; x_wconf 89' lang='lat' dir='ltr'>P.</span> <span class='ocrx_word' id='word_1_202' title='bbox 1182 3609 1228 3663; x_wconf 90' lang='lat' dir='ltr'>An</span> 
     </span>
     <span class='ocr_line' id='line_1_29' title="bbox 135 3686 1228 3772; baseline -0.002 -26"><span class='ocrx_word' id='word_1_203' title='bbox 135 3689 299 3766; x_wconf 75' lang='lat' dir='ltr'>eontigerit?</span> <span class='ocrx_word' id='word_1_204' title='bbox 385 3700 401 3732; x_wconf 77' lang='lat'>⁸</span> <span class='ocrx_word' id='word_1_205' title='bbox 414 3689 598 3766; x_wconf 83' lang='lat' dir='ltr'>supervacuo]</span> <span class='ocrx_word' id='word_1_206' title='bbox 614 3707 786 3772; x_wconf 63' lang='lat' dir='ltr'>supervacue</span> <span class='ocrx_word' id='word_1_207' title='bbox 800 3691 833 3746; x_wconf 90' lang='grc' dir='ltr'>Ρ.</span> <span class='ocrx_word' id='word_1_208' title='bbox 949 3688 1081 3761; x_wconf 78' lang='lat' dir='ltr'>bmutn]</span> <span class='ocrx_word' id='word_1_209' title='bbox 1103 3698 1183 3744; x_wconf 87' lang='lat' dir='ltr'>muta</span> <span class='ocrx_word' id='word_1_210' title='bbox 1196 3686 1228 3744; x_wconf 85' lang='lat' dir='ltr'>P.</span> 
     </span>
     <span class='ocr_line' id='line_1_30' title="bbox 134 3767 1233 3845; baseline -0.004 -19"><span class='ocrx_word' id='word_1_211' title='bbox 134 3769 280 3826; x_wconf 84' lang='lat' dir='ltr'>Santenius</span> <span class='ocrx_word' id='word_1_212' title='bbox 295 3770 455 3827; x_wconf 77' lang='lat' dir='ltr'>ad&#39;l&#39;erent.</span> <span class='ocrx_word' id='word_1_213' title='bbox 470 3769 565 3826; x_wconf 87' lang='lat' dir='ltr'>Maur.</span> <span class='ocrx_word' id='word_1_214' title='bbox 578 3788 605 3845; x_wconf 93' lang='lat' dir='ltr'>p.</span> <span class='ocrx_word' id='word_1_215' title='bbox 617 3771 687 3844; x_wconf 80' lang='lat'>398.</span> <span class='ocrx_word' id='word_1_216' title='bbox 714 3769 787 3826; x_wconf 82' lang='lat' dir='ltr'>Nam</span> <span class='ocrx_word' id='word_1_217' title='bbox 803 3777 911 3826; x_wconf 71' lang='lat' dir='ltr'>inritato</span> <span class='ocrx_word' id='word_1_218' title='bbox 925 3773 979 3826; x_wconf 82' lang='lat' dir='ltr'>oris</span> <span class='ocrx_word' id='word_1_219' title='bbox 994 3789 1027 3824; x_wconf 85' lang='lat' dir='ltr'>ea</span> <span class='ocrx_word' id='word_1_220' title='bbox 1038 3775 1130 3843; x_wconf 84' lang='lat' dir='ltr'>parte,</span> <span class='ocrx_word' id='word_1_221' title='bbox 1142 3785 1197 3840; x_wconf 84' lang='lat' dir='ltr'>quo</span> <span class='ocrx_word' id='word_1_222' title='bbox 1210 3767 1233 3823; x_wconf 88' lang='lat' dir='ltr'><strong><em>C</em></strong></span> 
     </span>
     <span class='ocr_line' id='line_1_31' title="bbox 133 3843 1228 3926; baseline -0.005 -19"><span class='ocrx_word' id='word_1_223' title='bbox 133 3850 230 3924; x_wconf 73' lang='lat' dir='ltr'>incipit.</span> <span class='ocrx_word' id='word_1_224' title='bbox 286 3851 373 3924; x_wconf 65' lang='lat' dir='ltr'>sest]</span> <span class='ocrx_word' id='word_1_225' title='bbox 387 3849 504 3907; x_wconf 84' lang='lat' dir='ltr'>interest</span> <span class='ocrx_word' id='word_1_226' title='bbox 517 3849 548 3906; x_wconf 87' lang='lat' dir='ltr'>P.</span> <span class='ocrx_word' id='word_1_227' title='bbox 603 3845 765 3924; x_wconf 72' lang='lat' dir='ltr'>dexprimi]</span> <span class='ocrx_word' id='word_1_228' title='bbox 783 3849 914 3926; x_wconf 77' lang='lat' dir='ltr'>exprimit</span> <span class='ocrx_word' id='word_1_229' title='bbox 926 3850 956 3906; x_wconf 89' lang='lat' dir='ltr'>P.</span> <span class='ocrx_word' id='word_1_230' title='bbox 1008 3843 1228 3923; x_wconf 75' lang='lat' dir='ltr'>easpirationis]</span> 
     </span>
     <span class='ocr_line' id='line_1_32' title="bbox 132 3927 1231 4007; baseline -0.005 -21"><span class='ocrx_word' id='word_1_231' title='bbox 132 3929 330 4006; x_wconf 78' lang='lat' dir='ltr'>adspirationis</span> <span class='ocrx_word' id='word_1_232' title='bbox 343 3931 374 3986; x_wconf 87' lang='lat' dir='ltr'>P.</span> <span class='ocrx_word' id='word_1_233' title='bbox 456 3927 470 3971; x_wconf 76' lang='lat' dir='ltr'>s</span> <span class='ocrx_word' id='word_1_234' title='bbox 481 3942 590 3986; x_wconf 87' lang='lat' dir='ltr'>tantum</span> <span class='ocrx_word' id='word_1_235' title='bbox 605 3929 635 3984; x_wconf 86' lang='lat' dir='ltr'>in</span> <span class='ocrx_word' id='word_1_236' title='bbox 651 3947 739 4006; x_wconf 85' lang='lat' dir='ltr'>marg.</span> <span class='ocrx_word' id='word_1_237' title='bbox 755 3949 814 4007; x_wconf 87' lang='lat' dir='ltr'>ap.</span> <span class='ocrx_word' id='word_1_238' title='bbox 831 3949 867 3986; x_wconf 88' lang='lat' dir='ltr'>m.</span> <span class='ocrx_word' id='word_1_239' title='bbox 890 3929 922 3986; x_wconf 91' lang='lat' dir='ltr'>P.</span> <span class='ocrx_word' id='word_1_240' title='bbox 952 3930 1043 4006; x_wconf 84' lang='lat' dir='ltr'>Supra</span> <span class='ocrx_word' id='word_1_241' title='bbox 1056 3928 1159 3983; x_wconf 81' lang='lat' dir='ltr'>cunctis</span> <span class='ocrx_word' id='word_1_242' title='bbox 1180 3945 1231 4002; x_wconf 90' lang='lat' dir='ltr'>pro</span> 
     </span>
     <span class='ocr_line' id='line_1_33' title="bbox 132 4003 1232 4084; baseline -0.004 -18"><span class='ocrx_word' id='word_1_243' title='bbox 132 4009 278 4082; x_wconf 76' lang='lat' dir='ltr'>conjunctis</span> <span class='ocrx_word' id='word_1_244' title='bbox 294 4010 418 4068; x_wconf 86' lang='lat' dir='ltr'>malebat</span> <span class='ocrx_word' id='word_1_245' title='bbox 431 4011 570 4068; x_wconf 82' lang='lat' dir='ltr'>Eldikius.</span> <span class='ocrx_word' id='word_1_246' title='bbox 653 4019 669 4063; x_wconf 76' lang='lat' dir='ltr'>s</span> <span class='ocrx_word' id='word_1_247' title='bbox 685 4009 848 4084; x_wconf 83' lang='lat' dir='ltr'>lllrombus]</span> <span class='ocrx_word' id='word_1_248' title='bbox 867 4009 1016 4067; x_wconf 82' lang='lat' dir='ltr'>Rhombos</span> <span class='ocrx_word' id='word_1_249' title='bbox 1032 4007 1067 4064; x_wconf 92' lang='lat' dir='ltr'>P.</span> <span class='ocrx_word' id='word_1_250' title='bbox 1129 4003 1232 4082; x_wconf 80' lang='lat' dir='ltr'>hqno·</span> 
     </span>
     <span class='ocr_line' id='line_1_34' title="bbox 131 4085 1228 4168; baseline -0.005 -21"><span class='ocrx_word' id='word_1_251' title='bbox 131 4091 339 4168; x_wconf 85' lang='lat' dir='ltr'>que]quodam</span> <span class='ocrx_word' id='word_1_252' title='bbox 355 4091 386 4148; x_wconf 87' lang='lat' dir='ltr'>P.</span> <span class='ocrx_word' id='word_1_253' title='bbox 491 4088 607 4166; x_wconf 86' lang='lat' dir='ltr'>iqueis]</span> <span class='ocrx_word' id='word_1_254' title='bbox 625 4089 688 4164; x_wconf 88' lang='lat' dir='ltr'>quis</span> <span class='ocrx_word' id='word_1_255' title='bbox 703 4090 733 4146; x_wconf 92' lang='lat' dir='ltr'>P.</span> <span class='ocrx_word' id='word_1_256' title='bbox 835 4087 1005 4168; x_wconf 70' lang='lat' dir='ltr'>¹‘supremis</span> <span class='ocrx_word' id='word_1_257' title='bbox 1021 4085 1228 4162; x_wconf 88' lang='lat' dir='ltr'>imprimentes]</span> 
     </span>
     <span class='ocr_line' id='line_1_35' title="bbox 130 4165 1232 4249; baseline -0.005 -23"><span class='ocrx_word' id='word_1_258' title='bbox 130 4175 236 4248; x_wconf 85' lang='lat' dir='ltr'>superis</span> <span class='ocrx_word' id='word_1_259' title='bbox 251 4169 437 4249; x_wconf 87' lang='lat' dir='ltr'>inprimentes</span> <span class='ocrx_word' id='word_1_260' title='bbox 451 4171 484 4228; x_wconf 90' lang='lat' dir='ltr'>P.</span> <span class='ocrx_word' id='word_1_261' title='bbox 591 4165 682 4245; x_wconf 84' lang='lat' dir='ltr'>lqun]</span> <span class='ocrx_word' id='word_1_262' title='bbox 698 4189 760 4246; x_wconf 82' lang='lat' dir='ltr'>quae</span> <span class='ocrx_word' id='word_1_263' title='bbox 775 4171 805 4226; x_wconf 88' lang='lat' dir='ltr'>P.</span> <span class='ocrx_word' id='word_1_264' title='bbox 928 4180 951 4210; x_wconf 81' lang='lat'>¹¹¹</span> <span class='ocrx_word' id='word_1_265' title='bbox 967 4188 1016 4246; x_wconf 87' lang='lat' dir='ltr'>per</span> <span class='ocrx_word' id='word_1_266' title='bbox 1031 4167 1151 4241; x_wconf 85' lang='lat' dir='ltr'>partem]</span> <span class='ocrx_word' id='word_1_267' title='bbox 1169 4183 1232 4242; x_wconf 85' lang='lat' dir='ltr'>par·</span> 
     </span>
     <span class='ocr_line' id='line_1_36' title="bbox 132 4253 233 4309; baseline -0.01 -1"><span class='ocrx_word' id='word_1_268' title='bbox 132 4263 186 4308; x_wconf 81' lang='lat' dir='ltr'>tem</span> <span class='ocrx_word' id='word_1_269' title='bbox 201 4253 233 4309; x_wconf 90' lang='lat' dir='ltr'>P.</span> 
     </span>
    </p>
   </div>
   <div class='ocr_carea' id='block_1_4' title="bbox 133 4374 1233 4538">
    <p class='ocr_par' dir='ltr' id='par_1_5' title="bbox 133 4374 1233 4538">
     <span class='ocr_line' id='line_1_37' title="bbox 133 4374 1233 4514; baseline -0.008 -78"><span class='ocrx_word' id='word_1_270' title='bbox 133 4401 182 4514; x_wconf 77' lang='grc' dir='ltr'>Μι</span> <span class='ocrx_word' id='word_1_271' title='bbox 190 4399 218 4456; x_wconf 83' lang='lat'>5.</span> <span class='ocrx_word' id='word_1_272' title='bbox 238 4379 576 4458; x_wconf 74' lang='lat' dir='ltr'>Thyssos—Rhombus]</span> <span class='ocrx_word' id='word_1_273' title='bbox 610 4382 641 4439; x_wconf 85' lang='lat' dir='ltr'>F.</span> <span class='ocrx_word' id='word_1_274' title='bbox 667 4379 983 4455; x_wconf 64' lang='lat' dir='ltr'>Thamar—Rhamnes.</span> <span class='ocrx_word' id='word_1_275' title='bbox 1028 4374 1144 4432; x_wconf 88' lang='lat' dir='ltr'>Santen.</span> <span class='ocrx_word' id='word_1_276' title='bbox 1166 4375 1233 4431; x_wconf 86' lang='lat' dir='ltr'>Ter.</span> 
     </span>
     <span class='ocr_line' id='line_1_38' title="bbox 165 4479 329 4538; baseline 0.012 -22"><span class='ocrx_word' id='word_1_277' title='bbox 165 4479 224 4519; x_wconf 84' lang='lat' dir='ltr'>aur.</span> <span class='ocrx_word' id='word_1_278' title='bbox 239 4479 267 4538; x_wconf 93' lang='lat' dir='ltr'>p.</span> <span class='ocrx_word' id='word_1_279' title='bbox 284 4479 329 4518; x_wconf 77' lang='lat' dir='ltr'>rr.</span> 
     </span>
    </p>
   </div>
   <div class='ocr_carea' id='block_1_5' title="bbox 676 4577 699 4624">
    <p class='ocr_par' dir='ltr' id='par_1_6' title="bbox 676 4577 699 4624">
     <span class='ocr_line' id='line_1_39' title="bbox 676 4577 699 4624; baseline 0 0"><span class='ocrx_word' id='word_1_280' title='bbox 676 4577 699 4624; x_wconf 87' lang='lat' dir='ltr'>G</span> 
     </span>
    </p>
   </div>
   <div class='ocr_carea' id='block_1_6' title="bbox 0 0 1543 5084">
    <p class='ocr_par' dir='ltr' id='par_1_7' title="bbox 0 0 1543 5084">
     <span class='ocr_line' id='line_1_40' title="bbox 0 0 1543 5084; baseline 0 0"><span class='ocrx_word' id='word_1_281' title='bbox 0 0 1543 5084; x_wconf 95' lang='lat' dir='ltr'> </span> 
     </span>
    </p>
   </div>
  </div>
 </body>
</html>
