3100 5142
298 397 369 474 29⁴
722 375 976 452 MotiPtotii

269 645 283 696 ⁵
350 632 417 707 Dc
433 631 588 706 dimetro
606 627 808 702 acatalecto
824 627 1051 702 Cleonmcbio
1068 628 1183 702 lonico
1200 626 1351 726 ocajore.

346 779 511 854 Ionicum
551 775 671 876 mamas
705 776 898 852 dimetmm
933 775 1176 852 acatalectum
1208 774 1410 852 'Cleoma-

295 895 416 969 eblum
434 897 476 968 fit
493 893 612 966 ionico
630 891 766 988 majore
783 907 820 964 et
836 891 1045 984 ditrocbaeo,

554 1019 624 1082 Nec
632 1027 735 1106 prato
749 1019 906 1106 rlgantm
919 1030 1042 1082 ¹amne.
1179 993 1184 1006 ’

267 1238 284 1288 a
389 1220 452 1294 De
468 1221 633 1295 trimetro
651 1217 966 1318 brachycatalecto
983 1219 1099 1292 malco
1115 1216 1255 1318 majore
1272 1229 1309 1292 et

729 1332 976 1432 ltbypballlao.

346 1469 511 1544 Ionicum
543 1463 898 1564 brachycatalectum
925 1479 942 1528 t
948 1467 1156 1540 trimetrum
1184 1463 1406 1564 r'tbyplcalle'-

296 1613 377 1662 cam
399 1588 442 1660 fit
468 1583 596 1686 hippio
614 1583 730 1672 tertio,
752 1581 963 1670 ditrochaeo,
980 1596 1017 1656 et
1038 1582 1195 1656 trochaeo
1211 1583 1267 1654 vel
1293 1607 1405 1680 spon-

296 1701 377 1790 deo,
510 1799 577 1863 Sea
585 1805 698 1884 porcat
711 1819 801 1884 agna
813 1817 870 1861 eeu
884 1797 985 1861 malit.

296 1925 377 1998 haec
395 1923 590 1998 novissima
605 1923 831 1997 'indifferens
848 1937 912 1998 est.

267 2155 280 2207 t
363 2121 427 2194 De
443 2121 611 2196 trimetro
627 2121 863 2196 acatalectico
880 2121 1033 2196 Alcaico
1050 2123 1164 2196 ionico
1181 2121 1332 2221 majore.

345 2270 508 2344 Ionicum
534 2271 654 2370 majas
678 2270 886 2344 trimetrum
911 2269 1185 2344 'catalecticum
1206 2269 1403 2344 Alcalcum

294 2387 337 2458 fit
368 2385 496 2484 hippio
524 2385 642 2471 tertio,
672 2385 793 2459 ionico
819 2385 966 2483 majore,
994 2385 1140 2486 dactylo
1168 2385 1222 2458 vel
1254 2385 1402 2485 amphi-

299 2527 433 2592 macro,
517 2601 606 2664 Video
621 2609 657 2664 ut
670 2600 810 2665 allactet
824 2603 898 2664 alae
912 2599 1095 2664 candidam.

511 2701 664 2766 Stravere
679 2709 786 2764 ventor
802 2699 1071 2788 aqaorefirvldo.

297 2835 358 2908 Fit
377 2835 445 2908 hoc
462 2833 779 2935 benneasytlabum
799 2833 941 2908 duobus
963 2832 1097 2931 hippiis
1114 2829 1258 2921 ctertiis,
1273 2844 1311 2904 et
1327 2832 1402 2931 syl-

298 2951 390 3040 laba,
408 2967 448 3023 ut
465 2949 511 3022 sit
528 2947 722 3022 dimetrum
743 2947 1087 3047 hypercatalectum,

512 3063 849 3152 Ladamqaejbrtoaa
858 3083 1049 3152 gravesque.

269 3301 285 3350 a
461 3273 523 3346 De
541 3276 707 3348 trimetro
725 3272 927 3347 acatalecto
944 3273 1060 3346 ionico
1077 3271 1227 3372 majore.

349 3405 510 3477 Ionicum
536 3408 656 3500 majas
681 3407 888 3480 trimetrum
914 3403 1157 3478 acatalectam
1186 3407 1230 3477 fit
1256 3404 1400 3478 duobus

299 3516 424 3590 ionicis
443 3518 637 3614 majoribus
655 3533 691 3591 et
708 3519 916 3608 ditrochaeo,

511 3642 631 3729 Sylvae
644 3642 704 3706 dea
717 3665 811 3708 eacra
824 3647 898 3709 alva
911 3645 1070 3710 obrmebat.

268 3873 284 3923 9
524 3824 590 3899 De
606 3835 818 3900 tetrametro
836 3827 1162 3928 brachycatalecto.

347 3973 509 4048 Ionicum
542 3970 660 4071 memus
689 3971 1045 4068 brachycatalectom
1074 3986 1326 4052 tetrametmem
1357 3979 1400 4050 fit

337 4181 356 4208 ''
371 4173 599 4248 Cleomachlum]
615 4175 812 4234 cleamocbiam
826 4176 860 4234 L.
1025 4187 1041 4218 ¹
1063 4177 1161 4250 amne]
1182 4176 1229 4234 Sic
1242 4177 1278 4236 L.
1300 4180 1399 4234 anime

296 4251 454 4314 Putechius.
539 4255 542 4262 '
565 4265 580 4312 t
595 4253 753 4314 trimetrum
768 4254 990 4334 ithiphallicum]
1007 4255 1053 4316 Sic
1067 4257 1102 4316 L.
1124 4257 1325 4332 ttblpbatltcam
1339 4275 1398 4314 om.

296 4331 457 4394 euocatus.
499 4333 612 4394 Deinde
631 4345 659 4394 et
679 4337 826 4394 ditrocbao
841 4335 999 4394 Potachiuc.
1128 4348 1142 4380 ¹
1164 4336 1338 4411 indifferens]
1355 4339 1397 4394 ia-

295 4416 421 4492 ‹ttffermc
437 4421 477 4470 eat
497 4414 531 4472 L.
635 4415 872 4490 ⁸cmlecticum]
889 4419 1099 4474 acatalectlcam
1112 4419 1146 4476 L.
1262 4415 1398 4476 bennen-

295 4496 447 4575 syllabam]
463 4497 697 4568 endecasyllabum
713 4495 747 4552 L.
828 4507 841 4539 ⁰
855 4495 958 4570 tertiis]
977 4501 1061 4554 terme
1074 4499 1109 4555 L.
