2970 5134
401 408 539 465 vetcmm
554 402 799 488 oporponuatia.
1086 387 1155 472 bl‘l
1217 384 1221 392 .

45 567 180 634 Alius
210 583 289 655 post
312 567 424 634 Isidori
448 569 600 634 vocabula
623 569 827 656 grammatica
849 569 973 636 libellus
993 571 1026 636 in
1048 572 1155 638 codice

28 686 136 735 ostro
154 669 370 735 inscribitur:
397 671 891 736 INCIPIUNT-CAESURAE
919 672 1167 753 VERSUUM„

28 796 118 859 tque
137 772 180 836 in
200 773 348 859 margine
367 767 520 838 recentior
542 795 652 838 manus
668 772 771 838 Mallii
788 773 947 840 Theodori
969 798 1080 842 nomen
1096 777 1153 842 ad·

28 890 163 939 ecerat.
223 877 372 940 Anteae
394 875 523 940 veritate
545 875 631 939 baud
651 875 818 940 abhorrere
842 877 1004 964 opinabar,
1026 877 1152 944 brevem

28 1000 111 1041 tanc
128 977 179 1042 de
206 978 330 1065 pedum
352 1001 388 1043 ac
408 1001 554 1043 versuum
578 978 704 1044 eoesuris
726 979 1015 1044 commentationem
1037 1004 1153 1046 memo·

29 1079 116 1144 ialis
143 1079 229 1145 libri
256 1080 398 1169 alicujus,
421 1105 515 1169 quem
542 1081 756 1168 conscripserit
779 1079 919 1160 Mallius,
942 1081 1152 1170 fragmentum

28 1207 110 1246 esse.
165 1184 273 1247 Nunc
288 1206 363 1248 vero
380 1184 552 1272 intelligere
573 1184 650 1248 mihi
673 1183 791 1259 videor,
806 1197 838 1248 et
859 1183 939 1248 banc
960 1183 1000 1248 de
1018 1185 1154 1266 caesuris,

28 1300 59 1347 st
86 1283 250 1366 alteram,
272 1309 346 1372 quae
371 1287 513 1373 proxime
534 1287 687 1374 sequitur,
709 1284 749 1350 de
772 1285 877 1350 metris
898 1285 1153 1372 disputationem,

28 1385 117 1450 nihil
138 1387 238 1451 aliud
258 1411 335 1466 esse,
350 1411 446 1475 quam
467 1387 596 1454 studiosi
615 1387 751 1454 hominis
771 1385 968 1465 collectanea,
983 1410 1022 1452 ex
1044 1387 1154 1452 iisdem
1188 1459 1192 1467 ,

28 1489 259 1576 scriptoribus
280 1509 437 1579 congesta,
453 1516 492 1557 ex
512 1515 646 1579 quorum
669 1490 817 1580 operibus
840 1488 1035 1574 Hispalensis
1055 1489 1156 1554 Isido-
1276 1522 1279 1528 ¹

28 1613 94 1655 rus
113 1591 222 1656 libros
238 1617 310 1658 suos
322 1595 479 1682 originum
494 1593 744 1660 conscribillavit.

85 1697 247 1760 Caesuras
269 1695 353 1776 istas,
371 1697 515 1784 quamvis
537 1696 647 1762 Mallio
669 1695 857 1783 abjudicem,
878 1693 1082 1782 tamen,quia
1102 1717 1154 1761 eas

35 1795 155 1861 Mallii
171 1797 215 1861 de
231 1798 338 1863 metris
351 1799 441 1879 libro,
455 1822 555 1886 quum
577 1799 713 1886 primum
735 1798 787 1863 ille
809 1797 893 1886 typis
916 1797 1153 1876 exscriberetur,

39 1899 180 1964 comites
203 1900 362 1981 dederam,
385 1903 436 1968 hic
460 1903 645 1991 repetendas
669 1902 758 1968 duxi.
815 1899 919 1988 quue
937 1925 982 1966 ,eo
1006 1899 1154 1966 libentius

43 2001 119 2078 feci,
145 2003 298 2090 quoniam
324 2005 566 2070 commentarioli
595 2005 702 2092 hujus,
724 2004 811 2092 quod
841 2003 1026 2090 ἀνεπίγραφον
1050 2003 1083 2067 in
1108 2025 1154 2068 ss·

46 2103 158 2168 cundo
175 2105 280 2170 Mallii
294 2106 399 2171 codice
414 2107 541 2174 Parisiis
555 2107 726 2186 invenerat,
741 2107 952 2194 discrepantes
972 2105 1164 2196 scripturas„

47 2207 330 2291 praestantissimus
346 2209 548 2296 Musgrsvius
560 2224 686 2274 enotare
699 2210 918 2298 dignatusest.

443 2449 581 2512 Coesurte
596 2467 755 2511 versuum.

101 2591 253 2654 Acemtus
266 2599 313 2654 ert
325 2593 436 2654 aniano
451 2592 627 2670 verborum
637 2593 709 2656 sive
724 2613 787 2656 voa
799 2591 939 2678 syllabae,
955 2613 1025 2678 quc
1038 2591 1074 2654 in
1088 2611 1154 2654 rer-

59 2712 146 2754 mone
157 2691 233 2776 plus
246 2700 338 2756 ronot
352 2691 390 2755 de
404 2695 514 2758 ceteris
527 2693 668 2781 syllabis.
713 2697 883 2759 ²docentur
892 2703 1008 2758 uuum
1023 2715 1044 2756 a
1057 2703 1153 2758 eaatu

62 2802 254 2872 vocalium,
269 2797 345 2882 qula
360 2797 479 2884 inipso
494 2805 617 2862 motum
636 2797 827 2884 producitur
840 2817 937 2860 sortus
951 2797 1046 2860 vocis.
1092 2796 1154 2859 Ar-

63 2899 107 2960 sls
121 2901 164 2960 eat
181 2899 261 2960 vocis
275 2897 489 2970 elevationem
505 2899 705 2986 temporibus.
755 2899 869 2964 Thessa
883 2907 930 2963 est
943 2899 1027 2964 bocia
1036 2899 1156 2986 positio

65 3023 132 3062 ctam
154 3001 349 3084 temporibus.
393 3001 537 3088 AEquam
556 3001 686 3076 dicitur,
706 3003 848 3089 quotieas
867 3001 967 3065 amboe
984 3010 1106 3087 portes,
1120 3002 1156 3068 id

67 3111 121 3178 est,
134 3104 214 3167 ursis
228 3113 256 3168 et
271 3104 377 3181 thesis,
393 3105 507 3191 ceqrrulr'
529 3113 702 3190 temporum
716 3105 785 3191 lege
799 3103 985 3181 consistant,
1001 3113 1038 3169 ut
1050 3104 1112 3168 duo
1126 3112 1156 3168 ol

70 3205 135 3269 duo.
167 3205 305 3294 Duplum
316 3207 526 3294 predicatur,
538 3208 680 3294 quotiens
694 3205 740 3282 td,
751 3205 833 3294 quod
846 3205 951 3292 mcy‘us
964 3213 1010 3270 est
1024 3206 1072 3275 bt's
1085 3227 1156 3271 con-

72 3311 143 3372 tinet
159 3311 270 3388 minus,
286 3319 485 3397 etquattuor
499 3319 529 3373 et
543 3309 614 3374 duo.
659 3307 845 3394 Scamplmu
866 3327 939 3371 vero
960 3316 1016 3387 est,
1030 3307 1157 3396 quando

74 3413 169 3475 mlada
188 3420 364 3476 conterretur
377 3434 398 3475 a
413 3413 532 3497 mtp'ore
545 3421 575 3476 ct
588 3412 738 3476 rnedletar
751 3411 896 3488 minoris,
910 3419 947 3476 td
961 3413 1027 3474 trio
1040 3420 1070 3474 et
1083 3411 1155 3474 duo

77 3513 238 3598 Epitrr'tam
251 3522 307 3591 eat,
319 3515 445 3602 quorrdo
459 3516 567 3578 minas
580 3521 792 3578 contractura
805 3513 925 3599 majore
938 3521 969 3576 et
980 3514 1048 3600 ejus
1062 3513 1157 3576 tertia

73 3635 156 3700 pars,
169 3623 201 3678 at
216 3624 363 3703 ptuttuor
383 3625 413 3680 et
434 3618 511 3681 triu.
570 3615 720 3704 Triplum
742 3636 816 3680 vero
835 3624 891 3694 eat,
906 3616 1031 3702 pundo
1051 3615 1157 3700 mojw

80 3726 121 3780 ter
139 3717 259 3782 continet
281 3727 378 3783 totum
400 3721 517 3796 minus,
539 3728 575 3782 ut
597 3741 696 3782 unum
714 3726 744 3782 et
764 3719 840 3782 trio.
887 3717 1066 3783 Credantur
1079 3738 1156 3780 uero

80 3819 178 3905 pedum
190 3821 320 3884 membra
334 3821 405 3884 ⁸*vel
422 3841 482 3908 per
497 3823 716 3910 coqzrolitotmr,
733 3822 783 3885 vel
794 3842 859 3908 per
873 3820 1016 3906 duplum,
1032 3820 1081 3882 vel
1094 3841 1157 3906 per

84 3923 241 4008 templum,
257 3922 307 3986 vel
314 3943 375 4010 per
390 3925 535 4010 triplum,
552 3925 601 3989 uel
611 3945 670 4012 per
683 3926 856 4012 epitritum.
904 3924 1020 4011 Longo
1033 3931 1080 3986 est
1094 3921 1157 4009 apl-

122 4228 259 4285 *Assar
278 4237 373 4286 autam
387 4247 405 4285 α
419 4229 515 4302 oratu]
538 4229 583 4286 lta
622 4227 687 4286 cula
699 4229 752 4293 oet,
767 4225 796 4283 ln
815 4225 913 4286 codice
927 4223 1050 4300 Guelpb.
1065 4221 1153 4279 omis-

90 4303 193 4385 scriptis
208 4307 289 4367 Puris.
303 4329 391 4386 quum
410 4306 439 4366 in
458 4307 582 4385 Guelpb.
623 4327 665 4376 aa,
680 4305 826 4366 socesslte
841 4307 928 4365 Paris.
948 4317 979 4364 et
995 4320 1031 4363 er
1052 4300 1154 4362 Isidori

91 4399 150 4445 esset
160 4408 175 4444 a
186 4397 264 4447 cauto.
287 4391 406 4448 HEUS.
623 4390 704 4468 θήρ.
719 4387 738 4445 1.
748 4389 772 4445 1.
787 4407 812 4445 c.
827 4388 872 4446 1⁶.
898 4385 1017 4446 llllllS.

124 4469 186 4525 ⁸ael
203 4489 246 4543 prr
268 4473 467 4547 equalitatem]
494 4469 583 4528 Parti-
