3082 5140
136 459 216 512 cnr.
228 457 338 510 11-1v.
367 434 432 508 De
446 431 1026 532 Poetica-erytlrmo-Metro.
1091 459 1101 474 ·
1141 441 1232 522 Ι423

460 616 552 689 Car.
568 615 618 689 11.
649 615 713 689 Da
730 616 909 689 Posrroa.

201 750 347 824 Poetica
382 761 437 820 est
471 748 567 820 fictae
599 772 735 821 veroeve
781 745 991 820 narrationis
1026 745 1236 844 congruenti

135 865 311 964 rhythmo
337 877 401 937 Pac
427 861 519 964 pede
548 863 748 962 composita
779 860 927 934 metrica
954 871 1166 950 astructum,
1192 858 1237 932 ad

136 982 331 1056 utilitatem
349 980 645 1078 voluptatemque
663 975 946 1050 accommodata.
998 975 1161 1049 sinistat
1177 1001 1238 1049 au-

136 1115 211 1172 tem
250 1095 390 1196 poetice
424 1121 444 1167 a
478 1105 647 1192 poemate
672 1105 709 1166 e't
738 1090 850 1192 poesi,
877 1090 974 1189 quod
1005 1091 1149 1164 Poetice
1182 1116 1237 1162 ars

137 1213 216 1312 ipsa
235 1211 465 1308 intellegitur,
484 1210 618 1282 Poema
636 1221 754 1282 autem
781 1233 862 1305 pars
885 1207 1013 1308 operis,
1031 1220 1073 1280 ut
1088 1207 1239 1305 Tragoe-

138 1325 209 1411 dia,
226 1323 347 1398 Poesis
372 1337 582 1397 ‘contextus
607 1335 645 1395 et
670 1347 799 1422 corpus
826 1321 935 1395 totius
964 1323 1082 1422 operis
1109 1323 1238 1414 effecti,

138 1455 180 1514 ut
198 1441 295 1529 Ilias,
312 1439 487 1540 Odyssea,
503 1438 643 1512 AEneis.

439 1647 532 1728 Car.
551 1653 624 1727 111.
650 1652 714 1726 Du
733 1651 946 1726 Rnrrnuo.

191 1785 404 1886 llhytbmus
421 1799 476 1859 est
499 1783 636 1885 pedum
664 1796 942 1884 temporumque
961 1783 1132 1880 junctura
1153 1810 1237 1857 cum

140 1901 305 1975 'lenitate
330 1901 423 1975 ‘sine
450 1899 572 1974 modo.
622 1899 697 1974 Alii
724 1900 795 1972 sic:
826 1899 1020 1998 rhythmus
1047 1914 1102 1972 est
1118 1901 1264 1972 versus

140 2017 262 2116 imago
289 2017 484 2108 modulata,
501 2042 642 2090 servans
666 2040 860 2088 numerum
885 2015 1118 2113 syllabarum,
1143 2015 1240 2116 posi-

26 2141 41 2166 ‘
141 2131 274 2205 tionem
295 2159 389 2233 saepe
407 2132 720 2230 sublationemque
738 2130 958 2204 'continens

475 2343 565 2420 Car.
578 2345 645 2418 lv.
671 2343 735 2453 Da
754 2343 912 2416 Maruo.

193 2475 355 2549 Metrum
386 2487 471 2549 'est
499 2475 634 2576 pedum
664 2477 848 2575 junctura,
874 2501 1028 2548 numero
1063 2475 1241 2576 modoque

144 2593 256 2665 finita.
307 2591 376 2666 Vel
403 2591 475 2666 sic:
508 2593 671 2666 Metrum
698 2605 753 2666 est
780 2590 998 2690 compositio
1021 2589 1169 2688 pedum,
1187 2617 1242 2663 or·

17 2787 18 2790 ,
142 2709 226 2781 dine
255 2721 389 2781 statuto
415 2709 619 2800 decurrens,
646 2708 819 2783 xmodum
855 2706 1042 2808 positionis
1073 2705 1243 2780 sublatio·

144 2824 270 2921 nisque
297 2850 523 2898 conservans.
573 2825 736 2900 rClarius
763 2825 835 2898 sic:
872 2824 1034 2898 Metrum
1065 2823 1241 2920 estquod

143 2938 248 3010 certis
262 2939 396 3037 pedum
411 2941 672 3038 quantitatibus
690 2941 997 3038 qualitatibusque
1009 2951 1049 3013 'a
1061 2937 1242 3038 rhythmis
1367 2954 1369 2960 '

144 3053 420 3128 discriminatur.
457 3055 582 3128 Distat
607 3057 703 3130 enim
733 3069 887 3130 metrum
907 3083 927 3129 a
944 3056 1132 3155 rhythmo,
1145 3053 1271 3152 quoda

145 3183 301 3241 metrum
320 3185 415 3244 certa
440 3171 612 3270 qualitate
638 3198 680 3246 ac
708 3198 859 3245 numero
885 3171 1102 3270 syllabarum
1130 3179 1243 3241 ‘tem-

145 3311 346 3384 porumque
383 3287 519 3378 finitur,
557 3289 734 3386 certisque
773 3285 926 3387 pedibus
974 3283 1162 3360 '’consistit
1202 3311 1243 3357 ac

144 3399 343 3486 clauditur;
387 3402 600 3504 Rhythmus
632 3418 752 3478 autem
788 3416 993 3502 temporum
1024 3400 1240 3499 syllabarum

185 3717 201 3762 1¹
218 3706 259 3766 rel
275 3707 358 3785 pede]
374 3727 408 3766 oc
418 3710 488 3784 pede
502 3710 606 3767 Aac.
800 3719 816 3764 <l
830 3711 985 3786 structura]
1002 3717 1041 3766 est
1054 3717 1194 3768 structura
1208 3709 1243 3767 B.

144 3797 178 3842 uu
194 3788 290 3846 Distat
303 3799 398 3847 autem
414 3788 527 3866 poetice
540 3809 558 3846 a
570 3797 703 3868 poemate
717 3802 747 3848 et
760 3789 852 3868 poesi,
862 3809 896 3848 eo
907 3791 984 3868 quod
999 3791 1110 3868 poetice
1124 3807 1169 3846 ars
1182 3790 1244 3866 ipsa

144 3867 326 3947 intelligitur]
346 3872 444 3928 Distat
461 3878 554 3927 nutem
570 3874 683 3945 poetice
700 3879 812 3946 pomata
832 3879 859 3928 et
878 3873 953 3946 poesi
975 3872 1048 3945 quod
1063 3871 1177 3944 poetico
1198 3887 1244 3925 ars

145 3951 205 4023 ipso
218 3967 264 4006 ars
276 3951 446 4024 intellegitur
459 3953 494 4009 A.
515 3953 615 4009 Distat
629 3959 721 4009 autea
738 3955 848 4028 poetico
868 3970 915 4008 ors
933 3955 992 4026 ipra
1012 3951 1183 4022 intellegitur
1205 3949 1242 4007 B.

143 4031 218 4104 poesi
231 4032 518 4105 qaod-intelligatur
532 4032 565 4088 C.
709 4043 721 4076 f
735 4032 898 4105 contextus]
913 4033 1033 4088 hilerim
1047 4030 1119 4086 AC.
1134 4036 1244 4085 contex-

147 4112 183 4166 tis
195 4109 231 4167 B.
327 4110 484 4186 ⁸lenitate]
503 4113 613 4171 lenitate
626 4113 699 4171 A.B.
715 4111 790 4171 Van.
891 4110 978 4167 tsine
993 4109 1089 4167 niodo.
1132 4107 1188 4166 Alii
1201 4109 1243 4168 sio

145 4190 293 4267 rhythmus
306 4191 363 4265 eat]
379 4193 496 4250 simodo
509 4193 549 4248 oli
561 4195 600 4249 sic
612 4193 702 4248 ritino
716 4201 756 4250 est
769 4194 802 4250 A.
817 4194 873 4248 rive
887 4209 922 4247 m.
936 4190 1012 4247 Veo.
1118 4197 1135 4230 V
1149 4187 1245 4246 conti-¹

145 4271 230 4344 neus]
247 4279 390 4329 conterens
403 4273 437 4330 A.
453 4279 642 4347 contempnens
655 4271 691 4328 B.
814 4281 837 4313 v
851 4269 968 4347 pedum]
986 4277 1027 4326 art
1037 4271 1138 4345 pedum
1153 4277 1193 4327 ert
1207 4270 1242 4330 B.

145 4359 162 4392 ¹
177 4350 278 4410 modos
293 4351 462 4430 positiones]
477 4355 586 4410 modum
597 4353 740 4428 positionis
750 4352 819 4409 A.B.
848 4349 922 4409 Dedi
939 4369 1004 4409 mox
1017 4352 1178 4409 collationis
1191 4371 1243 4430 pro

145 4431 311 4490 sublationem
323 4452 389 4492 cum
405 4432 543 4492 Sentenio
554 4433 589 4490 ad
599 4433 714 4491 Terent.
726 4431 819 4490 Maur.
836 4451 862 4510 p.
874 4448 921 4506 50.
1023 4431 1168 4506 talarius]
1184 4433 1242 4488 clo-

146 4529 194 4566 rus
207 4513 280 4571 A.B.
383 4523 398 4556 ¹
412 4533 429 4572 a
443 4513 595 4593 rhythmis]
612 4515 729 4570 rithmus
744 4515 816 4571 A.B.
831 4514 937 4571 ritimis
950 4513 984 4572 C.
1081 4523 1164 4594 ⁸que
1178 4513 1243 4570 fini·

147 4591 206 4665 tur]
223 4594 373 4669 quaefinita
389 4594 423 4652 B.
505 4591 522 4637 b
536 4593 685 4668 consistet]
702 4597 829 4652 consistat
844 4594 877 4653 B.
