3100 5142
303 413 372 492 ors
718 393 837 468 Morti
855 391 975 468 Ptotit

451 585 465 655 i
483 581 594 662 l‘lilroc
609 579 826 675 μεσομφᾶλιος
841 577 903 661 leis
918 577 986 676 παρ’
1005 574 1162 675 ἐσχάραις.

454 697 532 762 Port
543 695 702 782 insepulta
716 696 853 760 membro
866 694 1016 782 differant
1030 693 1099 779 lupi
1114 691 1198 754 mali.

308 811 381 886 Hic
407 807 501 882 enim
530 832 623 880 unus
648 831 711 904 pes
738 804 935 904 disyllabus
959 802 1070 892 deest,
1094 818 1135 876 ut
1161 801 1207 874 sit
1230 813 1411 874 tetrame-

307 943 402 1002 trum
421 923 569 1025 plenum
587 922 833 996 acatalectum.
856 919 1256 1018 Meloopordicitur,quod
1276 919 1408 994 minus

309 1043 365 1132 sit,
383 1041 493 1140 (quod
519 1039 633 1116 Graeci
658 1049 741 1133 peior
763 1037 915 1132 dicunt‚)
949 1035 1049 1126 coda,
1064 1035 1100 1108 id
1127 1049 1181 1110 est
1205 1036 1408 1110 novissima

309 1171 438 1259 'parte
453 1182 561 1256 quam
581 1155 696 1230 Graeci
714 1155 797 1253 ripis
814 1168 952 1228 vocant.
989 1153 1050 1226 Sic
1066 1167 1104 1226 et
1119 1151 1280 1227 colurum
1300 1153 1407 1252 quod

311 1277 356 1350 sit
386 1275 584 1364 κολοβοειδές,
615 1287 756 1347 curtum
787 1274 816 1346 ἓν
843 1280 884 1372 τῇ
913 1271 993 1370 cipp,
1019 1269 1056 1344 id
1083 1287 1138 1345 est
1165 1271 1202 1344 in
1230 1271 1332 1360 coda,
1364 1272 1404 1344 ln

312 1395 396 1468 fine.

269 1633 299 1680 24
519 1587 583 1662 De
600 1597 810 1662 tetrametro
826 1586 1036 1662 catalectico
1052 1588 1195 1662 comico.

366 1737 546 1812 Comicum
572 1745 823 1812 tetrametram
847 1737 1097 1813 catalecticum
1117 1741 1160 1812 fit
1185 1739 1255 1813 hoc
1279 1737 1397 1824 modo,

313 1879 396 1928 cum
424 1851 637 1927 novissimus
663 1879 725 1952 pes
752 1867 822 1927 tres
849 1853 977 1928 babeat
1001 1855 1309 1956 syllabas,debens
1333 1857 1402 1930 ha-

314 1973 396 2044 bere
412 1981 591 2068 quattuor,

412 2087 537 2167 Δίκαιος
553 2083 636 2158 ioris
652 2089 666 2158 i
683 2084 797 2178 plicas,
813 2083 863 2159 rio
877 2087 937 2186 γὰρ
953 2095 1110 2178 φθονοῦντα
1125 2087 1232 2164 δάκνει.

413 2203 573 2268 Iadormit
586 2205 706 2268 marotia
719 2204 858 2267 monium
871 2203 1024 2268 metatus
1038 2204 1198 2292 malignis.

316 2315 392 2390 Hic
417 2315 512 2390 euim
539 2341 609 2388 una
629 2315 765 2414 syllaba
780 2313 880 2389 deest
902 2328 943 2390 ut
965 2316 1011 2390 sit
1032 2317 1209 2418 integrum
1233 2329 1404 2390 tetrame-

315 2447 409 2508 trum
428 2431 691 2518 'acatalectum
708 2431 753 2505 de
769 2457 841 2530 quo
858 2431 1011 2506 breviter
1025 2431 1227 2507 doceamus.

272 2693 300 2744 25
518 2649 582 2724 De
598 2655 809 2722 tetrametro
826 2647 1026 2722 acatalecto
1041 2649 1199 2724 iambico.

372 2781 639 2856 Tetrumctrum
680 2778 839 2852 altarium
881 2779 1208 2879 hypercatalectum
1252 2781 1294 2859 fit
1333 2779 1406 2854 boc

316 2897 435 2986 modo,
452 2924 534 2972 cum
555 2897 590 2970 in
608 2895 695 2971 locis
712 2895 857 2993 quidem
883 2895 1026 2995 paribus
1046 2895 1154 2996 pedes
1179 2895 1323 2970 iambici
1341 2896 1407 2968 tn'-

317 3013 445 3112 syllabi
471 3025 655 3114 ponuntur
682 3010 892 3112 incipientes
917 3038 937 3084 a
961 3013 1071 3102 brevi,
1096 3013 1165 3086 boc
1192 3028 1246 3086 est
1275 3011 1404 3092 tribra-

316 3130 405 3228 cbys
435 3143 472 3204 et
502 3139 712 3230 anapestus,
741 3127 843 3202 etin
879 3129 1072 3202 novissimo
1101 3129 1352 3204 'antibacchus
1383 3157 1406 3202 a

318 3245 413 3318 brevi
430 3245 516 3342 (vel)
530 3245 807 3345 amphibrachys
820 3259 965 3346 propter
978 3246 1207 3322 novissimam
1226 3247 1404 3347 syllabam

317 3359 589 3434 indifferentem.
635 3361 680 3434 ln
707 3361 793 3435 locis
810 3387 893 3435 vero
915 3361 1111 3462 imparibus
1128 3361 1292 3463 disyllabi
1311 3361 1404 3436 iarn-

318 3475 400 3565 bici,
420 3489 481 3548 aut
494 3477 656 3550 'iambus
674 3491 735 3550 aut
752 3477 944 3576 spondeus,
960 3491 1002 3550 ut
1019 3491 1085 3568 est,

360 3607 483 3672 Multos
497 3607 622 3670 Heleno
636 3609 721 3672 uiroc
732 3609 862 3695 v'lepido
875 3633 932 3674 ouo
946 3609 1069 3699 subigit
1081 3631 1186 3676 amore
1196 3611 1339 3698 pulchro.

359 3841 476 3921 rpane]
492 3861 558 3918 part
571 3842 603 3900 L.
716 3845 938 3922 'ammlectumJ
954 3847 1002 3906 Sic
1016 3847 1049 3905 L.
1071 3848 1233 3904 catalectum
1246 3845 1405 3906 Putacbius.
1536 3869 1537 3889 ¹

317 3925 329 3966 ²
342 3923 538 3998 antibacchus]
556 3921 601 3982 Sic
615 3922 649 3980 L.
672 3933 720 3982 out
735 3927 868 3984 Bacchius
882 3929 1037 3988 Putscbius.
1125 3938 1140 3969 ¹
1152 3926 1262 3986 iambus
1276 3939 1306 3986 et
1318 3947 1406 4006 spon·

318 4003 400 4079 deus]
416 4005 499 4062 iambi
512 4011 561 4062 out
574 4005 706 4080 spondeus
718 4007 752 4064 L.
842 4019 864 4048 ⁸¹
878 4010 981 4084 lepido]
999 4012 1090 4084 tepido
1103 4009 1138 4068 L.

360 4237 406 4294 23.
444 4219 628 4294 μισομφάὶαος]
669 4221 841 4297 μισόμφαλος.
882 4241 974 4290 corus,
988 4225 1095 4284 caudex
1109 4223 1208 4284 codex.
1239 4223 1407 4282 TERHAE-

317 4301 392 4358 Nam
407 4311 506 4378 quarta
519 4299 585 4358 sede
605 4299 751 4378 requiritur
769 4303 840 4360 iam·
882 4303 986 4362 RlUS.

317 4383 378 4451 bus,
390 4391 421 4438 ut
435 4379 507 4438 inira
520 4378 621 4438 dicitur
635 4379 664 4438 iu
679 4393 841 4442 tetrametro
925 4403 971 4460 ²⁵·
987 4385 1103 4444 Desunt
1116 4387 1145 4444 h.
1159 4386 1178 4444 l.
1192 4405 1255 4462 qum
1266 4385 1302 4442 de
1319 4397 1405 4444 tetra-

316 4461 448 4522 iambico.
466 4459 721 4522 TERHAERIUS.
883 4479 973 4524 metro
993 4465 1148 4526 acatalecto
1167 4467 1316 4544 scripserat
1337 4485 1404 4526 auc-

356 4545 395 4602 ib.
409 4542 493 4616 coda]
507 4541 728 4610 seducendam
741 4563 842 4601 caurus
883 4557 937 4601 tor.
