3124 5120
296 408 365 470 tta
666 391 789 468 Marii
807 391 988 468 Victorini
1237 418 1312 470 am.
1330 417 1392 470 111.

293 579 403 670 Item,

397 691 509 767 Cordi
524 690 656 766 laurea
670 693 870 792 virginitas
886 693 976 766 milti
992 691 1194 788 cumforet.

265 807 376 882 sNisi
399 807 428 880 si
450 807 678 882 catalecticus
696 833 818 880 versus
836 807 1032 898 emerserit,
1049 808 1186 881 scilicet
1202 804 1265 880 ‘¹ut
1280 806 1389 906 disyl-

292 922 376 996 labo
400 921 531 995 ultimo
556 948 664 1020 quam
689 921 835 1020 dactylo
861 923 1085 995 terminetur.
1137 921 1223 995 Hoc
1246 948 1390 1019 quoque

292 1052 486 1137 cognatum
501 1037 646 1112 AEolico
662 1037 781 1136 generi
806 1049 960 1110 metrum
981 1063 1058 1109 esse
1080 1037 1117 1108 in
1138 1035 1289 1109 dubium
1317 1063 1389 1108 non

293 1154 404 1244 venit,
421 1151 517 1249 quod
545 1151 664 1250 primo
681 1150 840 1251 spondeo
857 1165 894 1224 et
916 1149 1067 1250 dactylis
1084 1163 1254 1248 quattuor
1276 1151 1391 1224 subsi-

293 1269 368 1359 stit,
385 1268 452 1340 uiei
471 1266 567 1364 quod
586 1266 673 1340 huic
691 1265 873 1340 interdum
890 1265 1040 1339 ultimus
1058 1265 1210 1339 creticus
1227 1281 1293 1356 est,
1308 1279 1361 1356 ut,

392 1381 524 1456 ‘Aura
538 1383 594 1456 vis
608 1383 707 1457 venit
724 1381 881 1479 Alpibus
898 1381 1003 1454 aeria
1018 1381 1112 1454 nive.

293 1498 364 1572 Cui
382 1497 427 1572 ad
445 1497 671 1597 implendum
690 1498 942 1571 hexametrum
962 1496 1141 1596 spondeus
1158 1494 1268 1569 sunus
1281 1494 1391 1568 deest.

264 1613 395 1690 6Huic
411 1641 555 1712 quoque
577 1615 605 1686 si
629 1627 792 1688 octavam
811 1612 986 1712 syllabam
1012 1638 1033 1684 a
1055 1609 1251 1711 primordio
1272 1635 1393 1683 versus

293 1729 443 1814 auferas,
460 1731 524 1801 fiet
540 1729 679 1828 elegion
705 1727 823 1825 &quod
850 1729 1054 1824 laeoeeype'nn
1071 1727 1210 1824 elegion
1238 1726 1395 1826 appella-

292 1855 362 1930 tur,
380 1843 481 1940 quasi
500 1845 606 1917 unius
624 1843 812 1940 interjectu
831 1845 977 1942 syllabae
993 1841 1217 1928 distinctum,
1235 1855 1287 1927 ut,

391 1956 508 2030 Alma
520 1983 660 2054 parens
672 1960 845 2058 genetnle
863 1959 983 2033 divum
1000 1955 1136 2031 hdecus
1158 1957 1308 2031 Oceano.

265 2071 364 2146 rCui
382 2073 411 2144 si
430 2073 606 2171 syllabam
628 2074 785 2170 adjicias,
801 2075 866 2147 fiet
883 2075 1025 2162 herous,
1042 2075 1103 2163 ita,
1119 2087 1172 2164 ut,

393 2188 506 2262 Alma
518 2215 657 2286 parens
670 2191 844 2290 genetric
861 2190 981 2264 divam
998 2191 1106 2264 decas
1125 2188 1269 2262 Oceano
1288 2188 1362 2261 lua.

293 2303 332 2376 Si
358 2317 478 2377 autem
506 2303 688 2380 ¹octavam
716 2337 736 2380 a
761 2305 957 2379 medietate
983 2305 1132 2391 auferas,
1150 2305 1218 2378 erit
1237 2305 1389 2404 elegion,

291 2431 343 2506 ut,

390 2533 508 2608 Alma
520 2561 658 2633 parens
670 2539 854 2636 genetric,
871 2547 913 2610 tn
930 2538 1037 2611 decus
1057 2537 1214 2612 Oceano.

262 2649 459 2723 aTraditur
475 2651 583 2724 etiam
603 2651 737 2748 elegius
755 2651 814 2725 ¹‘et
835 2679 964 2726 scazon
982 2653 1074 2741 talis,
1092 2666 1133 2726 ut
1150 2651 1307 2751 primum
1327 2676 1388 2722 co-

290 2765 380 2854 lum,
397 2765 434 2838 id
451 2779 506 2838 est
520 2767 837 2866 penthemimeres,
855 2768 1033 2866 integrum
1056 2768 1204 2840 habeat:
1230 2763 1387 2838 secundo

289 2905 375 2954 vero
391 2895 515 2954 contra
533 2883 650 2982 legem
678 2910 780 2957 auam
804 2910 876 2957 non
896 2910 967 2956 una
992 2883 1054 2956 sed
1075 2882 1215 2956 duabus
1241 2880 1387 2980 syllabis

289 2996 518 3085 terminante,
534 3010 587 3086 ut,

538 3111 611 3184 Nil
625 3112 714 3185 miti
727 3112 918 3200 rescribas,

289 3225 448 3324 primum
467 3227 594 3299 colon:
621 3227 831 3314 secundum,

489 3339 681 3416 ¹Attamen
697 3344 775 3440 ipae
789 3345 882 3418 veni.

290 3479 432 3544 scazon,

539 3570 716 3644 Attamen
731 3583 774 3645 nt
790 3574 986 3647 mvenialia.

290 3683 448 3758 Affectat
464 3682 560 3756 enim
580 3684 778 3759 secundum
797 3689 843 3760 ab
861 3689 991 3762 ultimo
1008 3688 1102 3788 pede
1114 3689 1313 3764 trochaeum
1332 3692 1387 3763 in-

289 3799 430 3874 ducere.

330 3977 346 4024 ‘¹
368 3983 414 4057 ut]
431 3993 461 4040 et
475 3993 506 4040 ut
526 3980 558 4039 P.
667 3981 829 4060 etrininatis]
853 3983 1000 4063 adplenius
1021 3984 1052 4043 P.
1164 3984 1176 4030 ¹
1198 4007 1269 4048 tinus
1291 3991 1385 4065 deest]

290 4059 361 4119 idest
376 4063 408 4119 P.
510 4063 615 4138 equod
630 4065 809 4138 lacernatae]
825 4064 872 4142 qui
888 4065 1036 4146 diestigme
1050 4085 1108 4123 non
1122 4070 1154 4128 Ρ.
1256 4068 1384 4148 lldecus]

289 4142 417 4220 genetrix
431 4141 461 4198 P.
563 4139 733 4218 laetarum]
749 4158 877 4203 octavam
892 4147 923 4204 P.
1029 4143 1177 4224 ¹¹sctazou]
1193 4161 1338 4210 etacaaon
1353 4154 1386 4212 P.

290 4221 297 4256 ¹
308 4221 458 4296 Attamen]
470 4219 589 4288 Attinet,
600 4235 629 4280 et
637 4225 678 4282 sic
692 4243 758 4282 mox
772 4225 803 4283 Ρ.
818 4226 903 4294 Tum,
915 4229 977 4304 ipsa
987 4230 1018 4286 P.
1070 4241 1095 4274 Ν
1106 4229 1237 4306 veniatis]
1250 4233 1344 4290 venias
1355 4233 1386 4290 P.

330 4409 359 4464 4.
375 4394 450 4484 cprdi
462 4393 571 4467 taurea]
586 4395 631 4452 Ex
644 4394 818 4455 Terentiano
859 4399 1036 4474 translatum,
1050 4407 1224 4483 eordiflorea
1237 4409 1307 4481 virg.
1321 4406 1386 4464 CA·

290 4471 474 4550 Sapphrcunt,
489 4485 522 4532 ut
538 4472 647 4533 videtur
667 4475 702 4534 de
716 4477 816 4536 Graeco
857 4479 956 4539 Mau.
