3012 5084
300 385 348 448 44
686 367 808 440 Morii
828 367 1015 442 Victorini
1279 387 1360 438 mn.
1386 385 1422 434 1.

300 581 366 655 pro
399 553 540 629 duabus
568 551 849 638 consonantibus
884 549 1102 650 accipienda,
1126 573 1337 646 quanquam
1371 561 1422 620 et

300 669 500 768 ¹geminata
518 668 532 740 i
549 668 703 742 scribere
720 681 744 712 ¹²¹
752 667 960 763 jubeamur,
977 681 1029 754 ut,

403 782 718 885 Proijecitfluoio,
732 784 949 881 penitusque
966 783 1005 854 in
1021 777 1276 880 nubilofngit.

260 901 375 974 11Alii
394 901 429 972 oi
446 899 722 999 ”diphthongon
742 898 868 970 volunt
884 925 972 987 esse,
990 912 1030 970 ut
1051 897 1096 969 sit
1123 923 1186 996 pes
1203 895 1418 994 ⁰dactylus‚

304 1017 421 1116 prima
440 1015 575 1114 syllaba
593 1028 719 1086 natura
747 1014 854 1110 longa
871 1013 984 1085 PTroi
1002 1011 1237 1108 sequentibus
1263 1010 1416 1084 duabus

305 1132 472 1206 brevibus
499 1143 545 1202 lo
571 1147 606 1202 et
632 1155 712 1227 qne.
766 1128 850 1200 Hoc
875 1154 900 1200 o
923 1127 1060 1202 rlittera
1086 1128 1202 1202 lacere
1229 1126 1415 1224 nequivit,

305 1248 431 1322 eodem
461 1247 644 1343 ⁸quotiens
672 1246 778 1318 fuerit
804 1247 894 1318 loco.
936 1243 1035 1318 Nam
1062 1244 1111 1318 ita
1136 1255 1322 1343 ponuntur
1349 1241 1415 1314 hae

305 1365 387 1438 duae
414 1364 541 1436 litteroe
567 1363 604 1437 in
626 1362 785 1462 syllabis,
808 1376 848 1434 ut
873 1361 1039 1458 exigente
1064 1360 1202 1432 ratione
1223 1357 1412 1432 interdum

307 1479 379 1552 sint
396 1479 535 1552 vocales
562 1506 627 1576 pro
649 1493 775 1576 suapte
802 1492 941 1566 natura,
957 1475 1137 1550 interdum
1157 1489 1415 1560 consonanteS,

307 1593 392 1691 quia
412 1607 448 1666 et
465 1593 644 1692 ”prolatae
661 1609 698 1666 et
724 1594 895 1690 subjectae
919 1592 998 1665 aliis
1015 1592 1198 1664 vocalibus
1216 1595 1347 1664 coeunt
1371 1605 1418 1662 et

308 1709 482 1807 s'yllabam
502 1708 666 1797 reddunt,
694 1710 804 1806 ‘quod
832 1711 978 1806 reliquae
1003 1707 1120 1780 facere
1145 1733 1217 1780 non
1245 1720 1418 1804 possunt,

266 1863 293 1896 η
310 1837 348 1898 ut
371 1823 507 1896 eaedem
534 1836 570 1896 et
591 1839 829 1898 consonantes
855 1825 927 1896 sint
943 1837 979 1896 et
994 1824 1145 1898 vocales.
1195 1821 1293 1894 Nam
1321 1847 1414 1894 cum

309 1953 344 2011 et
368 1938 462 2010 inter
486 1965 522 2011 se
548 1939 778 2036 geminantur
796 1954 832 2010 et
850 1965 935 2012 cum
953 1938 1030 2010 aliis
1049 1938 1266 2036 junguntur,
1291 1937 1415 2035 prima

309 2079 445 2142 earum,
465 2081 545 2151 quae
574 2055 608 2126 in
636 2055 773 2153 syllaba
799 2054 919 2142 fuerit,
938 2052 1095 2126 evidenti
1122 2054 1258 2126 ratione
1282 2078 1416 2126 conso-

310 2195 399 2240 nans
417 2168 495 2257 erit,
512 2169 647 2267 quippe
665 2195 747 2242 cum
771 2169 868 2242 vocis
894 2195 1002 2242 sonus
1030 2169 1064 2240 in
1090 2169 1250 2265 subjecta
1265 2181 1412 2242 tantum

311 2283 424 2356 vocali
452 2284 628 2368 audiatur,
646 2299 688 2356 ut
703 2283 885 2382 jornalem,
903 2283 1016 2373 Juno,
1033 2295 1130 2373 uoto,
1147 2283 1282 2372 vultus,
1298 2297 1334 2356 et
1353 2283 1414 2354 his

269 2429 297 2474 ιε
312 2396 454 2468 similia.
505 2401 656 2486 Octav0,
675 2398 703 2472 si
728 2414 890 2497 correpta
909 2401 1040 2474 vocalis
1066 2399 1198 2474 desinit
1221 2402 1256 2474 in
1283 2425 1412 2472 conso-

312 2525 472 2600 nantem,
491 2539 562 2610 qua
580 2539 660 2612 pars
679 2515 849 2588 orationis
871 2515 1026 2603 finiatur,
1044 2529 1081 2588 et
1097 2541 1248 2612 sequens
1274 2513 1414 2612 syllaba

312 2655 331 2700 a
348 2628 461 2700 vocali
482 2629 641 2728 incipiat,
660 2643 712 2718 ut,
730 2629 795 2704 lroc
812 2641 904 2720 erut,
921 2644 958 2704 et
975 2631 1033 2704 liic
1050 2631 1114 2704 uit.

271 2783 299 2827 η
360 2744 472 2818 Nunc
498 2745 542 2818 de
565 2747 821 2818 communibus
847 2747 1056 2847 plenissime
1081 2761 1288 2833 tractemus,
1314 2743 1413 2817 unde

313 2886 437 2932 sumus
467 2860 636 2959 digressi:
674 2881 827 2958 quarum
859 2863 898 2934 in
934 2863 1057 2936 metris
1092 2862 1223 2961 triplex
1258 2861 1347 2934 ratio
1371 2874 1413 2932 et

312 2987 442 3048 lcausa
470 2978 680 3075 repperitur,
704 2979 731 3050 si
757 2977 905 3075 quidem
940 3003 1012 3050 una
1041 2976 1241 3074 eademque
1264 2975 1412 3075 syllaba,

316 3115 411 3160 rrunc
448 3091 564 3190 longa,
594 3119 692 3166 nuno
729 3096 856 3180 brevis,
885 3095 1101 3190 wutriusque
1129 3091 1301 3191 temporis
1336 3090 1413 3186 lege

273 3203 518 3299 ¹⁵”fungatun
570 3206 845 3284 Sciscitantibus
871 3223 990 3282 autem
1016 3234 1080 3282 cur
1103 3221 1173 3280 tres
1195 3206 1293 3280 modi
1317 3231 1414 3278 cour-

318 3318 484 3390 munium
515 3320 734 3418 syllabarum
758 3324 840 3410 sint,
866 3325 1041 3411 dicemus,
1065 3325 1210 3422 longam
1239 3323 1412 3424 syllabam

274 3455 305 3506 1⁶
317 3453 378 3506 aut
396 3447 522 3506 natura
540 3435 614 3508 fieri
635 3451 697 3512 aut
716 3440 904 3536 positione.
933 3439 1026 3514 Hoec
1042 3441 1110 3514 sub
1126 3455 1278 3537 utraque
1297 3439 1412 3538 speeie

316 3574 548 3622 communem
575 3551 610 3624 in
639 3553 762 3626 metris
782 3555 957 3652 syllabam
984 3556 1097 3642 dabit,
1117 3555 1154 3628 id
1178 3571 1244 3642 est,
1268 3568 1329 3628 aut
1350 3580 1412 3626 na·

317 3677 407 3754 tura,
427 3689 508 3738 cum
528 3667 681 3740 ruttimo
698 3670 800 3768 pedis
816 3671 949 3771 dactyli
970 3673 1078 3772 longa
1094 3673 1287 3772 reperitur:
1314 3685 1361 3760 ut,

467 3781 600 3854 Ins-ulo
618 3783 719 3857 Ionio
736 3786 775 3858 in
793 3813 935 3885 magno.

359 4069 368 4113 ¹
381 4073 538 4149 geminata]
553 4072 689 4151 geminita
703 4077 733 4133 P.
817 4089 841 4119 ¹¹¹
851 4079 1015 4156 jubeamus]
1027 4075 1182 4152 jubeamur
1195 4083 1225 4140 P.
1306 4095 1321 4126 ¹¹
1336 4083 1411 4160 diph-

319 4152 441 4228 tongon]
458 4152 622 4232 dyptongon
638 4155 670 4211 P.
753 4167 767 4198 ⁰
782 4158 921 4235 dactylus]
938 4160 1059 4218 dactilus
1073 4163 1104 4218 P.
1187 4174 1203 4220 Ρ
1216 4165 1288 4238 Tro]
1304 4163 1366 4222 Troi
1381 4167 1410 4222 P.

320 4239 341 4321 (1Ι
350 4233 378 4286 ia
393 4235 484 4307 aeque]
503 4246 562 4289 aet
576 4253 631 4308 que
646 4235 677 4292 P.
760 4245 770 4272 ¹
784 4236 920 4314 litteram]
938 4239 1030 4299 littera
1047 4239 1077 4300 P.
1158 4254 1170 4286 ⁸
1184 4245 1332 4320 quotiens]
1348 4260 1412 4322 quot

321 4327 343 4366 u
360 4312 389 4366 Ρ.
494 4313 662 4403 ⁸¹prolatae]
679 4315 698 4372 f.
713 4318 845 4394 praelatoe.
952 4319 1054 4398 tquod
1070 4323 1199 4402 reliquae]
1216 4345 1279 4401 quse
1293 4325 1365 4401 reliq.
1380 4329 1409 4384 P.

320 4399 441 4447 'caussa
450 4395 599 4468 repantur]
612 4415 695 4453 caiisa
704 4399 858 4475 repperitur
867 4400 898 4458 P.
945 4411 968 4442 W
977 4418 1054 4460 nuno
1063 4403 1220 4482 utriusque]
1232 4407 1370 4482 utriusque
1380 4407 1409 4464 P.

320 4479 336 4511 ¹
350 4469 488 4548 fungitur]
506 4473 639 4552 fungatur
653 4477 683 4533 P.
766 4478 1050 4561 rultima-daetyli]
1069 4483 1307 4544 ultimo-dactili
1324 4487 1352 4544 P.
