2980 5142
85 406 257 483 cmlii.
493 407 560 481 De
576 407 818 484 incisionibus.
1129 401 1202 496 467

351 590 561 665 ΟΑΡ.ΧἯ.
589 588 670 664 hDe
690 615 961 666 mcrsrouusos.

147 707 167 780 1
172 706 248 780 ilud
266 735 412 806 quoque
429 708 615 780 observare
632 706 817 794 debemus,
835 721 876 781 ut
897 708 933 780 in
952 703 1096 779 heroico
1114 703 1200 776 hex-

88 835 240 896 ametro
265 821 486 912 ¹incisiones‚
512 849 600 921 quas
627 823 685 896 ulii
711 849 862 898 caesurns
888 821 1082 923 appeliant,
1110 845 1202 892 nou·

90 937 191 1010 nulii
217 938 392 1010 sectiones
419 938 620 1027 nominant,
637 939 756 1025 facias,
775 965 863 1037 quas
882 936 999 1010 Graeci
1026 935 1093 1008 rite
1120 959 1202 1008 cus·

90 1053 258 1128 todiunt.
301 1053 501 1126 incisiones
518 1079 639 1126 versus
658 1053 789 1127 heroici
809 1067 893 1127 sunt
910 1065 1090 1150 quattuor.
1130 1049 1202 1122 Hoe

91 1169 216 1242 finitis
241 1169 404 1269 portibus
421 1168 592 1240 orationis
617 1170 722 1257 fiunt,
738 1186 775 1242 et
800 1170 862 1242 tali
880 1168 1004 1241 ordine
1030 1165 1202 1264 colligen-

93 1299 172 1358 tur.
224 1285 345 1357 Primo
363 1297 417 1356 est
433 1287 662 1382 πενθημιμερῆς.
715 1284 882 1357 Secunda
906 1297 960 1356 est
984 1281 1089 1355 *rarii
1105 1280 1203 1378 τρίτον

1 1396 2 1399 ¹
94 1410 252 1498 τροχαῖον.
303 1399 426 1472 Tertia
450 1401 668 1496 ἑφθημιμερῆς.
720 1401 858 1482 Quarta
877 1395 1059 1496 rsrpaoeoiia
1075 1395 1203 1484 ιβουκο-

96 1518 174 1603 nini
198 1513 343 1599 dicitur,
358 1513 442 1612 quia
464 1513 679 1588 Theocritus
706 1530 830 1588 auctor
858 1513 1010 1587 bucolici
1034 1511 1202 1586 carminis
1237 1503 1240 1509 ¹

1 1706 2 1710 ,
98 1629 205 1704 mbae
222 1629 420 1730 plurimum
440 1655 525 1703 usus
543 1655 619 1703 esse
636 1629 804 1704 creditur.

152 1748 385 1844 Πενθημιμερῆς
402 1759 457 1818 est
473 1746 738 1845 semiquinaria,
752 1746 812 1818 ubi
831 1757 913 1845 post
930 1743 1021 1817 duos
1039 1742 1149 1842 pedes
1166 1755 1230 1815 eta

100 1887 214 1934 unam
239 1861 415 1960 syllabam
442 1887 523 1960 pars
540 1861 709 1934 orationis
735 1860 911 1960 expietur.
962 1857 1013 1932 Et
1039 1858 1119 1930 ideo
1136 1890 1203 1932 πεν-

101 1978 270 2074 θημιμερὴς
287 1989 445 2066 vocatur,
464 1977 572 2074 nquin
588 1976 748 2076 quinque
766 1975 875 2078 pedes
893 1973 1022 2048 dividit
1039 1974 1103 2059 sic,

318 2101 479 2186 incisse
493 2101 588 2165 viriet.

320 2204 365 2268 se
378 2203 509 2290 annas
522 2202 632 2266 oeus.

104 2321 250 2395 Horum
283 2321 432 2394 residuis
459 2291 621 2422 partibus
650 2319 802 2393 trimetri
834 2317 1040 2418 snapaettici
1073 2315 1204 2416 hyper-

1 2526 2 2529 *
104 2437 267 2510 catalecti
288 2439 381 2510 fiunt
397 2437 520 2526 ⁰tsles,

322 2561 474 2648 Suujarn
486 2561 645 2647 prontissis
659 2558 789 2645 reposci.

324 2661 418 2727 Ultro
431 2661 640 2749 implacabilis
653 2659 755 2724 ardet.

107 2779 221 2852 PHaec
247 2779 274 2852 si
304 2780 482 2881 acceperit
508 2806 618 2853 unam
646 2779 804 2865 brevem,
821 2773 951 2849 stactei
979 2775 1080 2848 finita
1105 2789 1205 2874 parte

107 2893 275 2967 orationis
293 2893 487 2968 secundnm
507 2919 693 2967 coesuram.

157 3009 323 3084 Secunda
348 3025 403 3084 est
424 3011 523 3083 ‘narii
539 3010 636 3108 τρίτον
649 3020 798 3106 τροχαῖον,
816 3007 852 3081 in
880 3035 952 3105 qua
976 3007 1079 3080 finita
1105 3023 1233 3108 partes

110 3125 288 3216 orationis,
305 3127 451 3200 tertium
471 3125 668 3198 trochaeum
688 3151 812 3225 ponas,
830 3151 850 3198 a
868 3149 941 3223 quo
959 3149 1092 3196 nomen
1111 3137 1207 3197 'tra-

110 3241 173 3330 xit‚
190 3253 231 3314 ut
247 3254 313 3328 est,

149 3463 297 3524 hCaesurae
313 3485 407 3524 versus
422 3466 542 3544 heroici]
560 3467 607 3524 De
622 3468 798 3525 incisionibus
813 3468 846 3524 A.
921 3463 929 3508 ¹
945 3465 1121 3539 mansiones]
1139 3471 1206 3525 inci-

112 3549 194 3603 siones
208 3547 280 3603 Ani.
316 3547 386 3604 Mox
400 3551 544 3605 nominant
558 3565 610 3625 pro
623 3557 722 3606 occant
736 3549 808 3607 AB.
915 3544 1016 3604 *nari
1030 3549 1120 3624 τρίτον]
1139 3549 1206 3606 iccio

114 3629 193 3683 triton
208 3627 334 3684 trocheon
348 3627 419 3683 Α.Β.
462 3629 553 3704 Supra
564 3629 784 3702 pentimimeris
798 3629 870 3686 Ven.
892 3641 922 3685 et
939 3627 1069 3686 similiter
1084 3627 1113 3686 in
1127 3649 1205 3707 seqq.

114 3705 180 3764 lseu
193 3709 329 3776 βουκολικῆ.
361 3707 532 3765 Theocritus
549 3721 648 3766 auctor
669 3707 801 3766 carminis
815 3708 881 3782 huc]
898 3709 1015 3766 bucolice
1028 3711 1129 3767 dicitnr
1142 3712 1206 3786 quic

119 3788 272 3845 Tieocritns
285 3795 382 3845 unctor
397 3788 511 3846 bucolici
520 3791 732 3858 conninisAAE,
741 3802 770 3847 et
784 3790 856 3847 Ven.
868 3808 925 3846 om.
941 3792 1014 3864 quic.
1116 3799 1139 3830 ¹¹²
1155 3789 1207 3846 hac

115 3867 262 3947 plurimum
278 3887 338 3926 esse
354 3869 433 3942 usus]
449 3887 483 3926 ac
492 3871 642 3944 plurimum
656 3889 720 3927 urus
733 3889 789 3927 esse
802 3871 874 3927 ΑΒ.
1048 3878 1065 3910 ¹¹
1079 3867 1145 3944 quic
1159 3888 1207 3945 pe-

116 3947 172 4021 des]
189 3951 254 4023 qnia
268 3952 386 4025 quinque
398 3951 480 4024 pedes
494 3951 566 4007 A.B.
615 3955 631 3972 '¹
697 3961 713 4016 9
727 3970 777 4008 sun
786 3951 861 4028 Jam]
879 3951 948 4006 tates
960 3969 1011 4006 sua
1018 3947 1082 4022 jam
1096 3952 1129 4006 Α.
1144 3950 1208 4006 tuiis

116 4049 160 4086 sua
167 4028 231 4101 jorn
244 4029 277 4086 B.
293 4031 385 4107 Suprn
396 4030 709 4106 hypercatalecticosuit
725 4031 796 4088 Ven.
879 4040 895 4085 Ρ
910 4029 981 4088 Hreo
994 4027 1062 4086 licet
1074 4027 1206 4105 accipiet]

117 4111 168 4168 iae
183 4111 207 4166 si
221 4113 354 4185 occeperit
369 4111 441 4168 AB.
457 4112 519 4167 iicet
534 4111 590 4169 iaec
603 4113 702 4186 occipit
716 4112 788 4168 Ven.
803 4112 827 4166 si
846 4111 947 4166 scilicet
969 4111 1087 4184 accipiat
1109 4109 1209 4168 Sente-

117 4189 175 4247 oius
188 4189 304 4248 Terent.
318 4191 413 4248 Maur.
430 4211 457 4267 μ,
470 4205 537 4266 257.
658 4191 840 4248 tsecundnm
863 4201 958 4246 tomen
976 4201 1055 4265 parte
1074 4187 1209 4248 orationis

118 4269 194 4327 saciet
213 4272 363 4344 coesursm]
377 4270 469 4346 societ
482 4272 596 4348 finitam
616 4279 724 4344 portem
744 4272 875 4326 orationis
888 4271 1033 4326 secontiam
1051 4271 1210 4340 (secundnm

118 4350 162 4423 B.)
177 4367 300 4410 ceturam
313 4352 386 4410 An.
399 4351 491 4427 societ
502 4353 617 4428 finitam
636 4359 727 4408 tomen
747 4358 855 4424 portem
878 4351 1010 4406 orationis
1030 4352 1087 4408 sine
1107 4371 1211 4408 caesnrc

120 4431 184 4488 Veo.
247 4439 343 4490 'sari
355 4433 448 4508 τρίτον]
465 4440 529 4490 coto
543 4435 629 4488 triton
644 4432 772 4488 trocheon
786 4430 859 4488 AB.
923 4440 934 4470 ⁸
951 4427 1054 4512 triennit
1067 4431 1107 4505 ei]
1126 4433 1211 4489 ironic

100 4580 104 4604 ,
120 4529 183 4585 ΑΒ.
196 4511 257 4586 n-oie
272 4531 371 4585 transit
387 4529 459 4586 Ven.
491 4528 567 4584 Mox.
577 4528 620 4584 iic
634 4527 668 4586 B.

610 4635 632 4695 3
653 4645 677 4695 0
697 4638 717 4696 2
