3124 5120
302 343 372 418 116
689 344 810 418 Morti
830 345 1013 420 Victorini
1260 367 1336 417 ars.
1355 367 1395 416 11.

273 529 416 628 ,posita
434 529 470 600 in
489 555 704 626 quacunque
728 529 812 603 sede
835 529 990 604 iambica
1007 531 1096 604 basi.
1147 529 1261 626 Cujus
1286 529 1396 602 etiam

300 645 530 718 conclusione
556 646 649 718 finiri
676 647 860 746 praecipue
876 646 1040 735 ”studet
1057 659 1098 718 ut
1117 659 1173 718 est
1198 645 1278 734 hoc,
1299 643 1397 742 quod

301 760 411 834 habet
444 759 532 832 duas
567 761 738 836 iambicas
772 763 906 861 priores
939 761 1220 859 conjugationes,
1249 760 1397 833 tertium

300 876 565 966 choriambum,
583 877 747 950 ultimam
767 877 960 950 iambicam
985 875 1194 962 clausulam,
1210 876 1311 948 velut
1328 875 1399 948 hoc

301 1005 548 1066 tetrametrum
568 993 831 1082 catalecticum,

400 1108 503 1204 Apes
520 1106 648 1204 legunt
665 1109 740 1180 mel
754 1133 798 1180 erc
813 1134 909 1194 roso,
927 1119 967 1181 tu
987 1105 1080 1179 lobio
1096 1107 1294 1181 minostrus.

274 1221 449 1320 sRccipit
465 1223 595 1296 netium
616 1223 837 1322 tribrachyn,
855 1251 898 1296 co
924 1223 1021 1320 quod
1045 1249 1090 1294 ex
1111 1223 1233 1296 iambo
1251 1223 1307 1294 vel
1324 1235 1399 1294 tro-

302 1337 407 1412 ohaeo
431 1340 555 1410 solutis
582 1340 759 1412 nascitur:
786 1366 864 1412 raro
882 1353 1001 1412 autem
1030 1339 1240 1424 molossum,
1261 1339 1323 1434 qui
1352 1365 1397 1410 ex

303 1454 382 1551 ipso
398 1453 573 1528 formatur
585 1455 725 1528 duabus
742 1454 871 1528 mediis
890 1455 1055 1528 brevibus
1069 1455 1107 1526 in
1126 1479 1233 1526 unam
1254 1453 1397 1552 longam

303 1569 519 1665 conjunctis,
534 1570 629 1643 haud
648 1571 733 1644 alias
751 1597 859 1668 quam
880 1597 988 1671 supra
1004 1571 1212 1669 tribrachyn
1231 1595 1294 1668 per
1311 1568 1402 1641 divi-

275 1685 440 1764 4si0nem
460 1685 576 1784 longae
594 1687 669 1758 fieri
688 1687 858 1759 diximus.
911 1687 997 1760 Hoc
1014 1712 1125 1784 genus
1149 1685 1398 1758 catalecticum

303 1802 355 1888 fit,
373 1799 428 1874 vel
447 1799 598 1872 bacchio
616 1829 635 1873 a
654 1802 751 1874 brevi
780 1801 985 1900 incipiente,
1002 1803 1057 1874 vel
1076 1827 1131 1889 eo,
1148 1800 1230 1897 ⁰qui
1257 1797 1400 1898 amphi-

304 1915 457 2014 brachys
473 1929 630 1989 vocatur.
682 1917 780 1990 Nam
799 1918 893 1990 sicut
908 1916 1190 2015 onustissimus,
1207 1913 1401 1986 novissima

304 2031 505 2104 indifferens
524 2045 588 2105 est.
641 2032 749 2114 Quod
768 2057 881 2131 genus
899 2032 927 2103 si
948 2032 1199 2106 hexametrum
1218 2030 1276 2115 sit,
1293 2029 1402 2102 sphi-

303 2146 428 2218 licium
456 2145 502 2219 de
528 2147 681 2220 auctoris
710 2147 1015 2246 tragoediographi
1043 2147 1190 2219 nomine
1216 2171 1402 2244 nuncupa-

304 2261 413 2349 bitur,
439 2275 562 2360 aptum
583 2263 751 2336 canendis
770 2261 936 2336 laudibus
954 2261 1093 2335 Cereris
1117 2275 1153 2333 et
1170 2261 1334 2334 Liberae:
1361 2273 1403 2332 ut

305 2391 358 2448 est

175 2480 178 2488 ’
306 2431 757 2580 Friogafiraesocrodeae‚quoe
765 2495 1018 2582 mlitis,mystico
1026 2493 1404 2580 mnroouJooipoomtt.

277 2611 497 2684 sScanditur
523 2625 643 2684 autem
670 2639 734 2710 per
758 2612 931 2712 dipodius,
948 2611 1050 2708 cujus
1068 2611 1278 2710 exemplum
1296 2610 1333 2683 in
1352 2623 1404 2682 te·

305 2741 477 2800 tramctro
493 2727 714 2816 catalectico,

359 2841 395 2914 0
412 2851 491 2914 cote
505 2867 632 2916 rerum
645 2854 757 2931 sator,
772 2869 793 2916 o
805 2844 1026 2942 principium
1044 2844 1200 2916 deorum.

307 2957 582 3030 Monumetrum
604 2972 724 3032 autem
752 2959 1037 3034 choriambicum
1062 2958 1404 3058 hypercatalectum,

307 3071 404 3168 quod
422 3071 531 3144 etiam
549 3072 728 3170 dactylico
746 3072 900 3148 dimetro
918 3075 1126 3149 catalectico
1143 3074 1334 3162 concurrit,
1352 3088 1406 3148 est

308 3187 390 3271 tale,

461 3285 496 3357 Ο
512 3287 593 3382 quis
609 3287 660 3361 od
671 3314 809 3362 omnem

459 3399 568 3498 Spem
586 3398 807 3500 aeytoereae.

278 3527 426 3626 olgitur
442 3543 483 3602 ut
506 3555 525 3601 a
542 3528 687 3629 fastigio
707 3533 812 3605 metri
830 3533 874 3606 ad
899 3535 1037 3607 minora
1062 3533 1252 3606 decursum
1276 3532 1407 3606 habea·

306 3669 399 3727 mus,
417 3644 485 3718 crit
501 3645 537 3716 in
557 3644 627 3718 hoc
645 3645 896 3720 hexametrum
915 3650 1161 3722 catalecticum
1185 3647 1281 3745 quod
1299 3648 1406 3722 rPhi·

307 3757 430 3832 licium
451 3761 651 3859 nuncupari
666 3760 838 3852 diximus,
849 3763 1018 3860 quodque
1032 3775 1174 3836 constat
1187 3789 1231 3837 ex
1247 3764 1407 3860 quinque

308 3873 525 3948 choriambis
543 3889 579 3947 et
598 3876 750 3950 bacchio
768 3877 909 3966 ultimo,
926 3878 986 3964 ita,

309 4017 399 4089 Lydio
409 4017 576 4092 disperdere
586 4037 635 4075 cur
643 4019 825 4093 huncouptor,
838 4022 903 4093 quid
910 4023 1016 4088 retices,
1030 4023 1096 4097 quid
1104 4023 1223 4088 dubitus,
1235 4023 1301 4096 quid
1312 4021 1405 4078 heres.

349 4223 373 4254 Ν
387 4213 525 4290 studium]
542 4215 638 4273 studet
651 4217 681 4274 P.
802 4221 941 4294 lruutem]
959 4219 1044 4277 etiam
1060 4221 1090 4278 P.
1203 4231 1219 4263 ⁰
1231 4219 1279 4299 qui
1295 4218 1407 4296 amphi-

310 4293 442 4368 brachus]
459 4294 535 4371 quod
550 4295 774 4374 ampltybrachys
789 4297 821 4356 P.
891 4297 1135 4377 PPhrynicbium]
1151 4299 1267 4360 tiliolum
1282 4301 1313 4358 P.
1335 4301 1408 4358 Mox

309 4374 414 4432 Libere
427 4373 534 4436 editum
549 4394 601 4452 pro
615 4377 716 4434 Liberi.
798 4379 971 4453 scithareoe]
987 4380 1124 4458 cythereae
1138 4381 1169 4439 P.
1261 4391 1274 4424 ¹
1289 4379 1408 4458 Pbryni·

308 4453 418 4530 chium]
437 4453 582 4532 philicium
599 4455 630 4515 P.
