3100 5142
166 311 251 362 car.
270 303 326 362 11.
507 291 571 364 De
586 301 713 366 metm
730 295 942 390 compositis.
1198 307 1272 390 299

480 539 546 615 De
563 541 784 618 Archebulio
799 543 963 644 laemiepi.
1079 617 1085 636 ,
1284 585 1300 633 (,

218 710 484 786 Archebaliam
511 711 690 808 lterniepes
718 727 860 788 constat
885 714 1026 789 duobus
1055 715 1209 816 dactylis
1235 727 1273 789 et

170 826 347 928 spondeo,
473 925 635 993 Enoeriat
648 929 761 992 Danai
775 953 853 1018 quta.

473 1029 603 1094 Emicat
620 1033 742 1096 Oceano
754 1033 823 1096 luc.

174 1165 278 1240 Huic
290 1163 412 1240 addita
425 1179 515 1240 'una
526 1167 665 1267 syllaba
677 1167 785 1242 faciet
796 1167 1042 1244 hemidexium
1055 1169 1272 1258 trimetrum,

174 1279 308 1379 dequo
325 1307 431 1378 supra
449 1282 610 1361 tractavi.
661 1282 837 1357 Manente
854 1309 938 1356 vero
956 1285 992 1357 in
1010 1284 1183 1382 qualitate
1200 1310 1276 1373 sua,

176 1396 235 1469 sed
254 1397 391 1486 ¹’vers0‚
403 1397 470 1471 erit
484 1398 706 1497 Glyconium
721 1400 924 1472 trimetrum
940 1425 984 1472 ex
1004 1399 1175 1499 spondeo,
1188 1397 1277 1472 duo·
1296 1402 1299 1408 ’

176 1515 241 1586 bus
260 1512 427 1612 dactylis.
478 1513 538 1587 De
555 1541 629 1612 quo
649 1515 758 1588 etiam
786 1531 869 1589 ante
894 1515 1001 1589 docui
1028 1515 1063 1588 in
1091 1513 1277 1616 speciebus

175 1629 345 1727 dactylici
364 1629 482 1704 metri.

327 1844 391 1918 Dc
407 1843 606 1946 lagaoedica
622 1847 857 1922 Archilochio
874 1846 1125 1946 ithypmllico.
1293 1881 1306 1934 7

225 1977 496 2078 Lagaoedicum
514 1979 787 2054 Archilochium
812 1978 1091 2078 ithyphallicam
1112 1981 1155 2052 fit
1176 1991 1281 2076 quat-

177 2109 259 2170 tuor
275 2095 464 2194 dactylicis
481 2095 634 2195 pedibus
650 2107 706 2170 cet
721 2097 837 2169 tribus
855 2095 1030 2169 trochaeis.
1069 2094 1280 2168 Novissima

178 2212 318 2312 syllaba
334 2209 570 2286 “indifferens

265 2325 412 2390 Solvitur
425 2327 511 2390 acris
524 2324 631 2410 hyems
641 2331 744 2411 grata
758 2323 825 2386 vice
839 2323 925 2386 varia
938 2331 967 2386 at
979 2323 1118 2386 Favoni.

180 2437 282 2512 Huic
299 2436 464 2510 eadditur
483 2437 572 2520 alter
589 2462 709 2510 versus
728 2449 895 2509 constans
912 2460 957 2508 ex
978 2433 1138 2508 diiambo
1155 2445 1191 2504 et
1209 2430 1281 2530 syl-

178 2555 260 2628 laba
278 2567 315 2628 et
332 2554 446 2626 tribus
467 2552 642 2626 trochaeis.

355 2669 565 2756 Troiamque
578 2671 677 2734 sicam
692 2667 845 2732 machiota
858 2668 999 2730 carinas.

181 2781 252 2854 Sed
270 2781 368 2880 puris
386 2779 551 2854 trochaeis
569 2779 780 2878 exemplum
800 2777 870 2850 hoc
887 2789 961 2850 cst:

266 2897 398 2960 Anemo
412 2905 529 2959 terram
543 2897 693 2982 quatiant
700 2895 783 2981 pede
796 2893 869 2956 dom
881 2893 1001 2980 grauis
1017 2891 1187 2978 Cyclopum

359 2999 515 3062 Vaicanus
528 2997 645 3061 ardena
660 2995 757 3061 fassit
770 2997 936 3083 cfficiaam.

181 3120 251 3194 Sed
270 3133 312 3194 ut
328 3121 481 3194 breviter
496 3119 702 3207 doceamus,
716 3115 955 3214 quodcunque
970 3123 1126 3184 metrum
1142 3121 1282 3182 consta-

182 3237 236 3310 bit
259 3248 280 3298 8
285 3263 330 3310 ex
348 3235 529 3336 dactylico
545 3247 582 3308 ct
598 3233 793 3318 trochaico,
811 3227 1053 3329 logaoedicum
1071 3225 1283 3326 ithyphalli-

182 3379 265 3428 cum
284 3350 547 3450 ”nuncupatum

481 3563 547 3639 De
563 3563 754 3662 composita
771 3560 985 3636 Pindarico.
1294 3591 1310 3639 3

235 3699 481 3798 Conpositum
501 3699 745 3773 Pindaricum
772 3697 814 3768 fit
844 3688 1167 3793 penthemimerico
1192 3686 1283 3759 iam-

182 3818 265 3898 bico
291 3843 336 3890 ex
360 3831 513 3913 utraque
535 3830 636 3914 parte
658 3813 788 3914 posito,
810 3824 847 3885 et
869 3814 908 3884 in
932 3807 1052 3882 medio
1077 3801 1283 3905 penthemi-

183 3935 318 4007 merico
334 3932 523 4031 dactylico.

224 4185 373 4264 ⁸syllaba]
386 4185 563 4261 consyllaba
576 4183 610 4240 L.
705 4178 828 4254 l’serso]
844 4177 925 4236 aerbo
938 4176 972 4232 Ia
1059 4178 1113 4228 cet
1128 4171 1214 4228 tribas
1229 4176 1284 4226 tro·

183 4267 336 4326 claoeisom.
350 4267 383 4324 1..
486 4263 688 4338 dindifferens]
705 4263 889 4338 indifferenter
903 4257 937 4313 L.
1040 4250 1172 4326 eaditur]
1190 4252 1283 4307 adori-

184 4356 232 4405 tar
245 4348 279 4406 L.
382 4344 491 4421 fassit]
501 4345 586 4419 jussit
600 4345 633 4402 L.
736 4353 753 4398 s
767 4362 801 4400 ex
816 4335 956 4416 dactylico
969 4346 998 4392 et
1012 4332 1170 4406 trochaico]
1187 4329 1234 4388 Sic
1249 4329 1283 4386 L.

183 4427 352 4507 dactylicum
368 4439 398 4487 at
411 4427 584 4486 trochaicum
600 4425 759 4484 Putachias.
838 4413 1062 4493 ¹¹nuncupatur]
1078 4415 1236 4470 amaiaatar
1249 4409 1282 4465 L.

678 4531 785 4614 oq2
