3012 5084
266 379 316 457 60
653 386 775 462 Marii
794 385 976 464 Victorini
1146 433 1150 442 ·
1248 410 1323 461 urs.
1342 411 1368 462 1.

267 565 365 642 Nam
393 567 505 642 divisa
532 571 650 670 prima
675 571 706 668 ej

268 685 372 758 tertia
388 685 554 760 lonicum
568 685 627 758 ἀπὸ
643 687 784 782 pertusae,
799 688 918 760 media
932 687 1191 762 choriambum
1211 701 1230 736 ¹
1240 687 1367 786 gignit.

222 821 254 870 ³²
269 799 355 876 Hoc
372 801 466 876 idem
486 815 523 876 et
540 802 650 901 pedes
666 803 815 889 reeteri,
829 829 919 901 quos
937 827 1200 904 supervacuum
1218 815 1272 876 est
1289 829 1367 900 per-

268 917 381 1016 sequi,
399 917 515 991 facere
531 933 712 1018 poterunt.
764 919 875 994 Unde
897 937 975 994 orta
1000 921 1190 1020 progenies
1216 917 1365 1019 pedum,

268 1035 381 1108 ausim
400 1033 530 1124 dicere,
548 1035 677 1108 merito
695 1035 869 1110 credatur.

220 1171 253 1222 ss
316 1149 397 1224 Nec
425 1163 461 1224 te
478 1151 695 1251 syllabarum
714 1151 1023 1226 'adcrescentium
1042 1151 1078 1223 in
1096 1150 1219 1223 metris
1237 1163 1366 1224 terreat

268 1291 452 1356 numerus,
480 1293 563 1340 cum
590 1268 783 1366 unicuique
813 1267 948 1366 pedum
976 1265 1176 1366 praestituta
1205 1265 1365 1363 legitime

266 1395 430 1482 tempora
455 1382 715 1472 custodiantur,
732 1385 829 1482 quod
856 1385 1061 1482 frequenter
1083 1382 1119 1456 in
1144 1381 1309 1454 iambicis
1329 1395 1366 1454 et

266 1499 430 1572 trocheis
441 1513 477 1571 et
488 1500 615 1572 ceteris
629 1513 822 1574 metrorum
836 1500 1200 1598 generibus‚exccpto
1211 1497 1365 1588 heroico,

219 1641 253 1690 ss
267 1614 428 1712 reperies.
447 1614 685 1688 ¹‘Memineris
702 1643 791 1690 sane
807 1615 1011 1714 trisyllabos
1027 1613 1136 1713 pedes
1158 1628 1362 1712 temporum

265 1728 455 1802 dumtaxat
465 1729 626 1828 quinque
636 1731 692 1804 vel
706 1757 781 1816 sex,
792 1743 833 1804 ut
849 1745 904 1803 est
917 1729 933 1776 l
945 1728 1114 1802 bacchius
1127 1742 1163 1801 et
1177 1729 1365 1818 molossus,

264 1871 349 1918 cum
368 1845 403 1916 in
422 1845 638 1943 quibusdam
660 1847 795 1932 metris,
813 1845 907 1919 sicut
924 1845 960 1918 iu
979 1844 1232 1934 Galliambico,
1247 1844 1364 1942 longae

264 1985 389 2033 eorum
411 1961 597 2035 solvuntur
622 1962 659 2036 in
687 1965 822 2052 breves,
840 1963 913 2035 vim
941 1962 1254 2061 tetrasyllaborum
1271 1959 1365 2032 obti-

263 2102 358 2149 nere.
403 2075 506 2149 Idem
527 2077 596 2150 hoc
609 2101 645 2150 et
662 2077 901 2176 tetrasyllabis
927 2103 992 2176 per
1008 2075 1226 2175 edisyllabos
1244 2102 1285 2146 ac
1302 2074 1365 2146 tri·

217 2223 247 2273 ³5
264 2193 420 2292 syllabos
446 2194 699 2291 conjunctione
724 2209 931 2295 temporum
958 2193 1047 2268 fieri.
1092 2192 1190 2266 Nam
1219 2217 1364 2291 paeones

263 2309 402 2408 primus
420 2323 457 2382 et
469 2325 629 2406 quartus,
648 2311 862 2384 coeuntibus
876 2312 912 2384 in
929 2335 1042 2384 unam
1062 2310 1209 2406 longam
1222 2306 1363 2380 duabus

263 2424 337 2497 suis
366 2425 545 2514 brevibus,
564 2426 851 2526 amphimacrum
870 2425 926 2498 vel
948 2423 1281 2525 “palimbacchium
1309 2423 1364 2520 gi-

216 2571 250 2633 3⁶
262 2555 390 2638 gnunt.
442 2541 484 2614 Id
504 2542 620 2615 Graecl
648 2543 727 2616 caris
748 2539 891 2640 διαίρεσιν
914 2556 951 2614 et
975 2539 1143 2637 susciperes
1160 2539 1234 2612 sive
1253 2537 1364 2626 lmen,

261 2681 347 2729 cum
368 2657 471 2730 metri
497 2657 688 2729 necessitas
715 2657 915 2756 postularit,
931 2657 1008 2730 fieri
1036 2667 1248 2740 memorant,
1265 2655 1363 2751 quod

261 2771 461 2844 necessario
479 2771 758 2846 ‘insinuandum
786 2799 863 2846 esse
886 2772 1033 2862 credidi,
1059 2799 1115 2858 ne,
1142 2772 1361 2869 syllabarum

261 2913 412 2960 numero
438 2888 587 2978 inducti,
613 2903 676 2962 aut
707 2889 889 2988 simplices
919 2901 982 2964 aut
1008 2888 1229 2988 compositos
1252 2885 1362 2984 pedes

260 3003 393 3102 proprii
411 3017 526 3077 status
543 3005 615 3077 vim
640 3031 784 3105 semper
807 3029 893 3078 cum
919 3004 1095 3078 vocabulo
1119 3003 1282 3076 obtinere
1305 3027 1363 3076 ca·

260 3119 394 3192 tholice
412 3116 721 3218 ‘pronuntiaretis

215 3265 247 3317 st
313 3233 425 3307 Nunc
453 3233 499 3306 de
532 3234 747 3334 sdisyltabis
782 3235 997 3333 conjunctis,
1031 3234 1093 3332 qui
1129 3247 1166 3307 et
1199 3232 1363 3330 duplices

260 3361 297 3421 et
319 3349 538 3446 tetrasyllabi
565 3351 673 3448 pedes
697 3353 934 3452 appellantur,
960 3377 1050 3448 quos
1076 3349 1184 3422 etiam
1212 3347 1362 3445 quidam

260 3461 426 3536 Sotadios
452 3480 594 3552 vocant,
620 3467 825 3552 referemus,
846 3493 998 3566 quorum
1027 3464 1233 3562 conjunctio
1265 3463 1364 3538 batn

214 3615 247 3676 ³⁸
260 3579 471 3678 appellatur.
537 3579 633 3653 Nam
670 3582 798 3656 Graeco
833 3609 997 3656 sermone
1035 3580 1188 3654 duorum
1223 3577 1361 3677 pedum

299 3864 315 3896 ¹
329 3854 434 3933 gignit]
450 3853 575 3932 gignitur
589 3855 619 3912 P.
709 3855 848 3932 sceleri]
866 3855 952 3916 ceteri
967 3859 999 3915 P.
1021 3853 1105 3915 etsie
1120 3854 1201 3912 infra.
1284 3865 1362 3913 ¹ac-

259 3935 458 4010 crescentium]
475 3933 697 3995 adcrescentiurn
713 3936 745 3994 P.
920 3947 935 3980 ⁸
949 3935 1130 4010 Memineris]
1149 3933 1311 3994 meminisse
1328 3937 1360 3993 Ρ.

258 4011 274 4058 b
291 4015 425 4089 Baebius]
452 4015 591 4074 Bacchius
612 4017 643 4073 Ρ.
807 4016 1003 4095 edissyllabos
1018 4019 1080 4092 aut]
1104 4015 1256 4093 disyllabos
1271 4035 1304 4073 ac
1328 4017 1361 4072 Ρ.

258 4091 525 4172 dPatimbachium]
542 4095 780 4156 Palimbacchium
797 4100 828 4157 P.
951 4108 964 4140 ⁰
978 4096 1195 4168 insinuandum]
1210 4095 1362 4154 insinuan-

258 4173 402 4314 guupleppe
414 4177 449 4314 ξ.
532 4175 793 4254 tpronunciaretis]
810 4177 1030 4257 pronuntiaretis
1045 4179 1076 4236 P.
1155 4176 1360 4255 sdissyllabis]

279 4275 319 4334 ny
340 4276 357 4314 a
376 4277 401 4314 ss
439 4300 445 4312 .

299 4465 347 4524 34.
365 4447 562 4524 Calliambico]
586 4450 785 4521 Galliambico,
827 4455 918 4514 Gallis
936 4455 1030 4524 Idaeis,
1048 4457 1129 4534 qussi
1143 4458 1245 4531 γάλλων
1258 4459 1359 4530 tappet,

258 4528 456 4589 dictumenim
478 4531 533 4590 boc
550 4550 641 4610 genus
665 4533 786 4592 metria
827 4547 860 4596 ut
873 4536 1098 4614 posteadicitur.
1141 4535 1291 4596 CAMER.
