3100 5142
296 382 371 443 340
651 367 764 440 Atilii
782 365 1050 440 Fortunationi
1256 390 1340 438 ran.
1359 389 1401 438 11.

298 567 335 627 et
355 553 546 652 Pythicum
564 565 608 626 to
626 551 804 650 Pythone.
831 550 1028 624 Nemeum
1047 575 1168 624 arcum
1189 549 1225 622 in
1243 575 1329 622 eum
1348 551 1405 622 in·

298 669 463 744 tenderet
478 668 623 768 Apollo,
642 667 817 768 nymphae
835 693 918 742 eum
947 667 1017 742 boc
1042 692 1144 740 versu
1170 667 1322 740 hortatae
1347 667 1406 740 di-

298 799 440 860 contur.
492 784 718 858 Hexameter
742 797 863 856 sutem
888 781 1007 856 dictus
1029 781 1126 880 quod
1152 795 1238 855 ‘tsex
1265 783 1405 872 metris,
1535 865 1536 876 χ

300 901 369 974 hoe
386 914 441 973 est
459 923 522 974 sex
538 899 703 999 pedibus,
720 899 856 972 feritur.
894 897 997 972 Idem
1016 911 1151 986 tamen,
1167 897 1248 996 'qni
1269 897 1403 972 herous
1535 917 1536 992 t

292 1015 371 1112 jam
393 1029 431 1088 et
455 1014 655 1114 dactylicus
681 1013 900 1104 nominatur,
917 1013 1082 1112 quamvis
1109 1013 1259 1088 inveniri
1286 1015 1404 1114 possit
1535 1015 1536 1096 l

298 1129 360 1230 qui
375 1157 502 1204 omnes
515 1129 693 1230 spondeos
710 1129 852 1218 habeat,
865 1129 1003 1230 recipit,
1018 1143 1058 1202 ut
1069 1128 1157 1219 dixi,
1175 1129 1284 1229 pedes
1298 1127 1404 1202 'dac-
1535 1117 1536 1184 i

299 1245 416 1344 tylum
436 1259 473 1319 et
490 1244 692 1346 spondeum
709 1245 879 1318 omnibus
897 1245 933 1318 in
954 1244 1042 1317 locis
1068 1243 1320 1330 indifferenter,
1338 1243 1403 1316 ali-

299 1361 500 1460 quandoin
526 1361 936 1434 ultimocttrochaeurn.
988 1359 1119 1432 Omnis
1145 1359 1242 1432 enim
1270 1359 1401 1432 ultima
1535 1455 1536 1458 Ἴ

271 1476 465 1576 ssyllaba
456 1503 493 1550 m
514 1503 617 1550 versu
645 1475 858 1588 adiaphoros
883 1475 961 1548 erit.
1012 1474 1108 1548 ltcm
1132 1473 1323 1572 diligenter
1349 1488 1402 1547 at-

299 1593 408 1666 tende
425 1590 522 1689 quod
541 1591 659 1664 omnis
687 1575 837 1692 syllaba,
853 1617 936 1688 quae
961 1604 1101 1690 partem
1119 1591 1291 1664 orationis
1309 1591 1398 1680 finit,

300 1707 336 1780 in
355 1707 454 1780 omni
474 1732 576 1780 versu
595 1707 760 1780 similiter
777 1706 1018 1780 indifferenter
1035 1705 1220 1839 accipitur,
1238 1721 1279 1780 ut
1297 1719 1361 1796 est,

428 1821 599 1886 Involldm
613 1825 768 1910 etiamque
781 1831 916 1887 tremene
929 1823 1050 1887 etiam'
1038 1824 1159 1888 snscins
1174 1823 1246 1900 oeoi,

300 1933 368 2006 dus
385 1931 524 2028 syllaba
541 1932 756 2006 indifferens.
799 1932 986 2006 Maximus
1004 1933 1065 2031 qui
1083 1945 1138 2004 cst
1154 1957 1275 2006 versus
1293 1931 1397 2030 sylla-

301 2049 363 2120 bas
384 2046 491 2118 habet
509 2069 608 2134 xv11,
626 2061 679 2136 ut,

429 2161 474 2225 Ar
488 2163 563 2226 eota
577 2165 748 2228 terribilem
760 2167 898 2230 sonitum
907 2163 1024 2251 procaci
1037 2183 1099 2228 m
1111 2169 1240 2228 canoro}

302 2278 482 2353 Minimus
501 2279 612 2354 habet
629 2303 703 2368 x11,
721 2297 762 2356 ut
779 2295 833 2356 est
849 2279 1050 2369 Ennianus,

432 2395 496 2460 Olli
509 2397 671 2482 respondit
685 2417 745 2460 rem
758 2395 852 2460 Aldos'
866 2396 986 2482 longai.

271 2505 373 2579 6Sed
390 2507 456 2580 hos
474 2521 510 2580 et
522 2535 588 2592 ,eos
606 2507 668 2606 qui
688 2507 807 2607 plures
826 2503 1004 2606 spondeos
1021 2531 1130 2604 quam
1149 2504 1312 2604 dactylos
1338 2507 1397 2578 ha-

300 2623 399 2710 bent,
417 2622 518 2720 quasi
539 2623 657 2695 minus
676 2623 801 2712 bonos,
818 2635 855 2695 et
872 2621 948 2694 sine
964 2621 1109 2723 dactylo
1125 2649 1252 2722 parum
1271 2636 1396 2696 teretes

300 2751 337 2812 et
367 2763 526 2824 sonoros,
554 2737 849 2837 ‘spondiazontas
879 2738 1158 2838 appellaverunt.
1209 2738 1396 2838 Proprium

300 2852 409 2948 hujus
436 2866 503 2942 est,
529 2851 626 2950 quod
655 2878 797 2951 semper
826 2855 978 2952 alonge
1009 2855 1135 2954 incipit
1162 2869 1199 2928 et
1223 2855 1398 2953 disyllabo

300 2967 416 3068 'pede
435 2968 570 3040 finitur.
622 2967 795 3067 Optimus
812 2969 976 3058 habetur,
992 2971 1095 3068 cujus
1112 2971 1231 3071 prima
1247 2983 1398 3045 wcesnra

299 3083 617 3184 penthemimerim
638 3082 747 3156 habet
765 3083 934 3156 orationis
952 3100 1052 3185 perte
1068 3087 1182 3177 finita,
1199 3100 1240 3160 ut

386 3199 488 3263 Arma
503 3201 669 3286 vlmmqne
682 3219 761 3263 cano
781 3199 889 3286 Trojoe
902 3202 958 3286 qni
966 3203 1095 3287 primm
1108 3202 1148 3266 at
1161 3206 1248 3275 oriar

301 3322 364 3384 sut
380 3307 470 3381 duos
488 3307 597 3406 pedes
615 3322 652 3381 ct
668 3309 866 3382 trochaeum
894 3309 1059 3382 similiter
1074 3323 1213 3410 partem
1231 3310 1399 3384 orationis

301 3423 500 3507 finientem,
519 3437 560 3495 ut

473 3537 651 3622 Iry‘nndum
665 3540 883 3625 reginnjuber
898 3561 1051 3606 renovare
1064 3542 1210 3606 dolorem.

275 3649 396 3724 tHaec
414 3646 556 3719 interim
576 3645 754 3721 catholica
771 3647 859 3722 ¹tibi
879 3666 995 3724 erunt.
1037 3651 1150 3726 Nunc
1167 3652 1333 3751 exempla
1350 3651 1399 3724 vi-

301 3764 450 3838 deamus
478 3787 499 3835 a
522 3759 687 3834 dimetro.
738 3761 948 3838 Dimetrum
976 3769 1248 3842 ycatalecticum
1276 3769 1399 3865 inquo

302 3881 463 3958 clausula
480 3893 535 3952 est
553 3877 765 3965 hexametri,

479 3995 614 4059 Terruit
627 3995 747 4072 orbem,

343 4189 392 4236 to
408 4178 545 4252 Pythone]
563 4199 580 4234 o
596 4197 654 4236 om.
670 4179 707 4236 V.
813 4181 901 4256 tres]
918 4183 999 4240 esV.
1015 4196 1045 4240 et
1058 4185 1099 4241 sic
1115 4203 1193 4244 mox.
1300 4187 1400 4260 aquati

303 4259 413 4333 herous]
430 4278 477 4334 qur
470 4257 659 4333 herousjnm
674 4259 710 4316 V.
782 4263 948 4337 ⁸dactylum
962 4265 1002 4337 ct]
1017 4267 1100 4338 pedes
1113 4267 1279 4340 dactylicum
1291 4267 1362 4322 ctV.
1373 4277 1399 4322 et

303 4343 496 4400 mosomio
558 4342 804 4416 tspmdiazomas]
820 4346 1033 4416 rpmsdinznntnr
1047 4344 1085 4403 V.
1150 4348 1267 4422 Vpoene]
1283 4347 1398 4421 pedeV

301 4421 466 4494 wcensura]
482 4439 576 4478 cetura
591 4423 626 4480 V.
648 4420 753 4479 Moxl.
759 4423 883 4496 fissitom.
965 4425 1058 4501 tnta]
1075 4445 1122 4500 qus
1116 4427 1235 4484 tiln'V.
1325 4437 1398 4484 tca-

302 4501 446 4578 tolectum]
464 4521 482 4558 ιι
497 4509 550 4558 cot.
566 4503 730 4559 catalectum
741 4501 778 4559 V.
