3076 5140
294 431 364 494 184
680 412 801 488 Marii
820 412 1002 490 Victorini
1238 433 1313 482 ms.
1331 433 1389 484 ru.

394 599 518 674 Dulce
533 597 645 672 malm
660 597 766 672 «lonis
782 596 880 670 ulma
893 594 1027 693 proles.

248 758 279 806 ²³
292 733 380 808 Non
402 731 660 832 supersederim
679 729 789 804 etiam
808 727 1061 811 ”Sallustiana
1080 726 1142 822 qui
1160 726 1306 826 profluit
1321 738 1391 798 ¹ex

293 859 518 950 pentametro
536 846 665 919 heroo:

393 961 513 1035 Falso
530 961 698 1060 queritur
714 959 758 1032 de
774 968 911 1032 natura
926 983 994 1030 aua
1007 981 1126 1056 genus
1142 955 1347 1030 barranum.

293 1079 464 1150 Detracta
487 1077 585 1149 enim
609 1101 689 1162 sua,
713 1071 780 1146 erit
807 1099 928 1146 versus
955 1073 1117 1145 trimeter
1144 1071 1392 1170 anapaesticus,

295 1218 380 1266 nam
397 1191 517 1265 veniet
534 1191 569 1263 in
588 1191 741 1263 formam
759 1188 987 1288 pentametri,
1004 1187 1067 1277 sic,

397 1306 581 1385 Queritur
596 1305 663 1377 rde
678 1313 813 1377 natura
826 1329 947 1402 genna
962 1303 1169 1376 humanum.

250 1421 468 1506 24¹Adnexo
493 1421 630 1494 ultimae
657 1419 749 1518 parti
769 1417 884 1520 salso,
909 1419 977 1490 erit
1006 1417 1104 1490 idem
1128 1418 1290 1490 trimeter
1311 1441 1397 1489 ana·

295 1537 475 1637 paesticus,
493 1537 529 1609 in
549 1560 623 1632 quo
645 1535 761 1635 prima
779 1533 928 1633 syzygia
946 1532 1147 1606 continebit
1173 1544 1394 1632 anapestum

295 1669 332 1726 et
358 1651 572 1752 spondeum,
598 1651 774 1726 ¹secunda
797 1651 887 1724 duos
915 1647 1104 1750 spondeos,
1129 1648 1234 1720 tertia
1260 1671 1400 1744 anapae-

296 1783 393 1842 stum
410 1780 447 1840 et
464 1765 675 1866 spondeum,
799 1807 808 1820 -

400 1881 584 1960 Quartus·
600 1881 644 1954 de
660 1891 798 1954 natura
811 1905 930 1980 genna
947 1875 1267 1978 humanumsalro.

252 2025 282 2075 ²5
297 1995 485 2069 Calabrius
510 1995 618 2068 etiam
647 2021 778 2084 versus,
800 1996 886 2093 quia
911 1995 1052 2068 occasio
1076 1993 1279 2079 admonuit,
1306 1991 1402 2065 inter

297 2113 533 2212 anapaesticos
560 2111 818 2195 numerabitur,
835 2109 983 2209 butpote
1005 2109 1067 2207 qui
1092 2134 1137 2181 ex
1164 2119 1345 2208 anapaesto
1362 2120 1401 2179 et

298 2227 457 2326 spondeo
474 2239 633 2299 constet:
661 2225 771 2315 velut,

341 2343 512 2406 Habentur
524 2350 561 2405 ut
574 2349 621 2405 ert
634 2349 772 2417 amttam,
787 2339 845 2404 tibi
857 2360 1034 2426 comprecor
1047 2360 1185 2404 errorem
1197 2339 1341 2404 timitem

253 2470 285 2523 26
297 2449 396 2524 Nam
415 2450 577 2524 continet
594 2463 791 2548 anapestos
808 2447 899 2522 duos
916 2461 952 2522 et
975 2449 1189 2548 spondeum,
1207 2451 1292 2522 item
1311 2475 1397 2522 ana-

298 2581 428 2665 paestos
444 2564 555 2638 edum
572 2577 609 2638 et
621 2563 835 2664 spondeum,
846 2563 1017 2637 ultimum
1033 2579 1254 2666 anapaestum
1274 2565 1397 2664 singu-

296 2681 420 2755 larem.

356 2913 459 2994 Car.
481 2911 597 2993 XVI.
640 2915 705 2996 De
723 2927 850 2996 metro
873 2915 1146 2996 croi-iambico
1165 2913 1271 3022 quod
1286 2941 1337 2996 err

569 3053 821 3148 pentametro
838 3041 956 3123 heroo
975 3055 1124 3122 manat.

350 3201 432 3274 Nec
459 3201 579 3272 minus
608 3201 906 3287 choriambicum,
936 3201 1054 3299 ‘¹un
1081 3215 1118 3274 et
1143 3201 1350 3290 Philicium,
1377 3226 1398 3272 e

300 3330 523 3414 pentametro
554 3315 664 3388 heroo
693 3316 881 3390 derivatur.
932 3315 1030 3389 Nam
1061 3316 1201 3390 duobus
1228 3315 1398 3414 dactylici

299 3457 421 3503 versus
439 3429 540 3522 colis,
552 3430 589 3503 id
608 3445 663 3503 est
676 3430 816 3504 duobus
836 3431 1086 3518 hemistichiis,
1104 3430 1288 3522 fnascitur,
1306 3446 1399 3504 tam-

300 3570 423 3816 (ΞΜ,
450 3643 555 3717 Dum
571 3667 672 3716 meros
689 3644 833 3718 assiduo
851 3643 972 3718 luceat
989 3647 1076 3745 igue
1077 3643 1206 3745 focus.

323 3757 409 3828 tem,

450 3838 571 3914 Nulla
586 3865 664 3913 meo
679 3840 802 3915 sedeat
819 3843 928 3916 turba
939 3841 1100 3944 profana
1115 3840 1202 3914 hoo.

341 4019 359 4050 ¹¹
373 4008 547 4082 salustiano]
566 4007 725 4066 Allustiano
736 4009 767 4066 P.
814 4060 819 4070 .
863 4021 879 4052 ¹
893 4012 942 4085 ex]
958 4024 987 4068 et
998 4011 1029 4068 P.
1119 4009 1184 4066 rde
1196 4020 1296 4066 natura
1309 4027 1399 4086 genus

301 4089 472 4163 humanum]
488 4089 644 4146 humanum
659 4089 695 4147 de
708 4101 807 4148 natura
820 4109 910 4168 genus
924 4091 955 4148 P.
969 4091 1053 4148 etsie
1067 4087 1149 4148 infra.
1245 4099 1260 4130 ²
1274 4091 1398 4164 anemo]

302 4170 423 4228 adnecto
438 4169 473 4226 P.
608 4170 773 4246 *secundaJ
791 4172 916 4229 secundo
931 4171 963 4230 P.
1094 4167 1236 4247 butpote]
1254 4181 1353 4246 utpute
1367 4171 1399 4226 P.

302 4250 415 4324 cduos]
432 4249 489 4306 duo
503 4251 535 4307 P.
570 4250 640 4308 Mox
655 4254 795 4326 daguhrre
808 4251 840 4308 P.
856 4253 936 4308 Cam.
952 4253 1064 4308 Corum.
1167 4247 1286 4326 dquod]
1304 4249 1352 4327 qui
1368 4249 1400 4306 P.

301 4329 374 4387 Mox
390 4327 547 4407 phalecium
565 4329 599 4387 P.
695 4329 856 4406 sancitur]
874 4332 996 4390 nectitur
1009 4331 1040 4388 P.

347 4469 372 4508 r.
388 4450 571 4530 Phalaecium]
590 4449 661 4530 Lag.
677 4451 834 4510 Philicium.
870 4451 935 4511 Vid.
950 4469 1034 4530 snpra
1049 4451 1088 4508 11.
1103 4452 1132 4508 6.
1148 4469 1259 4508 necnon
1282 4451 1399 4507 Santeu.

301 4531 366 4589 Ter.
382 4533 476 4591 Maur.
492 4552 519 4609 p.
535 4532 605 4606 326.
