3076 5140
178 411 270 462 car.
292 401 348 464 1³.
561 387 622 464 De
638 391 792 464 dimetro
806 417 924 467 oerru.
1220 411 1287 490 ln

179 572 484 672 heptasyllabum
518 577 770 650 hexametrum
804 576 970 666 heroum,
1004 579 1062 654 cui
1095 579 1286 682 Priapeum

178 715 322 764 nomen
339 704 405 781 est,
422 691 613 790 figurabis:
640 705 692 781 ut,

219 805 285 881 Sic
300 817 337 880 te
354 808 438 882 dicio
451 818 581 906 potem
601 807 729 906 Cypri.
765 805 883 881 Grato
900 809 1056 910 Pyrrho
1071 813 1140 886 sub
1156 823 1275 887 antro.

179 921 259 1004 Qui
294 937 437 996 constat
468 948 514 996 ex
548 922 719 1022 spondeo,
752 921 895 998 duobus
937 924 1100 1025 dactylis,
1133 937 1285 1024 ”quarto

180 1036 361 1134 spondeo,
379 1037 507 1134 quinto
523 1037 681 1136 dactylo,
699 1051 802 1112 sexto
819 1039 989 1140 spondeo.
1041 1041 1149 1129 Item,

296 1213 301 1220 ,
342 1151 444 1226 Uror
456 1154 632 1251 pauperis
649 1153 753 1252 Ibyci

183 1265 408 1365 Glyconium
424 1281 456 1339 τ’

338 1379 432 1456 Cres
449 1379 638 1456 donam
653 1381 752 1456 ledo

185 1497 448 1570 Pherecration.
500 1497 643 1581 Quibus
660 1498 863 1595 conjunctis
886 1499 1096 1572 hexameter
1112 1501 1282 1600 Priapeus

184 1611 347 1700 efficitur,
364 1613 427 1703 sic,

288 1729 393 1804 Uxor
403 1729 580 1827 pauperis
595 1730 710 1828 Ibyci.
757 1729 850 1804 Oros
866 1727 1057 1802 donum
1073 1728 1181 1804 hedo.

183 1844 398 1918 Memineris
416 1861 537 1920 autem
555 1873 627 1918 non
648 1872 796 1920 omnem
814 1871 957 1918 versum
980 1845 1171 1944 Priapeum
1199 1872 1324 1945 pro-2³

183 1961 339 2034 babilcm
356 1961 445 2049 fore,
457 1961 549 2036 rnisi
566 1989 648 2036 eum
668 1961 729 2060 qui
748 1987 794 2036 ex
809 1959 989 2059 Glyconio
1001 1974 1039 2032 et
1052 1961 1280 2034 Pherecratio

182 2075 232 2148 ita
247 2091 302 2150 est
319 2080 555 2178 compositus,
575 2091 616 2152 ut
633 2091 783 2174 utraque
801 2075 878 2172 ejus
896 2073 975 2147 cola
999 2102 1019 2148 a
1045 2075 1208 2174 spondeo
1226 2078 1280 2150 in-

182 2190 380 2277 choentur;
405 2192 450 2266 de
467 2219 540 2292 quo
557 2219 623 2267 suo
640 2193 720 2265 loco
736 2191 879 2292 plenius
896 2189 1069 2264 dicemus.

386 2419 490 2500 Can.
506 2417 630 2500 XIII.
673 2419 739 2500 De
756 2418 927 2499 dimetro
945 2443 1077 2500 versu

228 2569 387 2642 Memini
418 2569 462 2642 de
491 2569 646 2642 dimetro
679 2583 764 2641 ¹‘nos
792 2567 954 2667 superius
989 2569 1056 2640 sub
1090 2568 1276 2642 occasione

178 2685 375 2758 tetrametri
395 2685 500 2758 metri
519 2685 688 2784 pleraque
713 2683 859 2771 dixisse,
877 2681 993 2781 *quod
1011 2699 1066 2756 est
1083 2683 1192 2757 veluti
1211 2710 1275 2758 na-

177 2801 340 2873 turaliter
357 2799 481 2900 epodis
500 2815 637 2901 aptum,
655 2801 795 2874 etiamsi
818 2800 969 2900 Sappho
994 2826 1136 2874 carmen
1160 2827 1205 2874 ex
1231 2829 1275 2875 eo

178 2916 390 2990 continuum
425 2915 618 3008 induxerit,
644 2915 765 3014 lquod
792 2915 993 3016 appellatur
1018 2915 1145 3014 δίμοιρον
1165 2917 1274 3006 ἐπικὸν,

176 3031 271 3104 idem
309 3045 347 3104 ct
378 3033 681 3132 pentasyllabum,
715 3033 801 3130 quia
833 3031 1042 3130 frequenter
1073 3033 1274 3106 ⁰invenitur

177 3173 260 3221 cum
279 3147 357 3220 aliis
375 3149 428 3220 sui
448 3148 598 3246 generis,
616 3146 777 3248 “epodus
795 3145 997 3220 habebitur.
1048 3145 1153 3219 Nihil
1173 3149 1269 3221 enim

176 3261 220 3334 de
237 3289 281 3335 eo
298 3287 408 3359 quam
427 3261 564 3335 dictum
583 3277 638 3334 est
652 3263 803 3358 majores
817 3261 1051 3352 tradiderunt,
1061 3261 1157 3335 unde
1175 3289 1272 3338 nunc

175 3376 218 3449 ad
237 3403 290 3467 ea,
307 3403 391 3475 quae
407 3377 453 3452 de
470 3379 681 3452 hexametro
700 3378 776 3478 pari
802 3378 941 3452 ratione
964 3391 1160 3477 propagata
1177 3395 1272 3471 sunt,

173 3507 406 3567 revertemur.

175 3691 283 3774 Cen.
305 3695 425 3776 XIV.
480 3697 546 3777 De
564 3696 706 3777 metris
724 3721 813 3804 quc
829 3723 881 3777 ear
897 3695 1272 3806 penthemimeren

340 3823 674 3932 bephihemimere
693 3837 794 3904 rome
806 3837 1104 3932 propagantur.

224 3953 339 4030 Heroi
357 3983 479 4030 versus
495 3958 650 4056 primam
672 3957 896 4046 incisionem,
914 3969 1041 4054 ‘quam
1069 3964 1270 4057 πενθημιμερῆ

172 4085 294 4145 tomen
326 4087 467 4161 vocant,
496 4073 533 4146 in
564 4099 636 4170 qua
669 4073 766 4172 prior
793 4073 840 4145 sit
873 4073 1063 4174 spondeus,
1091 4073 1269 4147 secundus

171 4187 349 4288 dactylus,
375 4187 509 4262 dehinc
538 4189 688 4289 syllaba,
716 4189 745 4262 si
773 4188 914 4263 duobus
943 4189 1108 4290 pedibus,
1138 4191 1268 4292 integri

210 4371 226 4403 ¹
240 4361 355 4438 quarto]
371 4373 486 4439 quartus
499 4363 530 4422 P.
685 4375 701 4420 1
714 4363 776 4440 sed]
793 4363 847 4422 nisi
861 4366 894 4422 P.
1058 4374 1073 4408 ¹
1090 4365 1155 4439 uos]
1170 4365 1222 4425 hos
1236 4369 1267 4425 P.

171 4449 186 4484 Ι
199 4442 276 4520 quod
290 4443 348 4517 est]
366 4462 451 4520 quem
466 4444 497 4502 P.
579 4441 699 4523 bquod]
717 4446 766 4522 qui
779 4446 812 4502 P.
895 4443 1079 4519 ⁰invenitur]
1094 4445 1224 4504 inventus
1236 4449 1267 4506 P.

170 4517 321 4601 derum]
337 4523 436 4601 ...a
450 4524 481 4582 1³-
562 4525 687 4603 erum]
703 4531 759 4602 que
775 4523 810 4582 Ρ.
