3124 5120
303 421 372 480 104
684 403 808 480 Marii
828 401 1019 478 Victorini
1270 429 1405 482 aaa.11.

299 589 442 664 niacum
471 590 684 689 appellatur,
711 603 747 662 et
776 602 842 677 est,
864 603 905 662 ut
934 615 1052 689 supra,
1074 590 1280 664 trimetrum
1309 609 1405 666 cata-

299 705 468 780 lecticum
496 705 533 778 in
560 706 717 804 syllaba:
744 731 868 778 verum
892 733 935 778 eo
952 706 1185 804 distat,quod
1212 709 1403 809 anapaestis

298 820 583 922 praecedentibus
611 835 648 894 et
679 821 846 920 spondeis
881 822 1116 920 sequentibus
1152 823 1262 898 habet
1290 823 1402 898 factas

255 973 285 1024 25
299 938 582 1036 conjugationes,
600 951 637 1010 et
653 951 872 1036 postremam
893 937 1067 1035 syllabam
1088 940 1246 1011 brevem.
1297 939 1401 1014 Idem

298 1067 335 1126 et
352 1055 573 1128 embacoioa
587 1053 729 1141 dicitur,
748 1053 843 1151 quod
868 1067 924 1126 est
950 1054 1137 1152 proprium
1161 1081 1305 1130 carmen
1331 1057 1403 1130 La·

297 1169 613 1244 cedaemoniorum.
666 1168 708 1242 ld
734 1169 769 1240 in
794 1169 925 1268 praeliis
944 1169 988 1242 ad
1008 1169 1230 1243 incentivum
1249 1171 1401 1245 Pvirium

297 1312 362 1385 per
386 1285 493 1358 tibias
519 1299 665 1373 canunt,
687 1285 917 1358 aincedentes
942 1285 987 1358 ad
1013 1284 1257 1383 pedemonte
1281 1288 1400 1390 ipsum

299 1425 430 1499 pugnae
446 1399 625 1487 ‘initium
643 1398 740 1496 quod
759 1412 812 1472 est
830 1399 913 1488 tale,

351 1511 510 1614 Superat
526 1525 663 1592 arantes
676 1525 786 1612 poter
804 1515 949 1606 *Idaoa
965 1542 1234 1617 nemorumque.

255 1631 516 1732 26Anapaestici
537 1645 655 1704 autem
675 1657 810 1720 versuo,
828 1631 890 1728 qui
916 1659 959 1704 ex
983 1633 1143 1734 spondeo
1161 1649 1197 1707 et
1218 1651 1402 1735 anapaesto

298 1760 335 1820 et
356 1745 512 1844 dactylo,
530 1761 566 1817 et
592 1771 732 1817 rursum
762 1745 923 1844 spondeo
947 1761 982 1819 et
1005 1764 1186 1848 anapaesto
1203 1765 1240 1822 et
1262 1751 1401 1849 syllaba

298 1877 564 1961 conponuntur,
582 1873 665 1933 sunt
686 1861 832 1958 quidem
861 1865 1082 1958 proceritatis
1109 1865 1279 1938 trimetrae
1306 1879 1401 1938 cata·

299 1977 455 2050 lecticae:

348 2093 434 2166 Pan
451 2091 626 2166 Maenalio
644 2095 805 2166 carmine
822 2093 1015 2194 Nymphas
1029 2105 1277 2193 properantes.

255 2208 433 2285 ²7Verum
456 2207 513 2278 hic
536 2233 657 2280 versus
681 2209 792 2280 currit
817 2209 935 2282 ionico
960 2211 1098 2308 majori,
1118 2226 1155 2284 et
1182 2215 1264 2312 tpar
1278 2213 1309 2284 ci
1335 2229 1400 2302 est,

298 2325 358 2422 qui
379 2323 546 2396 Sotadius
564 2324 705 2410 dicitur,
724 2339 760 2398 et
777 2341 841 2416 est,

346 2439 448 2514 vIlla
464 2451 639 2538 rampant
656 2451 800 2514 teneros
817 2441 965 2543 rcoycrcc
981 2468 1099 2517 comos
1117 2443 1228 2543 lagei.

297 2557 432 2630 Parum
452 2583 534 2629 vero
552 2559 807 2656 anapaesticum
826 2557 898 2630 tale
916 2573 981 2647 est,

299 2658 408 2748 Nitct
425 2698 540 2746 aaran
555 2699 748 2770 purpurea·
770 2671 811 2745 V
807 2673 926 2745 enoris
944 2698 1045 2746 como
1062 2673 1218 2762 roscido,
1232 2673 1352 2747 lacteo
1369 2677 1507 2751 conte.

255 2809 285 2858 ιε
299 2789 407 2873 Quod
438 2805 492 2861 est
525 2802 773 2862 tetrametrum
804 2787 1067 2862 catalecticum.
1119 2789 1188 2862 Cui
1220 2789 1327 2861 etiam
1364 2791 1399 2862 id

298 2905 396 3003 quod
422 2931 468 2978 ex
495 2907 665 2978 omnibus
692 2905 1019 3004 proceleusmaticis
1047 2919 1198 2992 constat,
1225 2905 1400 3002 Wquando

298 3021 524 3095 uniformitas
541 3021 704 3093 omnium
729 3020 890 3093 brevium
910 3034 1068 3094 metrum
1085 3021 1202 3095 facere
1228 3047 1300 3093 non
1328 3021 1400 3094 suf-

298 3139 386 3225 ficit,
403 3135 643 3210 adscribetur:
668 3149 710 3207 ut
726 3151 792 3226 est,
1352 3130 1354 3134 ¹

399 3253 540 3326 Nemas
558 3279 624 3325 ave
639 3253 799 3341 reticuit,
816 3280 909 3353 ager
925 3253 1088 3326 ¹liominc
1104 3263 1220 3326 sonat.

254 3401 285 3454 ²9
298 3367 415 3466 Leges
433 3380 549 3439 cetera
566 3366 672 3438 etiam
694 3383 932 3457 monometra‚
950 3367 986 3439 id
1008 3382 1073 3456 est,
1094 3367 1238 3440 ultimas
1266 3380 1398 3439 metro·

297 3511 376 3557 rum
391 3483 594 3583 particulas,
613 3509 696 3580 quae
710 3498 916 3584 propagatas
933 3483 1113 3556 dimetron
1130 3508 1175 3555 ex
1194 3509 1232 3553 se
1249 3481 1398 3571 faciunt,

297 3601 390 3674 inter
412 3613 525 3674 metra
548 3601 740 3689 numerari,
763 3629 783 3672 e
806 3601 888 3699 quis
908 3601 1088 3674 dimetron
1111 3599 1273 3700 profecto
1298 3624 1399 3672 com-

251 3718 455 3820 sepositum
487 3731 553 3789 est.
603 3715 699 3788 tHae
726 3717 940 3816 plerumque
970 3717 1008 3789 in
1036 3715 1221 3814 tragoediis
1250 3743 1311 3788 seu
1339 3741 1398 3788 co-

297 3833 443 3908 moediis
469 3831 659 3906 ¹concitati
682 3831 791 3905 animi
815 3833 986 3920 motibus,
1005 3859 1096 3930 quos
1114 3831 1231 3905 Grmci
1249 3836 1328 3920 πάθη
1346 3831 1399 3904 di-

337 4045 468 4118 rurum]
485 4041 585 4100 virium
601 4045 631 4100 P.
714 4054 730 4097 (t
744 4041 923 4118 incedentes]
941 4041 1127 4101 incendentes
1141 4042 1173 4099 P.
1240 4040 1395 4116 rinitium]

297 4123 420 4183 initiam.
435 4123 510 4201 quod
521 4136 565 4180 est
579 4123 634 4182 tale
649 4124 680 4181 P.
732 4133 744 4166 ⁸
759 4123 855 4198 ldeos]
872 4124 974 4182 Idaeos
988 4125 1018 4181 P.
1060 4122 1148 4201 tpars
1162 4119 1236 4197 ejus]
1254 4123 1350 4206 ponpis
1365 4123 1396 4179 P.

296 4227 346 4285 par
365 4207 406 4264 eia
425 4219 478 4263 est.
497 4203 542 4260 ed.
565 4207 677 4263 Camer.
693 4206 741 4281 qui
759 4204 879 4262 correxit
897 4225 961 4281 pars
981 4209 1052 4283 ejus.
1162 4203 1260 4278 vnlae]
1283 4203 1347 4262 iliae
1365 4203 1397 4260 P.

296 4286 544 4364 aquand01qffffi
559 4287 589 4342 P.
645 4284 804 4358 ¹homine]
821 4285 939 4344 homine
954 4286 987 4343 P.
1038 4283 1137 4359 rHae]
1156 4283 1196 4341 Hi
1210 4285 1242 4342 P.
1297 4294 1396 4342 ²cou-

294 4368 386 4443 citati]
405 4379 470 4426 sunt
485 4365 619 4426 concitati
635 4367 665 4424 P.

540 4563 585 4624 25.
601 4549 638 4604 ad
652 4549 812 4604 incentivam
827 4548 926 4604 viriam
941 4559 996 4605 etc.
1019 4546 1152 4604 COMM.
