2980 5142
117 457 203 507 cnr.
216 448 252 525 9.
438 434 503 508 De
513 436 695 532 poematis
708 437 914 535 genardum
1147 451 1219 513 453

118 631 192 704 tur,
209 613 295 712 quia
313 613 386 688 fere
411 641 536 714 regum
558 616 620 697 =vel
651 615 940 714 magistratuum,
957 617 1019 714 qui
1046 631 1222 717 praetexta

117 743 284 819 utuntur,
303 730 339 803 in
357 729 551 828 ¹ejusmodi
569 729 700 804 fabulis
718 745 798 804 acta
814 732 1182 830 comprehenduntur.

172 844 338 918 Secunda
367 845 504 945 species
531 859 747 943 togatarum,
765 872 846 944 quae
863 848 1075 920 tabernariae
1092 847 1220 923 dicun·
1233 878 1266 913 πο

1 1022 2 1025 ,
118 973 194 1047 tur,
206 973 276 1034 met
288 961 494 1034 humilitate
511 986 743 1060 personarum
758 973 795 1033 et
812 977 1105 1060 argumentorum
1120 965 1221 1039 simi-

119 1077 274 1151 litudine
303 1077 493 1152 comoediis
523 1103 637 1177 pares,
663 1077 700 1150 in
728 1078 860 1175 quibus
889 1105 960 1152 non
989 1080 1219 1178 magistratus

1 1260 2 1267 ,
120 1207 303 1292 ”regesve
320 1193 382 1266 sed
409 1193 566 1266 humiles
592 1192 759 1274 homines
782 1207 818 1266 et
842 1193 987 1292 privatae
1009 1195 1139 1270 domus
1164 1197 1220 1270 in·

119 1309 324 1395 ducuntur;
352 1323 452 1407 ⁰quae
470 1309 567 1408 quod
593 1309 679 1382 olim
708 1308 838 1382 tabulis
866 1322 1082 1408 tegerentur,
1099 1325 1221 1386 Pcom·

120 1411 282 1499 muniter
297 1425 506 1498 tabernaria
523 1425 753 1498 vocabantur.
1233 1496 1236 1502 ,

171 1541 293 1614 Tertia
310 1539 447 1640 species
464 1553 519 1613 est
535 1539 738 1612 fabularum
757 1539 981 1632 Latinarum,
999 1569 1079 1640 quae
1097 1571 1117 1617 a
1134 1545 1262 1618 civi-21

120 1667 196 1728 tate
213 1657 390 1728 Oscorum
409 1654 563 1743 antella,
581 1654 617 1726 in
642 1681 714 1752 qua
731 1655 890 1754 primum
915 1670 1077 1757 rcoeptae,
1096 1661 1220 1759 appel-

120 1773 204 1845 latoe
230 1786 313 1844 sunt
330 1771 519 1858 Atellanae,
548 1771 768 1869 argumentis
796 1771 974 1874 dictisque
994 1773 1219 1869 jocularibus

122 1887 257 1960 similes
275 1885 437 1986 satyricis
454 1884 584 1958 fabulis
603 1885 750 1959 Graccis.

173 2003 310 2085 Quarta
341 2000 476 2100 species
502 2015 557 2074 est
578 2001 793 2102 Planipedis,
822 2001 902 2102 'qui
934 2003 1060 2078 Graece
1088 2005 1264 2080 dicituro

3 2203 8 2209 ¹
123 2117 274 2190 Mimus.
326 2116 414 2190 ldco
439 2129 562 2190 autem
593 2117 724 2192 Latine
753 2119 939 2220 tPlanipes
966 2119 1096 2210 dictus,
1122 2122 1219 2218 quod

122 2247 259 2307 actores
286 2233 402 2332 planis
429 2233 594 2332 pedibus,
620 2234 657 2307 id
686 2247 740 2308 est
766 2235 883 2324 nudis,
909 2237 1136 2334 proscenium
1166 2236 1221 2310 in-

121 2350 282 2434 troirent,
300 2374 381 2421 non»
400 2362 440 2421 ut
465 2349 590 2448 tragici
615 2365 750 2424 actores
774 2377 857 2424 oum
885 2351 1084 2440 co‘thumis,
1102 2379 1221 2451 neque

123 2479 163 2539 ut
188 2465 318 2538 comici
345 2491 430 2538 cum
456 2465 581 2556 soccis,
603 2466 699 2539 'sive
726 2465 823 2564 quod
851 2464 939 2538 olim
968 2492 1039 2540 non
1067 2467 1104 2540 in
1136 2493 1221 2566 sug-

122 2595 225 2680 gestu
261 2605 378 2654 scenae
409 2579 470 2654 sed
502 2581 540 2654 in
575 2581 684 2680 plano
711 2581 902 2654 orchestrae
932 2582 1059 2681 positis
1089 2583 1220 2658 instru-

123 2696 256 2770 mentis
283 2695 439 2770 mimicis
461 2697 699 2771 'actitabant
750 2695 863 2793 Cujus
889 2696 1091 2796 planipedis
1109 2699 1220 2773 ¹Atta

122 2825 323 2912 togatarum
344 2813 494 2911 scriptor
510 2812 560 2886 ita
578 2813 614 2887 iu
632 2811 800 2886 AEdilitia
816 2812 937 2885 fabula
954 2811 1132 2904 meminit,

252 2929 424 2993 rDatura'n'
438 2931 513 2993 estis
527 2950 654 3006 aumas,
669 2928 792 2993 eanltat
801 2929 960 3016 planipes.

124 3039 162 3113 Si
180 3065 270 3136 quas
287 3053 408 3112 tamen
433 3053 477 3111 ex
502 3039 614 3113 soccis
631 3038 769 3112 fabulas
786 3039 957 3130 fecerant,
975 3039 1110 3138 palliati
1138 3067 1220 3140 pro·

123 3155 350 3229 nuntiabant.

171 3269 310 3370 Togata
342 3283 388 3342 'a
422 3282 633 3370 praetextata
659 3268 836 3368 tragoedia
865 3268 994 3360 differt,
1021 3269 1144 3370 'quod
1182 3271 1218 3346 in
1234 3308 1264 3359 η

162 3468 359 3549 lhujusmodi]
376 3469 506 3542 durandi
519 3471 626 3528 A.B.C.
709 3479 733 3512 ¹²¹
749 3467 920 3543 humilitate]
936 3478 963 3527 et
977 3471 1134 3528 humilitate
1146 3470 1219 3528 A.B.

124 3561 138 3593 ¹¹
153 3552 301 3628 regesque]
319 3569 427 3624 regesve
439 3552 545 3610 A.B.C.
678 3560 770 3628 ⁰quae
784 3571 812 3627 q.
827 3549 910 3624 olim]
931 3553 1055 3626 quadam
1069 3553 1134 3609 oltra
1148 3554 1220 3627 quod

125 3633 226 3689 A.B.C.
243 3652 269 3706 q.
284 3633 350 3688 otim
365 3632 437 3688 Ven.
539 3630 771 3704 Pcommuniter]
788 3633 898 3690 rander
912 3633 946 3689 C.
1069 3643 1086 3688 q
1099 3631 1217 3708 Attella]

125 3713 236 3768 Artena
251 3712 284 3769 C.
298 3713 394 3769 Atetta
408 3711 443 3768 B.
532 3723 648 3788 rcepta
662 3711 812 3770 attellanae
825 3709 908 3770 dictoe
922 3713 1108 3788 sunt]-coepta
1122 3715 1218 3790 appel·

125 3793 187 3850 lata
200 3801 264 3849 aunt
278 3794 415 3850 Atellanae
430 3791 600 3866 (Athellana
614 3794 661 3867 C.)
677 3793 785 3850 A.B.C.
906 3803 918 3835 Ι
933 3793 1045 3867 Graece]
1062 3795 1109 3868 qai
1127 3795 1220 3850 Grace

124 3873 157 3932 Β.
174 3875 252 3947 -quod
276 3875 368 3932 Graue
389 3877 491 3932 dicitur
512 3875 601 3930 minus
624 3871 666 3945 (in
688 3891 776 3951 marg.
797 3873 833 3932 al.
853 3875 974 3949 animm)
992 3877 1077 3930 latiae
1091 3873 1169 3930 deest
1183 3875 1217 3930 C.

123 3951 286 4030 ‘Planipes
296 3952 373 4030 quod
384 3967 493 4013 actores
507 3954 600 4032 planis
614 3953 746 4030 pedibus]
760 3955 887 4030 planipes
900 3958 988 4012 dictus
999 3955 1071 4027 qaod
1087 3954 1154 4027 (qao
1165 3953 1216 4028 Β.)

123 4043 227 4092 actores
237 4035 350 4108 pedibas
361 4037 453 4109 ptarais
465 4037 537 4093 AB.
549 4035 764 4110 patulapatula
779 4036 813 4093 C.
960 4045 975 4076 V
988 4032 1055 4090 olim
1072 4033 1144 4108 non]
1161 4035 1218 4092 siae

123 4117 194 4190 quad
207 4116 271 4172 olim
286 4135 340 4171 nan
354 4116 462 4174 A.B.C.
544 4125 567 4157 W
580 4114 738 4194 agitabant]
755 4116 909 4172 actitabant
924 4115 992 4172 ΒΕ.
1070 4123 1087 4155 ¹
1100 4112 1215 4189 Accius]

123 4198 190 4252 Atta
204 4196 239 4252 A.
255 4204 319 4252 acta
332 4203 489 4271 togatorum
503 4196 572 4254 Rc.
611 4195 718 4252 Vettius
731 4195 755 4252 I.
766 4195 805 4253 N.
817 4193 939 4252 Loensis
952 4191 1089 4271 Epiphill.
1105 4195 1160 4253 IX.
1170 4196 1216 4253 18.

123 4276 256 4334 rnatum
276 4289 321 4334 est
341 4277 453 4350 aurum]
475 4279 559 4334 datur
579 4277 654 4332 inest
669 4293 768 4352 aarum
783 4277 815 4333 Α.
836 4277 966 4332 daturine
986 4278 1049 4332 estis
1066 4294 1165 4332 aarum
1183 4277 1216 4334 B.

123 4358 204 4414 datur
218 4359 246 4412 in
259 4376 387 4416 scaurum
401 4358 506 4414 exaltat
525 4358 658 4432 planipes.
679 4359 783 4430 siquas
798 4363 855 4412 tum
870 4357 904 4413 C.
924 4375 1050 4412 scaurum
1065 4357 1110 4414 Sc.
1146 4355 1216 4414 Mox

123 4439 240 4494 exoticas
253 4457 305 4514 pro
320 4457 353 4494 aa
362 4440 445 4494 soccia
458 4437 600 4494 Reuiens.
615 4436 634 4494 l.
646 4454 671 4493 c.
685 4456 713 4514 p.
723 4437 773 4510 64.
835 4447 850 4478 ¹
865 4447 1029 4513 praetextata
1043 4457 1059 4493 a
1072 4435 1218 4516 tragoedia

122 4515 223 4575 differt.
234 4517 262 4575 in
275 4517 419 4596 tragoedia
429 4518 528 4575 heroes
538 4515 770 4591 introducuntur]
783 4537 801 4574 a
812 4524 977 4592 protestata
989 4520 1115 4592 tragedia
1124 4519 1218 4594 drffert

123 4600 193 4674 quod
207 4601 235 4654 in
250 4601 393 4674 tragoedia
407 4599 499 4656 aaron
513 4600 680 4656 adurantur
695 4597 728 4655 B.
742 4609 781 4667 et,
798 4599 825 4656 al
841 4597 932 4668 fallor,
941 4599 977 4656 A
1072 4607 1088 4642 ⁸
1102 4601 1175 4675 quad
1188 4602 1218 4656 tn
