3124 5120
297 355 367 432 106
672 355 792 429 Marii
812 353 996 429 Victorini
1257 377 1333 427 arn.
1348 377 1396 428 11.

293 539 480 628 clausulas,
497 537 534 612 id
552 553 606 612 est
623 539 826 613 minuscula
846 540 936 626 cola,
963 537 1129 638 pertinet,
1146 551 1236 635 quot
1261 563 1399 636 genera

293 681 459 729 versuum
488 669 582 743 sunt,
609 655 758 730 totidem
787 681 911 728 eorum
941 655 1104 728 membra
1132 680 1199 752 pro
1223 653 1397 727 clausulis

293 771 379 869 poni
405 789 567 870 possunt,
585 784 622 843 et
640 771 756 843 solent
781 770 817 843 in
841 769 990 844 canticis
1017 769 1131 867 magis
1148 793 1257 865 quam
1277 766 1398 840 diver-

295 887 373 974 biis,
401 913 482 983 quae
510 913 553 958 ex
585 886 747 958 trimetro
776 884 891 983 magis
917 883 1128 973 subsistunt,
1153 883 1331 970 collocari,
1356 897 1398 955 et

293 1001 472 1100 praecipue
507 999 602 1099 apud
638 1001 817 1084 Plautum,
847 1013 884 1072 et
915 999 1084 1072 Naevium
1121 1013 1157 1072 et
1190 998 1396 1072 Afranium.

294 1116 393 1188 Nam
418 1116 455 1188 bi
483 1115 641 1188 maxime
658 1141 701 1186 ex
721 1115 890 1188 omnibus
916 1116 1089 1188 membris
1106 1141 1287 1202 versuum,
1304 1115 1395 1188 colis

295 1234 340 1305 ab
359 1231 414 1304 bis
431 1231 612 1330 separatis,
631 1229 777 1302 licenter
794 1230 848 1302 usi
868 1230 1093 1330 reperiuntur
1108 1232 1145 1303 in
1165 1231 1345 1304 clausulis.

515 1429 618 1508 Can.
637 1429 706 1508 lV.
750 1431 815 1510 De
835 1431 1014 1512 Iombico
1033 1445 1170 1513 metro.

345 1579 571 1652 Hexametro
588 1577 767 1676 dactylico
783 1578 944 1652 trimeter
961 1579 1137 1653 iambicus
1154 1594 1395 1678 comparatur,

295 1719 402 1792 quem
423 1693 554 1766 Latine
571 1693 751 1768 senarium
767 1693 1009 1783 nominamus,
1022 1696 1130 1768 veluti
1147 1695 1395 1781 hexametron,

296 1835 357 1881 sex
385 1809 482 1882 enim
512 1807 621 1907 pedes
646 1809 787 1881 iambos
812 1808 933 1898 babet,
959 1809 1083 1883 atille
1109 1810 1282 1909 dactylos,
1308 1835 1393 1882 cuna

268 1938 447 2021 nuterque
464 1949 574 2022 purus
592 1947 636 1994 ex
655 1950 692 1996 se
710 1925 894 2020 figuratur.
946 1921 1159 1996 ¹Trimetrus
1185 1939 1303 1995 autem
1332 1949 1396 2021 ap-

295 2040 451 2136 pellatur
467 2065 488 2110 a
507 2038 654 2124 Grecis,
671 2038 757 2134 quia
774 2038 887 2110 tribus
905 2037 1195 2136 percussionibus
1212 2063 1276 2136 per
1291 2036 1395 2135 dipo-

295 2154 371 2227 dias
398 2153 556 2226 creditur.
609 2152 768 2250 Ideoque
793 2151 925 2226 dicitur
941 2167 978 2225 et
996 2151 1181 2226 Homerus
1206 2152 1244 2224 in
1270 2151 1396 2225 lMar-

266 2301 280 2348 ³
296 2269 371 2366 gite
397 2295 462 2341 suo
480 2267 665 2340 miscuisse
687 2267 753 2340 bos
771 2295 893 2342 nessus
911 2282 1096 2367 tamquam
1119 2293 1232 2367 pares.
1272 2267 1394 2362 Hujus

297 2407 465 2476 mensura
489 2407 601 2479 usque
624 2381 667 2454 ad
686 2395 950 2480 pentametrum
976 2383 1203 2466 extenditur3
1225 2396 1395 2482 praeterea

298 2510 337 2570 ut
355 2497 503 2570 heroum
525 2509 678 2568 metrum
699 2496 825 2596 incipit
843 2524 864 2569 a
880 2497 1070 2571 duodecim
1089 2498 1236 2597 syllabis
1252 2511 1289 2570 et
1301 2524 1394 2570 cres-

296 2611 347 2684 cit
364 2610 408 2684 ad
427 2609 698 2708 septemdecim,
715 2611 764 2682 ita
780 2624 816 2684 et
833 2612 1045 2702 iambicum,
1063 2613 1161 2686 velut
1183 2613 1218 2686 in
1244 2612 1299 2685 bis
1316 2637 1394 2684 ver·

297 2727 407 2814 sibus,

397 2841 539 2914 Beatus
555 2839 619 2914 ille
635 2843 699 2942 qai
709 2843 845 2940 procul
859 2845 1024 2943 negotiis.

297 2957 390 3030 Item
411 2949 668 3054 septemdecim
686 2959 918 3055 syllabarum,

400 3071 503 3148 Quid
518 3073 583 3158 uis,
601 3071 790 3168 kkEpidio,
808 3072 1038 3174 tibifocilior
1054 3076 1126 3148 erit
1143 3101 1255 3149 amor.

268 3185 367 3256 ised
386 3198 422 3257 et
440 3197 555 3256 tomas
572 3211 661 3280 quas
688 3211 795 3284 supra
812 3188 1048 3276 ostendimus,
1073 3189 1108 3261 id
1133 3203 1188 3262 est
1205 3189 1392 3262 divisiones

297 3299 1391 3403 versuum,recipit,¹pentbemimeremetbepbtbemimerem,

269 3412 332 3488 sid
360 3427 425 3499 est,
442 3413 642 3511 quinariam
669 3431 706 3488 et
732 3419 980 3514 septenariam.
1031 3418 1066 3490 Ε
1088 3421 1220 3516 quibus
1245 3421 1392 3519 penthe-

299 3527 465 3600 mimeres
493 3528 529 3600 in
555 3528 726 3602 trimetris
756 3531 841 3604 satis
865 3531 1074 3633 ¹¹probatur,
1092 3560 1175 3632 quae
1202 3563 1265 3635 per
1293 3537 1391 3609 binos

298 3643 436 3716 iambos
454 3655 491 3715 et
508 3643 728 3742 semipedem
748 3647 855 3719 verba
873 3648 965 3734 linit,
985 3663 1024 3720 ut
1041 3663 1108 3735 est,

398 3757 492 3830 Divi
503 3767 671 3853 potentes
673 3757 783 3859 ferte
801 3759 948 3835 lassatis
963 3789 1075 3860 opem.

299 3871 479 4055 Pesqimus
506 3885 627 3944 autem
654 3874 715 3970 qui
742 3874 883 3972 singula
903 3879 1010 3949 verba
1034 3878 1069 3948 in
1096 3877 1251 3976 dipodiis
1279 3879 1391 3965 babet,

299 3989 415 4081 queis
433 4000 499 4076 est,

399 4098 640 4174 Prosentinm
660 4102 833 4174 divinitus
851 4102 1053 4177 caelestium.

339 4246 532 4324 ¹'rrimenus]
549 4251 705 4308 Trimetros
721 4253 751 4309 P.
836 4249 1003 4332 ¹¹Margite]
1017 4254 1148 4333 Margine
1164 4255 1198 4316 P.
1281 4253 1314 4298 kk
1330 4255 1391 4332 Epi·

300 4327 360 4404 dia]
379 4329 414 4386 F.
429 4329 558 4405 Epidice.
630 4329 638 4372 ¹
653 4331 892 4407 penthemimeren
907 4349 936 4391 et
952 4334 1213 4412 laepbtbemimeren
1227 4337 1258 4392 P.
1281 4338 1390 4412 penthe-

300 4407 431 4466 mimerin
461 4422 490 4467 et
513 4409 768 4486 hepbtbeminaerin
796 4412 840 4469 ed.
869 4415 950 4471 Cam.
974 4435 1037 4491 quae
1065 4433 1129 4471 mox
1158 4415 1390 4492 penthemimeris.

299 4485 316 4528 ¹¹
333 4491 467 4564 probatur
480 4493 558 4566 quse]
577 4492 678 4566 probat
691 4489 740 4568 qui
756 4491 786 4548 P.
