3012 5084
316 359 362 418 24
705 339 829 414 Marii
849 340 1032 416 Victorini
1299 371 1388 422 un.
1413 372 1448 422 1.

419 527 502 600 Ten
519 527 647 624 inquit,
665 525 871 598 miserande
882 551 990 624 puer.

270 688 301 736 ac
315 667 401 740 Non
416 677 509 740 tene.
559 665 621 739 dT
633 691 777 764 quoque
794 691 838 738 ex
858 667 1141 741 consonantibus
1160 667 1316 758 eliditur,
1334 683 1396 758 ut,

415 809 601 908 Pocquom
619 833 679 880 reo
695 807 821 880 Acioes

316 971 389 1018 non
402 952 607 1042 postquam.
659 940 712 1014 M
724 953 859 1031 autem,
877 953 929 1029 ut,

415 1073 549 1148 ‘Muto’
566 1073 630 1147 ille
648 1083 684 1146 et
702 1073 825 1146 tonia.

314 1216 474 1290 ‘Vocalic
492 1229 529 1288 et
545 1241 746 1288 consonans
765 1213 907 1312 pariter,

414 1339 501 1412 Non
519 1338 682 1437 equidem
699 1337 853 1411 invideo.

414 1455 470 1527 Et
488 1453 645 1526 breviter
660 1465 679 1514 8
693 1451 809 1552 Pinnio
824 1478 1032 1549 supremum
1050 1454 1181 1528 andire
1198 1453 1369 1529 lobormn.

267 1587 300 1652 ⁸9
363 1585 458 1658 Cum
475 1585 583 1658 suerit
597 1599 717 1658 autem
734 1584 908 1683 scriptum
923 1587 1125 1660 audiendus
1137 1597 1202 1675 est,
1213 1601 1249 1660 et
1260 1587 1427 1661 scriben-

313 1702 382 1774 duo
396 1712 501 1792 estet
512 1701 707 1775 mutandus
719 1709 824 1789 estet
837 1700 967 1774 similia
980 1703 1119 1800 generis
1135 1703 1334 1788 masculini,
1345 1703 1426 1802 pri-

313 1845 412 1891 mam
430 1843 555 1890 vocem
583 1817 760 1915 integram
782 1816 1002 1914 relinquetis,
1020 1843 1065 1890 cx
1084 1817 1277 1892 novissimo
1295 1832 1422 1892 autem

313 1931 408 2006 chet
425 1959 444 2005 c
461 1931 667 2021 detrahetis,
685 1931 780 2004 idem
800 1931 937 2005 iacietis
961 1933 997 2004 in
1016 1932 1227 2022 *feminium
1241 1947 1283 2005 ut
1300 1933 1423 2031 prima

312 2075 395 2138 vox,
424 2047 528 2145 cujus
554 2048 693 2146 generis
717 2047 775 2134 sit,
803 2061 985 2146 appareat,
1011 2048 1181 2145 idemque
1205 2049 1241 2120 in
1267 2048 1420 2122 nennio.

267 2165 364 2242 cont
389 2163 487 2236 lticce
503 2177 540 2235 et
558 2162 663 2236 hocce
687 2162 975 2261 pronominibus,
994 2162 1022 2235 si
1039 2187 1108 2236 vox
1133 2189 1284 2262 sequens
1310 2189 1330 2236 a
1353 2189 1420 2236 vo-

312 2279 378 2351 cali
397 2277 556 2375 incipiat,
575 2303 594 2350 e
610 2277 842 2350 novissimam
861 2277 1068 2364 detrahetis,
1085 2291 1138 2367 ut,

412 2407 540 2481 '‘Hicc'
558 2407 700 2481 olienno¹
717 2435 799 2483 oves
816 2419 933 2483 cinctos
951 2409 1005 2482 bic
1023 2408 1163 2509 mulget
1180 2409 1218 2482 in
1235 2409 1334 2482 tora.

314 2507 375 2594 El,
415 2606 659 2706 Moniliusqne
675 2607 765 2680 meio
782 2606 994 2680 Mezentius
1012 2607 1099 2681 lticc’
1118 2618 1181 2680 est.

312 2741 373 2826 El,
411 2837 540 2912 ¹Hocc'
559 2847 640 2911 erut
657 2835 757 2910 ulmo
769 2861 919 2934 porenc

312 2955 374 3040 Et,
415 3049 528 3126 Hocc'
547 3051 698 3126 Itltococ
713 3051 813 3125 velit.

267 3225 296 3276 9ι
313 3199 398 3271 Non
426 3199 521 3272 idem
554 3211 638 3270 eunt
666 3199 752 3287 trio,
779 3197 907 3295 mquod
937 3199 1063 3272 trino:
1096 3200 1172 3272 trio
1201 3199 1296 3272 enim
1326 3212 1412 3272 eunt

313 3315 517 3412 singularia,
536 3315 636 3387 trino
654 3326 773 3386 autem
802 3315 1029 3413 multiplicia,
1047 3314 1098 3387 oio
1124 3316 1239 3387 trinos
1265 3313 1410 3403 colonos,

312 3445 349 3503 et
366 3431 467 3503 trino
479 3431 690 3502 uestimento
706 3455 778 3500 non
792 3431 886 3514 trio‚·
906 3444 943 3503 et
961 3432 1058 3504 terni
1070 3431 1252 3520 dicuntur,
1269 3445 1308 3503 ut
1324 3431 1411 3521 bini,

312 3546 426 3644 quini,
444 3545 594 3642 septeni,
612 3543 705 3616 deni.

267 3691 299 3744 9²
363 3659 519 3743 Quando
530 3659 762 3760 distinguitis,
774 3685 857 3731 cum
870 3659 937 3732 erit
951 3661 1107 3759 perfecta
1118 3661 1232 3734 oratio
1243 3674 1408 3734 etsensus

312 3777 556 3863 concludetur,
574 3777 667 3850 inter
678 3774 910 3848 novissimam
925 3777 1023 3849 verbi
1039 3777 1195 3850 litteram
1208 3791 1246 3848 et
1258 3775 1405 3876 primam

351 4089 549 4168 quuoque]
566 4087 732 4166 etqueqP.
815 4085 929 4144 ‘Mult'
945 4087 1006 4162 ille]
1024 4085 1144 4144 multille
1158 4087 1189 4144 P.
1272 4081 1404 4158 fvndis]

312 4171 454 4244 vocab-ulis
470 4169 536 4244 (nic)
552 4171 586 4229 P.
693 4162 829 4241 &Trojae]
846 4167 939 4245 Trojae
953 4186 1115 4246 supremum
1130 4164 1227 4224 audire
1242 4164 1357 4222 laborem
1372 4165 1403 4221 P.
1473 4225 1474 4228 Ἴ

310 4265 369 4325 ¹¹et
381 4250 407 4340 a]
423 4279 453 4326 et
466 4286 494 4326 ea
508 4267 539 4324 P.
631 4260 798 4344 lfoeininin]
817 4263 929 4324 feminis
943 4257 975 4324 P.
1070 4260 1295 4336 kilino-oves]
1310 4261 1402 4319 llic-

310 4347 369 4406 ovic
382 4349 414 4407 P.
429 4348 477 4426 qui
491 4359 586 4405 tamen
601 4344 664 4404 hice
678 4343 772 4422 pocillo
786 4343 867 4404 inira.
991 4342 1001 4388 ¹
1022 4345 1118 4420 llooc]
1144 4343 1210 4402 Hoc
1230 4344 1262 4402 P.
1278 4340 1323 4420 qui
1339 4361 1402 4400 mox
1472 4327 1473 4399 l

311 4429 391 4487 hooc.
472 4437 497 4470 ²¹¹
510 4425 600 4504 quod]
617 4444 681 4502 quie
694 4425 725 4482 P.

1468 4515 1471 4607 l
