3124 5120
161 428 243 478 car.
260 419 293 478 2.
519 406 794 507 DeDactylioo
810 417 938 482 metro.
1214 419 1261 498 97

159 591 254 664 tiens
271 604 308 663 et
325 589 458 689 quibus
476 591 513 662 in
531 591 619 664 locis
635 618 699 692 per
716 592 869 665 alternas
894 591 1026 692 dactyli
1055 607 1092 666 et
1114 591 1263 692 spondei

159 705 256 778 vices
284 705 377 778 inter
397 731 435 778 se
452 707 588 779 obortae
605 707 844 782 collocentur:
870 734 959 806 quas
976 721 1098 780 tamen
1117 707 1264 804 triginta

159 821 251 895 duas
275 849 352 894 esse
375 821 608 894 manifestum
628 837 693 896 est.
745 823 815 896 Est
841 837 960 896 autem
988 823 1118 897 herous
1143 849 1264 897 versus
1279 857 1311 904 24

160 951 367 1036 temporum
390 935 518 1036 viginti
542 951 724 1035 quattuor,
741 939 902 1038 spondeo
918 939 1110 1014 dumtaxat
1122 940 1264 1013 ultimo.

160 1055 212 1126 At
237 1053 266 1124 si
285 1051 465 1126 trochaeus
483 1077 626 1126 versum
650 1054 828 1144 clauserit,
844 1053 971 1152 viginti
998 1056 1128 1128 trium:
1155 1081 1263 1154 quem

159 1169 289 1241 volunt
312 1167 435 1240 haberi
462 1168 713 1242 hexametrum
738 1171 999 1244 catalecticum.
1051 1172 1310 1250 Mcnrinerisas

161 1296 284 1356 autern
312 1310 406 1383 saepe
426 1285 568 1357 Graecos
596 1284 680 1358 huic
707 1299 825 1358 metro
851 1286 1048 1358 molossum
1075 1304 1113 1360 et
1137 1287 1266 1387 palim-

161 1399 356 1472 bacchium
383 1413 419 1471 et
445 1398 618 1472 creticum
644 1399 725 1472 loco
752 1399 886 1500 dactyli
914 1401 981 1472 sub
1007 1401 1086 1499 lege
1111 1403 1263 1501 syllaba-

161 1541 243 1588 rum
263 1513 515 1588 communium
537 1513 745 1588 admiscere.
797 1516 894 1588 Nam
915 1531 952 1588 ct
969 1515 1064 1616 apud
1084 1545 1149 1590 nos
1167 1517 1266 1590 simi-
1280 1532 1311 1582 ²6

161 1628 205 1700 lis
228 1655 351 1702 versus
377 1627 562 1727 reperitur,
580 1629 616 1701 in
643 1655 716 1727 quo
741 1629 879 1728 primus
908 1628 1198 1726 amphimacms:
1228 1643 1266 1702 ut

161 1757 228 1828 est,

366 1841 499 1916 Insula
517 1844 619 1917 Ionio
636 1845 674 1918 in
690 1871 831 1944 magno.

162 1975 237 2056 Qui
257 1987 379 2046 tamen
397 1987 494 2046 corta
512 1974 649 2046 ratione
668 1976 820 2048 creticus
841 1991 938 2047 tnon
959 1989 1024 2049 est.
1077 1977 1176 2049 Nam
1196 1989 1264 2048 ter·
1280 2007 1311 2058 ²7

161 2089 252 2162 tiam
274 2089 432 2187 longam,
448 2088 485 2161 id
504 2103 559 2162 est
575 2117 603 2162 c
620 2088 888 2190 diphthongon,
906 2119 987 2190 quae
1009 2093 1180 2166 creticum
1201 2117 1267 2191 pro

160 2205 309 2304 dactylo
334 2205 445 2294 dedit,
463 2231 615 2303 sequens
639 2207 776 2303 syllaba
795 2235 815 2280 a
832 2209 947 2280 vocali
972 2209 1160 2308 incipiens,
1178 2207 1265 2280 dum

161 2337 308 2420 tempus
325 2321 452 2420 prioris
471 2321 506 2394 in
525 2349 563 2394 se
580 2321 702 2410 trahit,
718 2322 867 2422 produci
894 2350 966 2395 non
996 2323 1141 2422 patitur,
1160 2351 1267 2420 atquc

161 2438 214 2510 ita
230 2437 445 2537 productam
463 2439 622 2532 vocalem
646 2438 899 2537 superveniens
920 2439 989 2512 alia
1005 2437 1137 2511 vocalis
1155 2438 1267 2511 elidit.

161 2551 244 2626 Nec
262 2568 298 2626 te
317 2553 412 2626 idem
439 2580 502 2652 pes
519 2553 557 2626 in
575 2553 638 2626 illo
657 2580 759 2628 versu
777 2553 945 2654 decipiat,
963 2554 1062 2628 velut
1088 2552 1194 2648 hujus
1219 2554 1267 2626 si·
1281 2575 1312 2623 ss

165 2670 275 2760 milis,
293 2669 356 2766 qui
374 2683 429 2742 est
447 2669 540 2760 talio,

365 2783 528 2858 Ponite:
555 2811 637 2882 spes
653 2785 723 2858 sibi
739 2787 902 2886 quisque.

161 2901 247 2974 Nec
264 2900 363 2974 enim
382 2900 453 2990 hic,
469 2915 511 2974 ut
527 2901 566 2974 in
584 2901 779 3001 superiore,
792 2904 931 3000 primus
949 2927 1011 3002 pes
1027 2900 1180 2974 creticus
1198 2899 1267 2974 erit
1281 2932 1312 2985 ²9

161 3033 312 3116 propter
334 3015 424 3090 duas
442 3031 690 3107 consonantes,
708 3014 770 3088 sed
794 3043 856 3114 pes
879 3030 933 3088 est
955 3015 1131 3115 dactylus,
1147 3015 1266 3114 primo

162 3132 261 3230 quod
281 3158 363 3232 pars
379 3131 550 3205 orationis
576 3134 802 3232 compleatur
824 3157 907 3204 cum
933 3131 1036 3230 pede,
1053 3129 1090 3203 id
1109 3145 1174 3216 est,
1191 3131 1267 3204 Po-

161 3249 252 3338 nite,
281 3247 415 3321 dehinc
441 3247 539 3346 quod
562 3273 605 3345 sp
635 3247 817 3346 sequentis
846 3246 946 3346 pedis
982 3245 1124 3319 rinferri
1160 3271 1266 3344 supe-

161 3363 248 3436 riori
276 3389 348 3436 non
376 3376 539 3462 possunt,
566 3362 735 3460 'quando
765 3361 877 3435 aliurn
907 3363 1081 3437 inchoant
1107 3387 1265 3434 sensum.

161 3478 247 3552 Nec
272 3483 466 3575 tumquam
493 3490 733 3551 consonantes
758 3476 839 3550 duae
856 3477 1001 3577 longam
1021 3477 1195 3577 syllabam
1214 3477 1311 3551 fa-ro

162 3595 280 3680 ciunt,
297 3594 364 3668 nisi
383 3595 419 3666 in
438 3593 563 3668 eadem
587 3609 689 3695 parte
706 3594 802 3668 verbi
824 3593 1048 3668 constitute:
1076 3591 1203 3690 uquod
1229 3605 1266 3664 et

163 3712 201 3785 in
220 3710 347 3784 ceteris
364 3711 649 3786 observabimus.

214 3825 351 3926 Incipit
369 3841 491 3900 autem
507 3838 544 3900 et
560 3825 734 3900 adcrescit
751 3852 816 3926 per
833 3837 1026 3926 augmenta
1045 3823 1264 3923 syllabarum
1278 3851 1308 3897 ³¹

163 3943 387 4044 dactylicum
414 3957 570 4018 metrum
589 3971 610 4018 a
626 3942 782 4018 dimetro
808 3939 983 4037 usquead
1002 3940 1265 4012 hexametrum.

162 4059 247 4133 Erit
264 4085 349 4159 ergo
368 4085 489 4134 versus
506 4060 681 4134 dimetrus
699 4058 940 4142 catalecticus,
954 4055 1017 4154 qui
1034 4055 1175 4128 duobus
1193 4053 1266 4126 suis

163 4175 357 4252 dumtaxat
374 4175 526 4274 pedibus
544 4177 717 4266 subsistit,
733 4190 934 4271 tamquam,

375 4293 526 4366 Terruit
544 4293 709 4365 warhan.

203 4457 294 4505 quon
309 4444 367 4528 est]
384 4457 428 4504 est
441 4446 472 4503 P.
584 4444 725 4520 rinserte]
742 4441 837 4502 inferri
852 4444 883 4500 P.
994 4437 1148 4516 ⁸quando]
1164 4454 1219 4526 que
1234 4435 1268 4492 P.

162 4547 330 4622 tunquam]
348 4563 483 4622 umquam
498 4543 528 4601 Ρ.
611 4541 730 4618 11φωά]
747 4557 802 4628 qap
817 4539 849 4596 l'.
932 4541 951 4570 w
966 4536 1077 4609 orbern]
1094 4533 1192 4592 urbem
1207 4535 1240 4592 Ρ.

711 4665 734 4712 0
