3082 5140
369 511 376 518 ’
456 539 686 624 mcum
714 539 902 626 amaa
930 541 1190 627 ruamus

675 715 979 841 pronatus.

674 967 972 1000 *¹¹*—

744 1151 849 1236 Cas.
870 1153 905 1234 1.

276 1279 350 1394 IN
385 1318 478 1393 libro
510 1333 678 1416 ⁸quoque
715 1317 887 1408 secundo,
920 1331 1097 1416 quantum
1132 1317 1178 1390 sd
1213 1317 1378 1408 officium
1512 1305 1513 1332 ³

274 1433 530 1510 obsemtionis
582 1433 827 1531 grammaticae
885 1445 1116 1507 stmctursevc
1172 1431 1380 1506 borationis

275 1575 390 1650 prosse
431 1549 653 1648 probabssem
688 1549 952 1648 ‘cognitionem
987 1563 1139 1648 spectat,
1173 1548 1381 1648 prudentiae

249 1679 347 1740 stuae
382 1663 546 1737 sensibus
579 1663 723 1738 interim
756 1664 967 1764 explanasse
999 1663 1162 1738 sufficiat.
1228 1665 1274 1738 Iu
1307 1665 1380 1738 hoc

275 1807 359 1854 vero
383 1779 490 1854 tertio
514 1780 618 1866 libro,
643 1781 704 1880 qui
736 1805 917 1854 summam
942 1779 1055 1854 totius
1079 1779 1198 1879 operis
1223 1777 1379 1880 ‘'imple-

275 1895 342 1984 bit,
367 1907 492 1986 metra,
516 1909 704 1994 quaesunt
728 1895 918 1970 ‘tortuosis
946 1896 1225 1970 obscuritatibus
1256 1895 1380 1994 impli-

275 2023 366 2096 cata,
383 2037 425 2084 ac
450 2011 646 2084 multarum
668 2010 908 2107 questionum
934 2036 1125 2084 numerosa
1151 2008 1379 2083 ‘diversitate

275 2125 457 2226 perplexa,
475 2125 607 2222 quibus
628 2124 762 2224 pedum
781 2125 1016 2224 qualitatibus
1033 2125 1377 2225 ‘compositionisve
1512 2231 1513 2236 Ἰ

276 2240 434 2314 metrice
460 2241 768 2314 observationibus
790 2239 1019 2340 ”regnantun
1043 2243 1148 2314 certis
1173 2241 1374 2314 rationibus

247 2356 459 2434 ³¹edocebo.
531 2357 624 2440 Quae
658 2357 804 2454 quidem
844 2359 968 2432 omnia
999 2359 1028 2430 si
1064 2359 1146 2454 quis
1186 2356 1373 2456 profundis

276 2471 440 2545 sensibus
456 2469 665 2557 *intimarit
683 2499 725 2546 ac
748 2474 884 2547 sincera
911 2473 1042 2546 mentis
1066 2473 1266 2546 intentione
1293 2497 1374 2570 pcr-

276 2587 445 2687 spcxerit,
459 2601 494 2659 et
512 2584 741 2685 ¹compererit
753 2588 883 2677 studio,
894 2589 1152 2688 diligentiaque
1169 2587 1373 2672 servaverit,

275 2729 348 2776 non
373 2717 514 2777 tantum
541 2701 578 2777 in
603 2703 823 2802 mpangenda
850 2703 1109 2778 versificatione
1134 2703 1296 2802 pollebit,
1312 2729 1372 2775 vc-

276 2845 356 2892 rum
382 2819 491 2892 etiam
519 2817 565 2892 de
590 2818 740 2892 aliorum
771 2819 1003 2908 carminibus,
1029 2817 1195 2916 quotiens
1224 2819 1370 2892 libitum

276 2933 514 3030 bueritjustis
541 2933 739 3007 rationibus
757 2945 853 3008 mmet
870 2933 1179 3034 inreprehensibili
1198 2947 1372 3008 tractatus

276 3049 451 3123 sententia
471 3048 662 3146 judicabit.
724 3049 837 3124 Nunc
865 3049 971 3123 tertio
1000 3075 1146 3147 quoquc
1180 3050 1282 3139 libro,
1308 3050 1371 3148 qui

276 3191 456 3239 summam
485 3165 594 3238 totius
620 3164 737 3264 operis
766 3164 969 3266 ”implebit
984 3163 1072 3262 quid
1098 3177 1192 3238 esset
1216 3165 1372 3264 poetica,

276 3293 312 3352 et
329 3279 460 3377 quibus
477 3279 603 3354 officiis
619 3279 823 3380 ⁰dirigatur,
841 3281 1086 3354 tractabimus.

317 3519 333 3552 ⁸
346 3507 475 3586 quidem]
491 3531 596 3588 quopre
607 3514 681 3572 AB.
697 3513 770 3572 Vsu.
870 3511 930 3571 bat
943 3513 979 3570 ad
994 3532 1083 3592 prosc
1097 3511 1247 3585 emtionis]
1262 3529 1295 3567 oe
1308 3529 1371 3568 ora.

278 3592 359 3650 tionis
367 3609 419 3667 per
431 3609 460 3648 se
471 3593 508 3650 B.
520 3613 608 3668 prose
621 3597 655 3652 A.
669 3596 800 3652 orationis
810 3611 898 3668 prose
910 3593 985 3652 Ven.
1085 3604 1099 3638 ⁶
1112 3591 1368 3670 comparationem]

277 3674 455 3748 engaitionem
468 3673 541 3732 AB.
555 3673 626 3732 Mos
639 3673 855 3752 sufficeritVen.
1014 3670 1186 3752 dimplebis]
1202 3674 1323 3747 inplevit
1335 3673 1369 3728 A.

277 3763 290 3798 θ
306 3753 453 3828 tortuosis]
471 3761 608 3812 tortuosus
621 3755 657 3812 B.
783 3751 992 3832 ‘perplexitate
1005 3752 1126 3826 diversa]
1141 3755 1298 3810 diveratote
1307 3771 1370 3828 per·

266 3835 347 3913 flexa
360 3835 396 3893 B.
408 3837 539 3912 pespiara
552 3837 587 3892 A.
696 3833 987 3911 ssomposiuonisve]
1003 3837 1236 3909 cornporitionem
1248 3834 1286 3892 A.
1301 3851 1371 3890 coin·

273 3917 408 3990 positione
419 3933 465 3972 sse
478 3916 515 3973 B.
626 3911 791 3992 ¹¹regnunt]
807 3923 959 3990 regnantur
971 3915 1045 3972 AB.
1145 3911 1155 3955 ¹
1169 3913 1291 3987 docebo]
1308 3915 1372 3970 edo-

277 3997 340 4052 cebo
354 3997 390 4054 A.
406 3997 478 4054 Ven.
596 3990 614 4036 ¹
628 3991 766 4052 intiman't
779 4005 809 4052 et
822 3995 952 4074 syncera]
969 3997 1110 4052 intimaret
1123 4013 1157 4053 ac
1169 3997 1275 4051 uncas
1288 3995 1323 4050 A.
1337 4012 1371 4050 nc

276 4077 380 4132 sincere
395 4075 430 4132 B.
560 4072 569 4117 ¹
582 4073 722 4154 compari]
739 4079 900 4150 compererit
913 4075 984 4133 AB.
998 4075 1168 4148 compararit
1181 4073 1255 4132 Ven.
1294 4073 1369 4130 Tum

277 4156 421 4228 diligentia
434 4173 493 4230 quc
506 4155 576 4215 A.B.
658 4165 682 4198 Ν
695 4155 819 4234 agenda]
831 4159 981 4232 pungenda
993 4155 1069 4214 AB.
1158 4163 1243 4212 met
1257 4152 1371 4230 irrepre-

278 4231 422 4307 hensibili]
438 4237 772 4311 inrepraehensibilis.
786 4247 816 4294 et
830 4243 950 4294 tacwtu
964 4253 1029 4294 cum
1046 4235 1118 4293 Ven.
1150 4235 1226 4292 Tum
1233 4232 1371 4306 judicavit

278 4313 313 4372 B.
329 4308 441 4371 idicbbit
452 4316 486 4372 A.
568 4326 584 4358 ¹¹
598 4315 729 4394 implebit
741 4315 810 4393 quid
821 4317 946 4410 poetica]
963 4317 1084 4391 tripleoit
1097 4317 1163 4390 qaid
1179 4323 1246 4372 esset
1263 4317 1369 4389 poetica

277 4395 311 4453 A.
327 4395 345 4451 ‘a
361 4394 428 4470 quid
441 4411 496 4454 etse
504 4397 615 4470 poetico
627 4397 663 4454 B.
745 4405 761 4440 ⁰
775 4395 924 4476 dirigatur]
940 4399 1085 4471 digeram
1098 4395 1163 4454 edd.
1178 4407 1244 4453 vett.
