3076 5140
135 419 219 472 cae.
235 403 291 488 17.
470 395 533 470 De
549 395 687 472 danim
702 394 839 470 Ionaion
856 393 922 490 ἅμ.
1164 403 1234 481 181

134 579 347 654 divisionem
360 605 455 671 eam,
465 579 952 680 quam‘hephthemimeren
962 575 1133 666 diximus,
1142 587 1235 648 tam·

134 723 256 794 quam,

282 809 407 884 Arma
421 811 613 910 auumque
629 835 718 884 euno
740 809 866 910 Trrp‘ae.

134 938 309 1026 superest,

287 1041 367 1122 Qui
379 1042 524 1140 primus
540 1042 587 1116 ab
603 1043 687 1116 oras.

136 1157 241 1246 Item,

285 1272 377 1346 Inde
392 1282 472 1348 toro
482 1283 594 1370 pater·
603 1269 767 1346 AEneos.

135 1387 278 1477 dehinc,

284 1500 349 1574 Sic
364 1527 470 1576 ornas
485 1503 533 1576 ob
549 1501 635 1576 alto.

135 1615 176 1690 ld
201 1617 232 1690 oi
259 1615 511 1716 geminaveris,
534 1630 570 1690 et
596 1615 825 1714 pariambum
855 1613 1015 1690 medium
1044 1614 1262 1688 inseruerisr

134 1732 261 1818 versui,
289 1731 450 1804 ionicurn
478 1731 537 1806 cirri
565 1731 696 1827 μείζονος
723 1743 971 1804 tetrametrum
1000 1731 1233 1830 brachycata-

134 1847 266 1921 lectum
286 1847 471 1946 figurabis,
488 1861 528 1920 ut
545 1859 635 1946 puta
660 1845 688 1918 si
708 1844 848 1918 medius
865 1845 1084 1945 pariambus.
1133 1845 1234 1945 Ergo

133 1964 316 2061 geminata
334 1963 413 2036 coia
432 1961 530 2036 heroi
549 1987 671 2036 versus
690 1975 845 2036 metrum
863 1987 909 2034 ex
926 1988 964 2034 se
981 1961 1053 2034 tale
1070 1987 1234 2060 procrea-

135 2078 236 2166 bunt,
253 2091 309 2167 ut,

289 2193 366 2271 Qui
376 2193 522 2290 priona
534 2191 580 2266 ab
597 2191 681 2266 oris.

134 2306 243 2397 Item,

285 2423 407 2500 dDum
424 2423 592 2500 conderet
607 2422 745 2497 arbem.

133 2540 191 2614 Sit
207 2539 371 2615 medium
384 2551 490 2640 puto,
507 2543 571 2614 fiet
587 2565 722 2624 versus,

234 2656 336 2734 ‘Qui
347 2658 494 2754 primm
509 2655 555 2729 ab
571 2655 659 2744 oris,
671 2664 776 2752 puto,
791 2653 894 2728 Dum
912 2653 1080 2728 conderet
1096 2655 1233 2730 urbem.

134 2772 234 2871 Ergo
261 2773 467 2869 pariambus
490 2772 526 2846 in
556 2769 675 2844 media
701 2768 784 2842 sede
810 2768 963 2842 duorum
988 2769 1260 2846 hemistichios

134 2914 213 2960 rum
241 2887 382 2988 positus
407 2887 480 2961 duo
507 2885 585 2959 cola
611 2883 734 2971 nectit,
752 2884 910 2982 facitque
929 2897 969 2957 ut
987 2883 1078 2960 inter
1095 2913 1133 2959 se
1150 2913 1235 2960 con-

134 3017 279 3100 gruant,
313 3001 411 3100 'quae
447 3001 523 3074 sine
557 3013 674 3074 metro
708 3012 814 3074 antea
847 2997 1077 3074 dissidebant
1139 3001 1235 3076 Sane

135 3117 263 3190 cadere
293 3143 552 3214 nonnunquam
585 3115 623 3190 in
651 3115 746 3190 hauc
771 3115 930 3215 speciem
956 3128 993 3190 et
1014 3115 1232 3192 trochaicam

136 3234 251 3319 basin,
269 3260 350 3330 quae
367 3233 524 3308 secunda
541 3232 686 3331 regione
707 3245 790 3332 post
807 3231 963 3304 ionicam
989 3231 1144 3330 primam
1170 3258 1235 3330 po-

135 3349 243 3421 sitam
271 3349 465 3422 Praxilium
494 3362 649 3422 metrum
679 3347 801 3437 efficit,
830 3347 1074 3422 intimandum
1110 3348 1232 3421 lectori

136 3489 212 3536 esse
225 3489 293 3563 par
304 3462 404 3551 duxi,
416 3490 462 3536 ne
475 3464 600 3538 &velut
610 3475 733 3536 contra
747 3463 864 3561 legem
884 3463 1083 3536 ionicorum
1102 3461 1232 3536 factam

137 3575 394 3666 ”existimaret
411 3579 537 3665 veluti,

245 3694 297 3767 Te
312 3721 410 3768 nunc
425 3717 515 3794 rogo
531 3693 669 3768 Plroebe
685 3691 791 3767 dulce
807 3693 926 3768 melos.

176 3921 462 3998 eirephthemirnere]
476 3921 722 4000 ephtbernirneren
736 3923 766 3980 P.
877 3920 892 3966 ‘¹
906 3923 974 3982 darn
990 3923 1126 3982 conderet
1138 3923 1234 3982 urbani

136 4022 195 4060 our.
212 4001 244 4058 P.
260 4002 306 4062 ed.
323 4003 402 4060 Cam.
471 4003 546 4080 equi
561 4001 668 4080 primus
682 4003 718 4060 ab
732 4004 789 4060 oris
802 4022 861 4062 onr.
878 4004 911 4062 P.
926 4003 972 4062 ed.
987 4007 1068 4062 Cam.
1132 4001 1232 4082 ique]

136 4101 221 4158 quanr
236 4081 268 4140 P.
350 4083 469 4158 svelut]
485 4081 570 4141 veluti
583 4084 615 4141 P.
697 4081 914 4160 ¹¹existimaret]
931 4081 1124 4142 existimarent
1140 4085 1170 4142 P.

177 4285 209 4338 4.
226 4265 401 4322 sumentem
417 4265 502 4343 puto]
517 4265 609 4322 Totus
623 4263 667 4322 lo·
698 4265 753 4340 fiet
780 4283 890 4321 nosue:
914 4265 969 4328 Qui
991 4268 1098 4339 primur
1124 4265 1158 4322 ab
1182 4265 1237 4320 oris

138 4364 187 4403 cus
201 4355 329 4402 exaratus
338 4345 378 4402 sie
387 4345 542 4404 scribatur:
559 4357 599 4414 ut,
614 4346 668 4410 Qui
706 4351 776 4418 puto
799 4347 865 4400 dum
892 4347 1019 4403 conderet
1043 4345 1146 4402 urbem.
1171 4345 1234 4400 CA·

137 4427 242 4498 primur
255 4425 291 4482 ab
306 4427 369 4482 oris.
413 4426 497 4495 ltern,
514 4427 593 4484 Dum
606 4445 668 4484 con·
709 4423 810 4482 Mun.

139 4507 215 4562 deret
241 4505 344 4562 urbem.
389 4507 433 4562 su
459 4507 577 4564 medium
599 4513 669 4580 puto

764 4599 869 4669 aba
