3100 5142
320 367 394 444 260
744 365 867 438 Marii
883 363 1003 438 Plotia·

468 559 565 648 Χαῖρε
581 549 655 636 ἄναξ
672 549 758 646 impe
778 549 884 640 ζαθέας
901 551 1006 646 μάκαρ
1023 546 1117 638 ἥβας.

320 666 450 740 Latina
477 665 643 764 exempla
664 663 739 738 haec
759 677 863 738 sunt:
892 674 1063 760 quattuor
1089 661 1222 762 dactyli
1249 675 1287 736 et
1311 689 1427 764 spon·

318 780 419 870 deus,
438 793 479 854 ut
496 793 561 870 est,

348 913 357 931 ·
447 894 610 958 immam
624 917 746 982 magam
759 895 945 980 vaisfisdl
958 893 1225 984 midagraadi.

272 1019 487 1104 aquattuor
520 1004 654 1106 dactyli
689 1024 726 1080 et
760 1005 980 1106 pariambus,
1013 1005 1051 1078 id
1084 1019 1139 1080 est
1179 1004 1427 1104 pyrrhichius,

318 1120 333 1168 k

341 1135 380 1196 ut
397 1135 520 1308 eulpae
530 1229 624 1308 paler
638 1229 726 1284 tecam
740 1221 894 1308 luppiter
906 1222 996 1310 erige
1010 1221 1143 1284 domum.

315 1359 486 1444 quattuor
502 1346 637 1446 dactyli
657 1361 693 1420 et
711 1346 903 1434 trocheus,
922 1361 973 1432 ut,

446 1463 646 1528 Culminibus
660 1463 820 1550 crepitans
835 1471 927 1526 sorsat
940 1463 1073 1529 horrida
1082 1463 1227 1554 grando.

316 1587 486 1670 quattuor
503 1571 636 1670 dactyli
656 1587 693 1644 et
711 1574 864 1660 iambus,
882 1593 924 1646 ut
940 1589 1005 1658 est,

445 1687 607 1772 Agricolis
621 1687 707 1751 dedit
721 1689 828 1750 anania
842 1687 948 1751 dulcia
964 1689 1068 1752 Ceres.

318 1795 420 1870 Huic
446 1809 572 1884 metro,
589 1794 626 1868 id
650 1809 704 1870 est
731 1795 897 1886 Simmio,
915 1811 1069 1870 metrum
1089 1795 1277 1872 AEolicum
1294 1795 1424 1894 dacty-

317 1909 425 1984 licum
458 1911 682 2008 Sapphicum
710 1911 927 1984 contrariam
953 1927 1017 1984 est.
1068 1911 1166 1984 Nam
1197 1910 1373 2009 incipiens
1400 1939 1422 1982 a

315 2023 407 2124 pede
424 2023 602 2123 disyllabo
627 2026 759 2100 desinit
785 2027 821 2098 in
846 2025 1021 2126 ldactylos
1038 2039 1219 2124 quattuor,
1238 2025 1332 2101 sicut
1354 2051 1422 2100 ex-

315 2139 444 2240 emplis
461 2139 684 2214 docebimus.

269 2373 302 2424 50
359 2354 424 2428 De
441 2367 554 2430 metro
571 2357 726 2432 AEolico
744 2358 926 2456 Sapphica
939 2367 1166 2455 pentametw
1184 2355 1374 2454 dactylico.

363 2487 535 2562 Metram
549 2489 746 2564 AEolicum
764 2490 986 2590 Sapphicum
1008 2505 1032 2536 ¹¹²
1045 2503 1310 2589 pentametrum
1331 2515 1422 2561 con-

313 2616 394 2690 stat,
413 2604 506 2676 sicut
531 2604 620 2690 dixi,
638 2606 756 2704 primo
781 2605 871 2704 pede
896 2606 1074 2704 disyllabo
1094 2605 1268 2701 quolibet,
1287 2605 1420 2676 ceteris

312 2733 484 2815 quattuor
510 2720 674 2819 dactylis.
741 2720 850 2794 Unde
880 2721 1018 2820 primus
1048 2746 1112 2820 pes
1139 2724 1216 2816 ejus
1244 2731 1420 2815 quattuor

312 2833 498 2908 schemata
524 2835 644 2922 habet,
673 2835 766 2909 sicut
792 2835 936 2910 Simmii
964 2835 1068 2908 metri
1099 2861 1162 2934 pes
1186 2833 1418 2923 novissimus,

311 2948 407 3046 quod
439 2952 617 3052 exemplis
645 2951 786 3026 Latinis
813 2951 960 3050 quidem
990 2964 1161 3049 quattuor
1189 2949 1418 3036 docebimus,

310 3091 394 3137 nam
427 3066 618 3141 ”Graecum
648 3095 760 3141 unum
789 3067 939 3168 repperi.
1001 3067 1171 3139 Graecum
1202 3065 1415 3164 exemplum

312 3179 382 3253 hoc
401 3195 467 3268 est,

460 3294 623 3392 0Ἠριιὶμαιιν
639 3301 696 3392 μὲν
711 3301 768 3396 lydi
786 3299 879 3385 σέθεν,
895 3295 993 3382 'Aedi
1011 3299 1108 3370 πάλαι
1125 3295 1215 3370 adm.

266 3427 295 3476 ει
309 3408 442 3482 Latina
459 3413 627 3510 exempla
653 3413 730 3488 haec
753 3429 849 3502 sunt,
868 3411 1059 3512 spondeus,
1077 3424 1248 3509 quattuor
1264 3411 1415 3511 dactyli,

311 3538 350 3597 ut
369 3537 434 3614 est,

439 3638 599 3726 Oregs'na
612 3661 725 3704 novam
740 3645 792 3706 cul
807 3643 937 3708 condere
952 3643 1114 3730 Juppiur.

308 3747 530 3836 Pariambus,
560 3749 595 3822 id
631 3765 686 3826 est
719 3755 962 3853 pyrrhichius,
991 3753 1126 3851 dactyli
1159 3767 1342 3852 quattuor,
1371 3770 1415 3829 ut

309 3879 375 3950 cll,
436 3963 524 4027 Erat
538 3965 715 4031 Hectoreas
730 3967 871 4032 tiaemalas
885 3969 1035 4054 rapidum
1048 3991 1157 4056 prope.

346 4161 354 4204 ¹
370 4165 507 4240 Fulmine]
514 4167 633 4244 stamine
648 4167 683 4225 L.
753 4167 769 4212 ¹¹
785 4183 817 4228 ut
830 4173 894 4248 Ipse
910 4167 1133 4248 paterJuppiter
1144 4171 1235 4246 tusum]
1252 4183 1341 4229 mest
1355 4176 1412 4258 ipse

303 4252 385 4318 pater
401 4253 476 4302 litam
492 4245 603 4320 Jupiter
616 4247 652 4306 L.
761 4246 771 4293 ¹
785 4251 911 4328 dactylos
925 4253 989 4324 1111]
1006 4249 1054 4308 Sic
1068 4251 1105 4310 L.
1121 4264 1255 4327 quattuor
1269 4271 1326 4308 om.
1341 4252 1409 4310 Pat-

305 4325 412 4383 schius.
547 4337 570 4368 ¹⁰
584 4339 795 4404 pentametrum
810 4330 929 4402 constal]
946 4329 992 4387 Sic
1004 4331 1039 4388 L.
1056 4339 1162 4390 constat
1176 4352 1233 4393 om.
1250 4331 1408 4390 Putschius.

306 4413 322 4446 ¹¹
337 4407 461 4463 Graecum
475 4425 531 4464 om.
548 4405 583 4464 L.
654 4413 1341 4472 0ΗΡΑΝΑΝΜΕΝΠΦΟΕΕΕΝΑΤΕΙΠΑΔΗΤΟΡΑ.
1363 4411 1410 4470 Sic

304 4483 341 4544 L.
361 4485 490 4564 Reposul
501 4489 582 4557 Ἀτθὶ,
594 4489 670 4566 quod
685 4489 755 4548 latet
770 4489 798 4545 in
813 4513 880 4560 ατη,
895 4512 946 4568 pro
962 4491 1134 4552 Putschiano
1147 4493 1205 4550 ἅτε.
