2980 5142
293 317 365 394 ⁴6⁴
750 315 944 388 Diomedis
1252 337 1333 388 nm.
1355 337 1416 386 ιιι.

293 501 404 604 Apud
421 499 616 600 Virgilium
635 497 706 572 tale
723 519 797 572 est:

423 625 587 690 Pmrditur
600 626 722 688 intereo
736 621 848 686 dones
861 623 1082 710 mipace&
1098 621 1244 708 osy-pi.

341 753 468 828 dldem
488 751 705 854 spondiacus
723 753 935 852 appellatus,
952 777 1036 824 cum
1055 775 1185 824 omnes
1207 749 1410 851 spondeos,

293 897 402 970 quern
422 867 570 968 quidam
592 867 824 940 molossicurn
843 867 1024 954 dixerunt,
1041 881 1095 955 ut,

421 993 579 1058 eIlorrsoni
596 993 729 1056 victores
745 993 914 1056 Germanis
927 993 1069 1056 devictis.

293 1121 402 1224 Apud
423 1121 628 1196 Homerum
649 1119 720 1194 tale
737 1137 803 1208 est,

417 1257 526 1354 Ψυχὴν
542 1259 715 1346 κικλήσκων
732 1261 933 1352 Πατροκλῆος
950 1255 1069 1326 δειλοῖο.

349 1497 441 1574 CAP·
454 1495 560 1572 xlv.
585 1495 648 1570 DE
667 1515 992 1568 PULCHRITUDINE
1011 1513 1172 1564 annotet
1190 1515 1353 1566 VERSUS.

343 1655 477 1728 Versus
505 1651 668 1726 heroicus
695 1651 724 1724 is
749 1651 925 1746 dignitate
954 1649 1091 1748 primus
1118 1663 1183 1734 est,
1200 1665 1240 1722 et
1264 1649 1403 1749 ‘plenae

293 1769 441 1842 rationis
464 1767 685 1868 perfectione
710 1769 886 1852 firmatus,
913 1793 955 1840 ac
980 1765 1091 1838 totius
1118 1765 1308 1864 gravitatis
1338 1767 1402 1838 ho-

294 1909 379 1958 nore
402 1883 581 1972 sublimis,
597 1885 786 1982 multaque
803 1880 1084 1983 pulchritudinis
1100 1893 1293 1954 venustate
1312 1907 1402 1980 pne-

293 2001 420 2086 clarus,
441 1997 534 2098 “qui
562 1999 639 2072 sine
666 2001 739 2072 ulla
766 1997 1021 2096 conjunctione
1047 2023 1283 2095 quascunque
1312 1999 1399 2070 alias

293 2115 463 2190 orationis
498 2129 616 2216 partes
651 2114 701 2188 ita
739 2115 874 2188 mutuis
911 2113 1003 2186 inter
1036 2139 1073 2188 se
1107 2113 1399 2186 connexionibus

294 2231 453 2332 colligat,
486 2245 527 2304 ut
565 2230 601 2304 in
636 2229 825 2302 scansione
856 2231 999 2330 propria
1032 2229 1152 2303 nullus
1185 2241 1205 2291 ⁸
1214 2255 1293 2328 pes,
1330 2231 1396 2302 uisi

297 2349 513 2426 novissimus
536 2345 715 2434 ¹²tautum,
734 2347 909 2446 integram
928 2363 1066 2448 partem
1091 2347 1262 2420 orationis
1281 2347 1397 2421 inclu-

295 2467 370 2558 dat,
397 2481 505 2566 atque
531 2467 582 2540 ita
609 2489 671 2538 sex
699 2463 906 2563 regionibus
934 2463 1007 2536 suis
1033 2461 1231 2562 spondeum
1263 2463 1393 2563 pedem

296 2581 556 2680 dactylumque
590 2579 779 2666 custodiat,
809 2591 850 2652 ut
876 2578 1042 2680 dactylus
1072 2605 1225 2680 perraro,
1255 2593 1293 2652 et
1327 2582 1395 2653 hoc

296 2695 443 2792 quidem
475 2692 623 2766 ornandi
657 2695 834 2795 poematis
864 2695 988 2794 gratia,
1016 2696 1180 2795 quintam
1207 2695 1393 2793 regionem

296 2835 399 2881 suam
418 2805 577 2907 spondeo
594 2811 779 2896 concedat,
792 2811 972 2912 spondeus
988 2837 1072 2886 vero
1090 2810 1294 2911 'postremis
1312 2813 1394 2884 fini-

267 2925 363 2998 sbus
394 2923 468 2997 suis
498 2949 684 3022 nunquam
715 2925 901 3025 dactylum
938 2927 1095 3027 patiatur
1124 2925 1288 3000 insidere.
1351 2927 1392 2999 ln

296 3039 399 3115 tertia
417 3065 562 3136 quoque
588 3041 733 3140 regione
752 3043 880 3116 melius
899 3043 1079 3143 spondeus
1107 3041 1394 3142 lpenthemime-

296 3182 362 3245 res,
378 3181 487 3253 quam
510 3155 675 3257 dactylus
700 3156 840 3231 dividit.
891 3159 1011 3234 Ceteri
1034 3175 1153 3234 autem
1181 3157 1292 3258 pedes
1318 3159 1393 3230 sine

296 3271 368 3344 ulla
394 3270 487 3344 inter
514 3299 552 3346 sc
578 3273 792 3347 discretione
815 3275 1006 3349 variantur.
1067 3273 1253 3373 ¹Exempli
1281 3276 1392 3372 gratia

295 3413 473 3488 ponamus
500 3388 656 3486 aliquem
687 3417 842 3480 versum,
859 3391 923 3487 qui
954 3391 999 3464 sit
1026 3391 1081 3464 lris
1110 3390 1291 3479 omnibus,
1315 3417 1391 3488 quae

334 3674 454 3752 ⁴¹idern]
470 3681 499 3736 id
512 3687 551 3736 ert
565 3680 599 3737 A.
627 3680 701 3738 Tum
717 3685 879 3756 spondiacus
889 3683 961 3742 Α.Β.
976 3684 1139 3758 spondium
1152 3681 1390 3740 SentenTerens.

293 3758 388 3816 Maur.
404 3779 433 3835 p.
450 3777 513 3835 ¹45·
534 3765 667 3836 spondeus
681 3765 839 3838 appellatur
852 3764 928 3822 Veu.
1026 3773 1039 3806 θ
1056 3762 1178 3820 Romani
1192 3759 1279 3820 mun's
1293 3761 1389 3820 Albani

292 3839 445 3896 cinxerunt
459 3839 584 3918 longam.
604 3853 634 3900 et
648 3841 725 3910 illud,
740 3845 774 3900 nl
788 3849 807 3901 δ’
823 3851 848 3902 ir
860 3849 973 3924 μρσῆκῃ
992 3841 1136 3916 ξυμβλήτην
1153 3843 1314 3916 ἀλλήλοισιν]
1336 3843 1389 3900 Ro-

292 3921 368 3974 sroru'
388 3921 505 3978 victores
523 3925 665 3980 Germanis
677 3925 816 3982 devinctis.
839 3933 909 3999 aput
932 3927 1022 4000 (apud
1035 3925 1084 3998 Α.)
1106 3924 1245 3982 somnum
1268 3926 1324 3980 tole
1343 3931 1387 3992 est,

290 3999 410 4072 psychen
432 4002 511 4057 cretes
532 4021 581 4060 corr
605 4008 759 4078 patruelem
780 4007 865 4062 diloio
878 4007 951 4062 A.B.
976 4007 1095 4063 Romani
1114 4008 1229 4063 oictmer
1248 4023 1389 4077 germanas

293 4079 401 4135 donetis
415 4083 490 4154 opud
505 4083 653 4142 Homerum
671 4087 744 4146 Ven.
846 4083 1154 4164 ‘plene-fonnnus]
1176 4095 1203 4142 et
1219 4085 1387 4160 plene-fir·

295 4167 385 4216 netas
400 4161 472 4218 Α.Β.
575 4161 671 4242 sfqui]
687 4187 747 4242 que
760 4166 834 4224 Ven.
936 4177 1017 4243 spes
1032 4165 1140 4240 nullus]
1157 4167 1251 4224 nullus
1261 4184 1311 4242 pes
1323 4165 1386 4224 Α.Β.

297 4238 440 4300 lstantum
454 4243 609 4320 integram]
628 4255 735 4304 mutum
749 4250 885 4306 interdum
900 4249 1034 4320 integrans
1051 4247 1085 4304 B.
1196 4243 1204 4288 Ι
1219 4245 1384 4323 postremus]

302 4326 441 4400 postremis
455 4325 489 4383 Α.
511 4328 601 4400 Supra
614 4331 740 4386 tunoedet
754 4329 790 4384 Β.
893 4323 909 4370 ¹¹
926 4327 1187 4404 pentheminrerim]
1200 4327 1344 4402 pentlteres
1355 4327 1384 4382 A.

308 4407 525 4482 parmenam
539 4403 574 4462 B.
590 4403 661 4460 Ven.
733 4405 752 4458 ,Ι
765 4420 795 4462 at
808 4407 947 4488 crempli]
963 4415 991 4464 et
1005 4426 1063 4464 ons.
1078 4407 1150 4464 A.B.
