3076 5140
257 417 331 494 216
647 413 768 490 Marii
787 415 972 490 Wctorini
1211 439 1287 488 ma.
1306 439 1361 490 iv.
1531 509 1532 532 Χ

256 600 396 676 cundue
413 601 592 674 trochaeue
610 601 657 673 ab
674 601 805 674 ultimo
823 598 898 698 pari
917 601 1056 674 ratione
1073 599 1223 699 positus,
1239 602 1365 700 ‘'capi-
1531 539 1532 596 l

256 717 357 814 tique
375 741 496 788 versus
514 715 726 804 abstractus,
743 715 897 790 similem
917 717 1069 790 formam
1088 715 1200 806 dabit,
1217 716 1280 804 sic,

404 845 498 921 Ater
515 847 553 920 in
567 847 680 921 terrrlr
696 848 854 924 imiteris
870 847 1002 923 olmaer

407 963 454 1038 In
470 964 583 1038 terrio
599 963 760 1038 imitaris
777 963 854 1038 ates
871 963 985 1038 olore.

198 1089 245 1124 m
258 1061 364 1148 Item,
406 1159 511 1234 Pone
526 1185 585 1234 me
596 1161 719 1260 pigris
736 1161 799 1236 ubi
814 1159 919 1234 nullo
936 1162 1096 1260 campio.-

406 1276 476 1352 Me
487 1277 608 1377 pigris
621 1277 683 1352 ubi
699 1275 805 1350 nullo
816 1303 912 1374 poree
929 1277 1074 1376 campie.

257 1409 444 1498 Similiter,

406 1525 535 1600 Arbor
549 1523 678 1600 oertiuo
694 1533 910 1598 oreoreamr
926 1523 1080 1598 umbro:

407 1639 567 1718 AErtiuo
584 1649 774 1714 recreatur
789 1639 902 1714 orbor
918 1639 1057 1714 cimbro.

199 1787 241 1823 ιιι
257 1756 339 1830 Nec
364 1783 437 1830 uon
462 1755 588 1830 tertius
614 1755 804 1845 trochaeus,
831 1755 866 1828 id
895 1768 951 1828 est
976 1755 1139 1842 ultimus,
1165 1755 1274 1828 simili
1303 1785 1363 1829 ra-

257 1872 357 1946 tione
373 1871 583 1961 collocatus,
599 1869 726 1944 eadem
744 1885 907 1942 tremum
922 1868 1098 1969 implevit,
1115 1870 1220 1958 sicut,

408 1988 473 2062 Ire
489 1989 668 2062 detectum
684 1995 914 2060 monumeruo
930 1987 1055 2086 regie.-

409 2101 605 2203 Dejectum
620 2111 851 2178 mmumerrto
866 2103 968 2202 regie
984 2103 1050 2178 ire.

259 2219 367 2306 Item,

407 2333 523 2409 Serus
539 2335 578 2408 iu
595 2333 719 2408 colum
736 2331 865 2406 redeas
882 2332 1041 2434 diuque.-

409 2449 454 2522 In
472 2449 595 2524 colum
612 2449 740 2524 redeas
758 2448 892 2548 diuque
907 2475 1023 2522 oerue.

258 2565 367 2654 Item,
409 2663 521 2738 [Δία
537 2662 652 2762 'quod
661 2663 779 2759 pubes
796 2663 930 2736 hedera
946 2664 1112 2738 virente:

413 2777 523 2856 Quod
531 2779 647 2876 pubes
664 2776 799 2852 loedere
813 2780 957 2854 virente
973 2777 1071 2852 leta.

201 2914 421 2998 mQuarum
452 2911 653 3010 specierum
682 2910 839 3010 plurima
866 2911 1032 3012 exempla
1062 2923 1157 2984 eunt.
1208 2913 1364 2986 Accedit

260 3027 316 3100 his
334 3041 371 3100 et
387 3025 449 3098 illa
466 3026 602 3126 species
628 3051 701 3098 uon
727 3025 883 3101 absimili
901 3025 1148 3101 modulatione
1161 3030 1364 3127 conposita,

261 3159 301 3218 ut
317 3157 372 3217 eet
390 3141 485 3244 apud
503 3141 671 3233 eundem,

409 3257 511 3332 Noto
528 3283 611 3358 quc
626 3255 871 3358 sederfuerot
887 3256 1092 3348 'columble

260 3397 303 3446 ex
331 3397 404 3468 quo
431 3373 764 3474 hendecasyllabos,
782 3373 843 3447 sed
870 3399 943 3446 uon
962 3373 1174 3458 Phaloecius‚
1191 3375 1364 3473 figurabi-

260 3501 330 3578 tur‚
347 3487 408 3577 ita,

414 3603 509 3683 Quae
524 3603 769 3706 oedeofuerot
785 3615 873 3680 noto
890 3605 1073 3680 columbis.

262 3719 369 3810 Μ’
414 3817 500 3895 rore
510 3819 657 3916 potabis
673 3821 822 3894 marce
839 3820 1041 3894 carenum:

409 3935 564 4010 Potabis
579 3935 728 4010 modicis
743 3935 816 4010 vile
833 3935 1019 4010 Sabinum.

203 4100 248 4148 113
261 4067 370 4152 Quod
387 4093 502 4167 genus
515 4067 552 4140 in
565 4091 681 4140 xxxn
693 4067 869 4168 exemplis
882 4081 1064 4167 repertum
1079 4083 1145 4140 est.
1173 4067 1247 4142 Hic
1260 4068 1359 4141 euim

301 4309 317 4342 ⁰
331 4298 486 4376 capitique]
502 4298 587 4380 capiti
602 4299 649 4378 qui
664 4301 696 4359 P.
840 4311 857 4357 Ρ
878 4311 1019 4360 recreatur
1034 4300 1090 4374 bis]
1113 4311 1254 4358 recreetur
1273 4298 1316 4357 bis
1330 4299 1362 4356 P.

260 4391 276 4436 a
291 4379 415 4453 veroum]
432 4397 526 4438 versus
539 4381 570 4438 P.
663 4379 916 4459 rquid-virente]
934 4381 1153 4459 quod-virenti
1168 4381 1202 4438 P.
1285 4390 1363 4436 ὀο-

261 4457 379 4538 lumbis]
396 4458 484 4519 Addit
499 4460 529 4518 P.
553 4461 597 4518 Ex
612 4482 669 4538 quo
683 4461 913 4540 eudecmyllabua
927 4461 977 4520 sed
994 4481 1052 4520 uon
1068 4459 1212 4538 phaleciua
1227 4459 1363 4538 figurabi-

262 4553 318 4608 tur,
332 4541 382 4609 ita,
396 4561 458 4618 quae
471 4540 551 4600 tedes
565 4542 654 4600 tuerat
670 4555 739 4601 nota
752 4541 902 4601 columbis.
930 4543 972 4602 Et
984 4544 1026 4603 aic
1040 4541 1085 4600 ed.
1101 4543 1184 4599 Cum.
