2980 5142
276 335 349 410 ⁴60
732 335 921 412 Diomedis

247 533 262 582 ⁸
553 519 616 594 De
632 519 792 594 ablatiso
808 545 894 594 casu
910 517 1114 618 singulari.

327 667 461 740 Omnia
480 667 629 740 nomina
647 667 757 740 trium
776 693 948 766 generum
968 667 1131 741 ablativo
1156 695 1249 742 casu
1275 669 1401 766 singu-

277 783 351 868 lari,
379 781 542 882 quinque
569 783 751 856 vocalibus
783 783 894 868 linita,
924 783 1191 882 producuntur.
1250 785 1316 858 Ex
1347 787 1397 856 his

275 925 359 972 vero
382 925 401 974 e
424 899 542 973 littera
567 913 642 972 tam
670 897 861 998 corripitur
884 925 993 996 quam
1025 899 1263 998 producitur.
1321 901 1397 974 'Et

277 1015 374 1116 prius
403 1015 550 1114 quidem
579 1013 651 1088 sic:
683 1013 893 1101 masculina,
919 1015 965 1087 ab
992 1015 1062 1086 boc
1088 1029 1262 1088 oratore:
1289 1015 1396 1088 femi-

277 1131 374 1220 nina,
393 1145 444 1216 ut,
462 1133 508 1204 ab
538 1131 605 1204 bac
630 1133 797 1204 Junone:
825 1145 962 1222 neutra,
982 1143 1055 1217 οιη,
1083 1131 1131 1202 ab
1159 1132 1238 1204 boc
1264 1132 1393 1204 sidere.

279 1245 457 1320 Posterius
480 1273 564 1320 vero
590 1247 662 1330 sic;
689 1247 899 1334 masculina,
924 1261 974 1336 ut,
1000 1249 1046 1319 ab
1075 1247 1147 1320 boc
1173 1247 1259 1320 die:
1288 1249 1393 1320 femi-

278 1363 376 1450 nina,
393 1377 445 1448 ut,
464 1363 510 1435 ab
538 1362 605 1434 hac
633 1389 682 1450 re,
700 1375 735 1435 et
757 1361 898 1434 similia.
949 1361 1133 1436 Neutrum
1162 1365 1268 1437 enim
1295 1367 1392 1436 rinc

280 1477 394 1552 littera
412 1477 599 1578 producta,
617 1491 817 1550 memorato
834 1505 931 1566 essu,
949 1479 1114 1551 ‘tnullum
1134 1481 1374 1553 terminatur.

248 1703 264 1754 s
541 1675 604 1748 De
621 1675 841 1750 abminativo
858 1699 945 1750 caru
959 1675 1113 1774 plurali.

327 1827 464 1900 Omnia
481 1826 629 1900 nomina
646 1853 731 1900 casu
750 1827 971 1900 nominativo
986 1827 1127 1927 plurali,
1142 1841 1221 1902 tam
1245 1855 1386 1902 maseu-

278 1943 349 2016 lina
384 1969 493 2042 quam
529 1945 715 2026 feminina,
749 1970 965 2044 quacunque
995 1943 1132 2044 syllaba
1163 1947 1385 2018 rterminata

278 2057 535 2156 producuntur,
553 2059 713 2158 exeeptis
737 2059 811 2132 'bis
828 2087 909 2158 quas
928 2061 1053 2133 Graeca
1077 2075 1175 2148 sunt,
1193 2075 1236 2132 ut
1260 2061 1383 2146 Troos,

278 2173 471 2272 ‘Phryges
490 2173 706 2274 Delphines.

237 2403 267 2438 ιο
577 2372 643 2446 De
655 2373 823 2473 genetiuo
841 2397 927 2448 casu
940 2371 1092 2471 plurali.

329 2513 464 2589 Omnia
487 2515 635 2588 nomina
661 2515 771 2588 trium
797 2541 983 2614 generum,
1000 2542 1084 2590 casu
1106 2513 1277 2614 genetivo
1303 2515 1383 2616 plu·

279 2633 342 2706 rali
361 2627 637 2730 quibuscunque
655 2619 801 2734 syllabis
819 2633 1011 2706 terminata
1028 2629 1282 2731 corripiuntur.

237 2867 262 2902 ιι
589 2829 656 2904 De
672 2831 794 2904 dativo
810 2855 898 2905 casu
912 2829 1067 2930 plurali.

329 2981 465 3054 Omnia
482 2979 630 3052 nomina
651 2980 759 3052 trium
785 3005 970 3078 generum,
988 3005 1073 3052 essu
1089 2977 1208 3052 dativo
1227 2991 1264 3049 et
1283 2979 1379 3050 abla-

279 3095 353 3170 tivo
377 3111 550 3172 'numero
575 3095 703 3198 plurali
728 3109 801 3170 tam
830 3096 1077 3196 producuntur
1105 3119 1158 3184 ea,
1175 3119 1258 3191 quse
1286 3095 1321 3166 in
1348 3095 1379 3166 r's

280 3213 416 3312 syllaba
440 3215 627 3304 finiuntur,
651 3239 760 3311 quam
786 3211 1028 3312 corripiuntur
1049 3237 1102 3296 es,
1119 3235 1199 3308 quae
1218 3209 1286 3282 bus
1309 3209 1378 3308 syl-

280 3329 373 3416 laba,
394 3329 600 3403 memoratis
618 3329 769 3414 casibus,
787 3325 1039 3400 terminantur.

321 3615 381 3664 net
396 3603 486 3683 prius]
503 3607 536 3662 C.
551 3624 640 3682 marg.
655 3603 692 3664 al.
707 3613 747 3661 ut.
859 3601 1158 3675 ⁰utub]abA.B.C.
1272 3597 1369 3674 uine]

281 3687 384 3748 aaa.
503 3697 519 3742 u
534 3685 644 3744 nullum
658 3683 835 3764 producitur]
851 3685 957 3740 nullam
972 3685 1137 3740 terrataatar
1151 3681 1184 3738 A.
1200 3681 1306 3736 nullm
1321 3689 1371 3736 ter-

280 3769 414 3832 miturB.
498 3765 687 3840 rterminata]
704 3785 761 3824 om.
777 3766 811 3822 C.
908 3762 1050 3902 *abillis
1064 3761 1172 3820 A.B.C.
1266 3759 1371 3838 tPbry-

280 3852 344 3932 ges]
361 3849 486 3928 etjiu'ges
500 3849 609 3926 delfines
622 3847 693 3904 AB.
709 3855 740 3903 ut
756 3855 844 3921 troyes
857 3845 966 3920 defines
1007 3887 1014 3901 .
1112 3853 1128 3884 V
1143 3839 1250 3898 numeri
1265 3839 1370 3918 pluralis

185 3991 193 4004 ,
281 3946 339 3990 tarn
355 3931 558 4010 producuntur,
574 3939 605 3986 ut
626 3945 669 3992 ea,
685 3945 747 4005 quae
769 3925 798 3984 iu
818 3925 955 4004 syllabam
977 3919 1156 3999 finiuntur,i1⁸
1178 3919 1370 4000 corripiuntur,

282 4025 313 4070 ut
331 4031 373 4080 es,
389 4031 452 4088 qua
470 4023 526 4069 tres
540 4009 646 4088 syllaba
666 4005 830 4066 memoratis
848 4006 959 4064 casibus
974 4003 1123 4078 finiuntur]
1145 4021 1259 4059 numero
1275 4003 1371 4076 plural:

280 4095 530 4167 -producuatur:
551 4109 584 4148 ea
600 4109 658 4167 qua
676 4091 704 4148 in
725 4091 748 4147 r's
765 4089 871 4163 syllaba
883 4089 1026 4164 finiuntur
1039 4103 1121 4160 quam
1142 4085 1325 4158 corripiuntur
1343 4102 1370 4138 ea

281 4189 340 4244 qua
358 4171 406 4226 bus
424 4173 531 4246 syllaba
548 4173 703 4228 mensurnis
718 4171 821 4228 ensibus
837 4171 1019 4225 terminantur
1032 4165 1139 4224 A.B.C.
1156 4171 1264 4220 tantum
1275 4165 1368 4238 produ·

281 4257 383 4306 cuntur
396 4254 493 4307 ea-a
506 4253 869 4326 syllabam-aorrlpiuatur
883 4268 916 4306 ea
931 4247 1005 4306 Ven.
