2980 5142
94 471 188 524 cnr.
208 463 242 524 5.
524 443 591 522 De
604 447 780 524 Pedibus.
1134 461 1209 540 439

153 632 302 724 Darios,
318 657 364 706 ex
382 632 499 706 tribus
518 632 684 708 brevibus
700 647 737 707 et
753 631 894 708 duabus
920 633 1052 732 longis,
1069 645 1211 734 tempo-
1222 661 1253 711 ss

97 776 187 824 rum
207 763 358 849 septem.
394 757 398 762 '
551 765 555 773 ¹
932 733 934 740 Δ

153 864 404 964 Thymelioos,
429 889 476 936 ex
501 863 609 962 longa
634 875 672 938 et
699 863 814 937 tribus
841 863 1009 938 brevibus
1032 875 1070 937 et
1092 863 1211 964 longa,

98 995 314 1081 temporum
335 992 485 1079 septem.

157 1095 376 1183 Dochmios,
393 1094 477 1169 ”hex
504 1094 643 1169 duobus
669 1095 836 1170 brevibus
862 1107 899 1169 et
920 1093 1028 1194 longa
1053 1107 1090 1169 et
1112 1094 1211 1170 brevi

102 1226 144 1286 et
161 1213 283 1310 longa,
299 1223 504 1310 temporum
525 1225 675 1308 septem.

158 1325 446 1415 ⁰Psrismbodes,
464 1351 508 1400 ex
535 1326 633 1399 brevi
657 1339 694 1401 et
716 1327 824 1426 longa
844 1338 881 1399 et
903 1327 1001 1400 brevi
1019 1340 1056 1400 et
1071 1326 1255 1401 duabussr

104 1443 238 1542 longis,
257 1457 463 1542 temporum
482 1454 575 1516 octo.

158 1559 344 1648 Doriscos,
360 1557 430 1631 ‘lex
456 1558 565 1657 longa
582 1571 620 1630 et
635 1557 775 1630 duabus
801 1557 969 1631 brevibus
993 1571 1030 1632 et
1050 1560 1157 1659 longa
1174 1571 1212 1632 et

107 1675 222 1760 brevi,
240 1688 446 1772 temporum
466 1687 617 1772 septem.

160 1788 365 1877 Iumbodes,
392 1815 439 1862 ex
463 1789 561 1862 brevi
594 1802 630 1864 et
653 1789 771 1888 longa,
796 1801 834 1862 et
859 1789 956 1862 brevi
980 1801 1017 1862 et
1043 1789 1151 1888 longa
1175 1801 1213 1860 et

108 1905 221 1995 brevi,
237 1919 442 2006 temporum
462 1919 613 2006 septem.

159 2021 326 2122 Cyprios,
353 2049 399 2096 ex
426 2022 524 2095 brevi
554 2035 591 2096 et
620 2021 727 2120 longo
756 2033 793 2093 et
817 2019 958 2094 duabus
983 2019 1149 2093 brevibus
1175 2032 1212 2093 et
1223 2046 1253 2098 5⁵

108 2139 229 2238 longo,
246 2151 452 2240 temporum
471 2151 622 2238 septem.

160 2253 405 2354 Anticyprios‚
424 2281 470 2327 ex
496 2255 604 2354 longa
629 2267 666 2328 et
690 2253 789 2327 brevi
813 2267 850 2326 et
871 2251 1011 2326 duabus
1034 2252 1151 2352 longis
1174 2267 1212 2326 et
1247 2279 1251 2308 ¹

111 2369 222 2458 brevi,
240 2381 445 2469 temporum
464 2381 558 2442 octo.

160 2485 475 2574 Bacchiochorios,
490 2511 539 2558 ex
555 2483 696 2558 duobus
722 2483 838 2583 longis
861 2495 899 2558 et
918 2482 1016 2556 brevi
1040 2496 1077 2556 et
1103 2483 1210 2581 longa

111 2615 148 2677 et
164 2602 274 2688 brevi,
292 2615 499 2700 temporum
516 2613 611 2675 octo.
840 2677 845 2690 ⁴

161 2715 500 2819 ‘Hypodochmios
518 2743 563 2789 ex
586 2717 694 2816 longa
710 2729 747 2790 et
766 2715 860 2788 brevi
879 2731 916 2790 et
934 2715 1042 2814 longa
1058 2728 1094 2788 et
1112 2714 1209 2788 brevi
1224 2725 1256 2791 ⁵6

113 2848 149 2907 et
166 2835 285 2933 longe,
303 2847 507 2932 temporum
526 2844 619 2905 octo.
782 2844 785 2848 ’

162 2949 365 3022 Dochmios
382 2975 446 3047 per
464 2947 607 3044 συζυγίαν
624 2946 880 3047 antistrophos‚
896 2973 941 3020 ex
966 2947 1063 3021 brevi
1081 2959 1117 3020 et
1134 2948 1211 3020 lon-

114 3065 167 3165 gis
185 3065 298 3138 tribus
315 3077 352 3138 et
369 3064 479 3152 brevi,
496 3077 701 3163 temporum
721 3077 814 3137 ooto.

162 3178 532 3280 ‘Molossospondeus
548 3206 593 3254 ex
612 3179 730 3280 longis
748 3179 919 3278 quinque,
932 3192 1134 3280 temporum
1149 3179 1211 3253 de·

114 3323 204 3371 cem.
1275 3291 1277 3296 ’

164 3411 353 3486 Hactenus
369 3413 544 3511 originem
563 3426 601 3485 et
616 3412 801 3486 historiam
829 3412 1047 3512 generalium
1074 3411 1208 3510 pedum

116 3529 355 3628 exposuimus.
407 3529 619 3602 Poematum
648 3541 799 3629 &genera
826 3541 1094 3628 metrorumque
1119 3541 1212 3604 trae-

115 3656 207 3717 tatus
224 3642 410 3716 ostendere
427 3655 571 3744 tempus
588 3657 654 3719 est.

153 3855 186 3902 tt
199 3878 233 3916 ex
246 3859 356 3917 duabus
370 3859 502 3918 brevibus
515 3873 544 3918 et
558 3860 643 3940 longa
656 3873 685 3919 et
702 3858 791 3935 brevi]
808 3879 842 3918 er
862 3862 935 3919 brevi
952 3864 1057 3919 duabus
1078 3863 1166 3936 ungis
1184 3869 1211 3919 et

118 3941 236 3998 brevioris
250 3941 365 3998 Sumen.
380 3940 415 3998 od
429 3941 546 4000 Terent.
560 3941 655 3998 Maur.
670 3962 698 4019 p.
714 3959 780 4016 129.
879 3941 1119 4016 ePerinmbodes]
1134 3943 1209 4000 lanr-

118 4022 192 4078 toder
205 4039 238 4077 eu
259 4021 332 4077 brevi
345 4028 372 4078 et
390 4023 472 4095 longa
490 4031 516 4078 et
536 4023 653 4080 brevior
672 4023 755 4096 longa
773 4029 800 4077 et
817 4021 923 4078 duatus
943 4023 1065 4079 breuibus
1082 4029 1109 4078 et
1128 4023 1212 4096 longo

119 4109 262 4176 temporum
280 4109 392 4176 reptem.
422 4103 573 4160 Dochmius
590 4103 625 4159 A.
662 4101 854 4160 Pariomboder
868 4101 942 4160 Ven.
1031 4098 1095 4159 (lex
1110 4101 1208 4178 longa]

118 4190 143 4239 et
156 4183 237 4256 longa
250 4182 284 4239 A.
381 4194 396 4228 θ
410 4181 581 4257 Dochimos]
600 4183 795 4258 Ypodoelrmr’or
808 4201 842 4238 er
855 4184 937 4257 longo
952 4189 979 4239 et
996 4183 1069 4240 breui
1085 4190 1111 4240 et
1130 4185 1212 4258 longa

119 4271 143 4320 et
161 4264 234 4320 breui
249 4269 276 4320 et
295 4264 379 4338 longa
399 4271 549 4339 temporum
567 4271 637 4321 octo.
669 4263 836 4320 Doehemior
849 4281 902 4337 per
916 4265 1067 4338 synzugiun
1081 4268 1212 4323 antistro-

116 4344 180 4418 phor
199 4361 233 4399 err
251 4344 325 4402 brevi
342 4352 370 4402 et
391 4346 477 4402 tribur
496 4347 584 4419 longis
602 4352 628 4401 et
648 4345 721 4401 brevi
741 4350 890 4418 temporum
909 4351 970 4402 octo
983 4345 1093 4404 Aue.
1127 4345 1162 4404 In
1177 4349 1211 4405 C.

120 4432 213 4489 tomen,
237 4432 307 4484 octo.
344 4425 464 4482 Molosso
485 4427 616 4500 spondeos
638 4443 672 4482 er
693 4425 780 4498 longis
800 4426 918 4498 quinque
938 4432 1088 4502 temporum
1110 4429 1211 4488 decem.

120 4504 283 4642 Dochirzior.
366 4502 520 4564 sMolosso
534 4505 690 4585 spondens]
708 4505 828 4562 Moloros
836 4508 955 4580 pondior
969 4509 1003 4566 A.
1064 4509 1209 4587 egenen]

118 4603 213 4658 genera
230 4588 282 4644 'um
297 4586 332 4644 Β.
