3082 5140
370 837 709 958 9ENS⁰R1N0
738 839 1122 926 ADSCRIPTUM
1153 845 1340 928 FRAG-

525 991 795 1078 MENTUM
826 993 907 1076 DE
938 993 1176 1080 METRIS.
1498 983 1499 1026 ¹

701 1257 991 1306 ...φ-

510 1459 612 1542 Cnr.
630 1459 662 1541 Ι.
704 1463 769 1544 De
787 1463 928 1544 metris
946 1476 986 1544 et
996 1461 1183 1572 pedibus.

297 1611 562 1726 METRUM
591 1651 729 1738 Graece,
755 1651 886 1726 Latine
912 1679 1086 1726 numerus
1111 1665 1271 1726 uocatur.
1324 1653 1403 1727 Nu-

296 1793 416 1839 merus
433 1781 487 1840 cst
504 1767 698 1865 aequalium
723 1767 857 1868 pedum
882 1769 1045 1868 legitima
1067 1767 1267 1841 ordinatio:
1293 1769 1401 1866 hujus

296 1883 382 1956 arsis
400 1897 437 1956 ct
453 1885 565 1957 tbcsis
583 1897 701 1984 partes
723 1899 818 1958 sunt.
872 1883 1007 1956 Pedum
1032 1884 1182 1982 syllabae
1208 1885 1402 1970 elemento,

295 1999 435 2072 numeri
454 1999 646 2074 modorum
665 2002 856 2090 clementa,
873 2000 988 2100 spatis
1009 2001 1229 2099 syllabarum
1249 2029 1293 2076 ac
1310 2016 1403 2076 tem·

267 2141 392 2214 sporn.
445 2115 557 2188 Pedes
582 2131 852 2216 componuntur
877 2141 923 2188 ex
949 2117 1110 2215 syllabis,
1135 2131 1177 2189 ut
1204 2117 1399 2191 minimum

296 2232 401 2322 binis,
420 2245 460 2306 ut
481 2233 679 2332 plurimum
698 2235 820 2320 ternis,
838 2233 1019 2334 incipiunt
1043 2233 1269 2332 temporibus
1297 2233 1401 2322 binis,

296 2347 340 2422 ad
359 2373 419 2420 sex
438 2349 667 2448 perveniunt.
718 2349 899 2448 Disyllubi
917 2361 1098 2447 quattuor,
1111 2347 1290 2446 trisyllabi
1307 2365 1400 2434 octo,
1498 2357 1499 2370 ¹

294 2465 416 2564 plures
446 2491 556 2563 quam
584 2465 775 2540 duodecim
811 2493 889 2540 csse
923 2493 995 2540 non
1026 2477 1189 2564 possunt.
1255 2465 1401 2564 Pyrrhi-

295 2582 399 2655 chius
427 2609 472 2656 ex
500 2581 643 2656 duabus
674 2584 863 2668 brevibus;
900 2582 1002 2678 cujus
1027 2580 1252 2678 exemplum,
1279 2581 1400 2653 Deus.

295 2699 450 2772 Chorius
468 2723 511 2772 ex
531 2699 638 2797 longa
654 2713 691 2772 et
708 2698 818 2786 brevi,
836 2711 877 2772 ut
894 2699 1021 2772 Romu.
1066 2697 1217 2772 Iambus
1235 2723 1284 2770 ex
1301 2697 1399 2770 brevi

295 2829 332 2888 ct
360 2815 479 2914 longa,
506 2829 546 2888 ut
572 2813 685 2890 solus.
737 2813 929 2914 Spondcus
954 2840 1001 2886 ex
1028 2813 1168 2888 duabus
1198 2815 1328 2914 longis,
1360 2831 1399 2887 ut

266 2939 406 3004 sontes.
469 2929 556 3002 Duo
582 2931 692 3030 igitur
716 2930 918 3029 quantitate
944 2929 1125 3017 contrarii,
1152 2930 1332 3029 spondeus
1364 2945 1400 3003 et

293 3045 537 3148 pyrrhichius,
555 3046 710 3120 duorum
737 3047 836 3134 alter,
863 3045 951 3118 alter
973 3059 1144 3142 quattuor
1166 3060 1398 3147 temporum:

294 3163 366 3237 duo
395 3164 430 3236 in
458 3163 596 3250 ordine,
612 3188 766 3262 quorum
800 3177 950 3260 uterque
976 3166 1152 3234 trinorum
1176 3175 1397 3262 temporum,

294 3279 436 3352 iambus
467 3294 504 3352 et
533 3279 687 3354 chorius.
749 3277 807 3352 Ita
837 3305 909 3351 non
941 3277 1060 3377 plures
1086 3305 1197 3376 quam
1227 3294 1399 3376 quattuor

264 3395 403 3492 4pcdcs
437 3395 603 3494 disyllabi
640 3411 735 3484 sunt,
766 3424 833 3470 nec
866 3423 943 3470 essc
977 3409 1141 3495 possunt.
1202 3395 1395 3470 'I'rinarum

294 3507 511 3608 syllabarum
537 3510 675 3610 primus
693 3526 747 3586 cst
764 3511 941 3613 dactylus,
959 3513 1021 3612 qui
1048 3525 1189 3586 constat
1217 3539 1265 3584 ex
1290 3513 1397 3610 longa

294 3640 330 3699 et
355 3623 494 3700 duabus
524 3625 700 3714 brevibus,
719 3629 821 3726 cujus
851 3629 1075 3728 exemplum,
1089 3627 1243 3702 AEolus.
1296 3627 1397 3702 Huic

294 3743 491 3819 contrarius
517 3757 721 3843 anapaestus
746 3769 790 3816 ex
808 3743 948 3817 duabus
976 3746 1141 3818 brevibus
1159 3758 1196 3818 et
1217 3745 1339 3842 longo,
1358 3757 1397 3816 ut

288 3863 422 3960 pietus.
482 3859 777 3960 Amphibrucbus
807 3887 851 3933 ex
884 3860 982 3934 brevi
1012 3875 1048 3933 ct
1074 3861 1183 3960 longa
1211 3875 1248 3933 et
1275 3861 1395 3945 brevi;

295 3977 397 4071 cujus
427 3977 637 4076 exemplum
669 3999 815 4048 ovoruu
875 3975 1183 4075 Braclrysyllabus
1209 4001 1255 4048 cx
1282 3975 1396 4048 tribus

295 4089 474 4180 brevibus,
491 4093 593 4190 cujus
616 4091 824 4190 exemplum
847 4089 984 4164 Cicero.
1036 4091 1083 4164 Ei
1102 4092 1301 4164 contrarius
1320 4117 1397 4164 mo-

295 4203 420 4295 lossus,
447 4233 490 4278 ex
519 4209 633 4282 tribus
661 4209 798 4306 longis;
835 4207 936 4304 cujus
963 4208 1171 4306 exemplum
1199 4207 1395 4280 Maecerrus.

294 4320 388 4394 Item
408 4335 478 4394 tres
496 4325 646 4420 quinum
667 4339 884 4424 temporum,
903 4323 1074 4398 bacchius
1091 4350 1135 4397 ex
1153 4322 1294 4396 duabus
1319 4323 1397 4395 lon-

266 4483 279 4534 5
295 4437 349 4539 gis
376 4449 413 4510 ct
438 4437 548 4524 brevi,
575 4439 676 4532 cujus
703 4441 911 4540 exemplum
936 4439 1093 4513 Latona.
1148 4439 1248 4514 Huic
1278 4439 1395 4512 ordini
