3124 5120
302 371 372 448 1⁵6
681 368 803 444 Marii
823 368 1011 446 Victorini
1245 393 1320 446 mn.
1339 396 1398 446 ιιι.

299 579 416 628 summ
445 555 643 642 revertitur,
670 566 712 625 ut
738 554 921 652 utrimque
948 553 1151 653 legentibus
1183 554 1312 628 herous
1339 555 1399 643 sit,

300 695 430 767 neque,
448 683 489 742 ut
506 667 717 766 superiores,
734 693 847 766 genus
874 669 980 742 metri
1008 681 1137 760 mutet,
1159 669 1284 767 quales
1302 668 1398 768 apud

300 783 492 884 Virgilium
512 782 749 881 reperiuntur,

351 897 467 972 Musa
483 897 572 971 mihi
588 922 720 971 corsos·
735 922 894 970 mensuro
910 923 982 996 quo
999 899 1147 972 numine
1164 898 1261 987 oen,

302 1015 411 1100 Item,

352 1129 435 1225 Ipse
452 1127 551 1200 dedit
568 1125 713 1215 Moeris,
729 1137 932 1200 noscuntur
944 1125 1109 1225 plurima
1124 1127 1258 1200 Ponto.

274 1245 425 1342 4AEque
443 1243 539 1316 enim
559 1257 595 1316 et
608 1243 644 1314 in
663 1269 804 1316 reversu
822 1243 985 1317 iectionis
1010 1269 1083 1316 suae
1111 1243 1260 1316 heroum
1280 1257 1401 1316 custo-

303 1360 408 1434 diunt
425 1373 603 1432 metrum:
629 1356 692 1442 sic,

357 1473 459 1550 Lcso
476 1474 625 1547 numine
640 1499 711 1572 quo
727 1498 885 1547 memora
902 1499 1032 1546 causas
1048 1469 1137 1545 nriln'
1155 1471 1281 1548 Mosa.

304 1589 413 1678 Item,

353 1703 474 1776 Ponto
485 1701 650 1800 plurimo
666 1711 877 1790 noscuntur,
895 1701 1031 1776 Moeris
1048 1702 1148 1776 dedit
1163 1703 1251 1800 ipse.

275 1817 372 1892 sEst
386 1817 496 1890 etiam
514 1816 611 1890 eliud
629 1817 799 1916 reciproci
818 1845 943 1916 genus,
954 1817 1050 1915 quod
1065 1844 1139 1892 non
1157 1845 1222 1918 per
1240 1817 1399 1915 singulos

302 1957 424 2004 versus
442 1931 545 2022 redit,
559 1932 621 2005 sed
640 1958 705 2031 per
721 1945 840 2006 totum
858 1933 1024 2031 elegum:
1051 1945 1251 2029 tamquam,

402 2047 566 2121 Icarium
582 2045 704 2120 Notus
718 2057 760 2120 ut
778 2045 1127 2150 corfidensstomine
1142 2057 1281 2138 tranat,

456 2159 602 2235 Cer-ulo
618 2171 806 2236 verrentes
821 2158 992 2263 sicfreto
1010 2161 1201 2237 Nereides.

305 2275 343 2349 Si
362 2276 533 2364 revolvas,
547 2275 670 2374 elegus
688 2275 755 2350 erit
772 2276 899 2350 eodem
919 2275 1040 2364 modo,

404 2389 583 2464 Nereides
584 2387 699 2490 freto
714 2391 769 2464 sio
783 2401 969 2464 verrentes
986 2388 1132 2478 cerula,
1150 2398 1279 2463 norat

453 2504 621 2579 Homine
638 2503 819 2604 confidens
834 2515 876 2578 ut
887 2504 1011 2578 Notus
1027 2505 1202 2578 Icarium.

304 2621 363 2694 lta
390 2618 549 2693 medium
568 2621 716 2692 verbum
745 2630 873 2694 mount
896 2619 996 2691 elteri
1023 2619 1223 2692 detractum
1248 2631 1284 2690 et
1302 2617 1401 2691 alteri

305 2733 623 2824 additum,varintu
636 2735 713 2808 vice
731 2747 999 2833 pentametrum
1017 2731 1104 2806 facit
1121 2733 1166 2807 de
1179 2733 1403 2823 hexametro,

305 2863 340 2922 et
358 2849 608 2924 hexametrum
628 2847 673 2921 de
691 2862 928 2946 pentametro.

471 3091 573 3172 Cur.
596 3089 721 3170 VIII.
771 3091 836 3170 De
855 3103 1087 3172 tetrametro
1105 3115 1236 3170 versu.

356 3237 428 3310 Sed
446 3251 486 3310 ut
502 3237 546 3310 cd
565 3237 790 3336 propositum
809 3264 931 3311 versus
949 3237 1150 3311 hexametri
1168 3235 1331 3337 ordinem
1350 3261 1405 3307 re-

305 3350 423 3440 deam,
440 3351 590 3424 decurso
606 3366 832 3451 pentametro
850 3355 973 3444 heroo,
987 3377 1209 3448 consequens
1227 3363 1281 3422 est
1298 3363 1405 3423 tetra-

307 3477 463 3538 metrum
482 3465 557 3561 ejus
575 3465 755 3552 inducere,
773 3491 883 3563 quem
901 3466 1144 3539 Archilochus
1161 3464 1341 3537 divulsum
1358 3465 1405 3537 ab

350 3682 378 3742 5.
392 3663 529 3740 Icarium]
547 3663 643 3722 Hebes
654 3663 727 3722 libro
737 3665 830 3742 primo
880 3684 972 3722 rerum
989 3661 995 3744 Ι
1013 3664 1152 3722 Scandere
1166 3671 1193 3720 te
1207 3663 1281 3740 fecit
1295 3665 1346 3722 hoc
1358 3666 1405 3721 de-

308 3743 831 3823 hnthologioeepigmmmetumhujus·
881 3765 928 3802 cus
941 3747 1078 3802 criminor.
1114 3741 1290 3816 Hujusmodi
1309 3763 1405 3802 versus

307 3825 403 3885 modi:
425 3831 584 3900 Ἱπποκράτης
602 3828 666 3902 φάος
685 3820 831 3901 inperitos
881 3823 1039 3902 reciproco·
1061 3825 1098 3882 ab
1122 3825 1193 3880 ociis
1220 3821 1336 3881 curiosis
1361 3823 1405 3882 in·

307 3909 351 3965 roi
364 3909 441 3964 citro
454 3915 519 3962 naus
536 3901 542 3983 Ι
559 3903 687 3962 incanui
699 3911 783 3962 under
803 3899 832 3974 I*
881 3917 981 3963 ventos
1014 3903 1055 3961 eit
1081 3903 1237 3962 Diomedes
1271 3903 1320 3962 lib.
1349 3904 1405 3962 III.

307 3989 396 4052 noc
409 3992 443 4043 cir
455 3987 520 4060 ἀιῆῃ.
555 3983 585 4042 Si
599 4004 616 4042 e
630 3986 687 4042 fine
701 3982 829 4062 incipies,
883 3986 925 4060 [p.
942 3985 1026 4060 515.]
1043 3983 1178 4042 COMM.

307 4066 434 4144 ejusdem
448 4064 560 4144 generis
569 4065 710 4122 distichon
720 4083 830 4122 rursum
922 4063 1083 4142 ihflnmine
1093 4065 1201 4140 henot]
1212 4065 1336 4121 Homine
1348 4071 1407 4120 tre-

309 4144 435 4214 hebebis,
462 4157 492 4204 et
514 4145 639 4226 ejusdem
670 4145 829 4202 sententies.
881 4153 932 4201 not
957 4144 999 4202 rel
1029 4153 1154 4214 nonant,
1180 4157 1212 4202 ut
1235 4144 1310 4221 apud
1334 4144 1406 4201 Dio·

309 4225 373 4284 Nec
391 4225 530 4302 Philelphi
551 4223 695 4283 distichon
716 4235 830 4302 preter·
882 4225 1003 4292 medem,
1027 4223 1074 4301 qui
1098 4226 1153 4282 hoc
1175 4223 1350 4301 reciprocum
1376 4235 1408 4280 ut

309 4303 368 4374 ibo,
382 4303 459 4382 quod
476 4317 506 4363 ut
519 4323 600 4364 verso
622 4303 731 4372 ordine,
745 4303 831 4362 etium
883 4305 1057 4363 neutericum
1085 4303 1202 4362 adducit
1226 4316 1312 4382 etque
1334 4303 1408 4362 hene

309 4403 389 4444 verse
401 4384 543 4443 sententia
556 4385 676 4464 legitur:
692 4385 769 4442 taus
784 4392 833 4442 tuo
882 4383 1076 4443 inventionem
1091 4403 1152 4443 esse
1173 4384 1214 4442 eit
1226 4382 1331 4444 curiosi
1344 4382 1407 4441 otii.

308 4484 364 4524 non
386 4474 436 4524 tue
454 4465 541 4542 storo
563 4468 652 4524 virtue
678 4484 734 4522 nors
754 4467 833 4540 copia
883 4464 1035 4524 CAMER.
