3100 5142
126 359 226 409 car.
245 351 375 426 14,15.
423 327 427 338 ’
593 340 658 414 De
674 342 810 414 laniata.

130 519 367 595 Trimetrum
385 523 668 613 'catalecticum

320 640 399 713 Qua
411 659 507 726 nepes
521 639 655 705 habeant
668 639 720 704 tac
732 651 763 705 et
777 653 912 730 *apuam

133 747 370 822 Tetrameter
387 747 729 848 brachycatalectus,

318 865 481 928 Maceaaa
494 866 601 928 anate
614 865 696 929 edite
708 868 840 955 regibus
854 869 954 932 bonta.

141 975 242 1049 Item
261 977 290 1050 si
309 1003 419 1050 unam
438 976 614 1076 syllabam
634 977 815 1074 adjeceris,
833 979 901 1052 erit
918 980 1159 1067 catalecticus,

320 1092 483 1156 Maecenat
497 1093 603 1156 atavia
617 1091 698 1156 edite
712 1095 845 1180 reg-ibae
859 1095 965 1160 baalia.
1045 1127 1049 1136 ·

145 1202 390 1288 Acatalectus,

324 1317 487 1380 Moecenaa
501 1319 607 1381 atavia
621 1318 701 1382 edite
715 1319 848 1405 regibus
863 1319 1010 1382 Reatina.

207 1503 308 1586 Car.
324 1503 440 1586 XIV.
470 1506 536 1588 De
554 1506 681 1588 ionica
699 1505 805 1614 qaod
820 1533 846 1586 a
865 1507 1020 1614 majore
1037 1505 1196 1586 dicitnr.

202 1663 356 1736 Constat
381 1661 541 1761 spondeo
566 1675 603 1736 et
628 1663 837 1763 pyrrhichio
864 1677 901 1737 et
926 1663 1095 1750 machaea,
1112 1675 1149 1734 et
1166 1687 1256 1760 prae·

151 1793 249 1852 terea
273 1778 511 1850 solutionibus
537 1779 699 1879 spondei,
717 1780 752 1852 id
778 1793 833 1860 est
856 1791 1037 1878 anapaesto
1059 1778 1113 1851 vel
1132 1776 1256 1876 dacty-

153 1895 201 1984 lo,
217 1907 254 1967 et
279 1893 456 1966 solutione
480 1893 638 1982 trochaei,
663 1894 698 1968 id
722 1909 776 1968 est
801 1896 997 1995 tribrachy,
1016 1893 1257 1968 indifferenter

153 2010 194 2083 in
213 2009 299 2082 locis
317 2009 508 2095 omnibus;
535 2009 584 2082 ita
608 2023 729 2083 tamen
749 2023 790 2084 ut
816 2011 936 2084 omnis
963 2009 1170 2106 conjugatio
1193 2035 1256 2081 sex

155 2139 318 2223 tempora
336 2124 477 2198 habeat.
529 2124 738 2198 Dimctrum
758 2127 1124 2226 brachycatalectum,

334 2241 420 2303 Varia
435 2236 682 2326 bcotriaflaraaa.

157 2351 363 2424 Dimetrum
384 2352 611 2440 catalectum,

330 2469 427 2544 cuae
439 2489 537 2556 opaea
551 2469 818 2554 aactiefontihaa.

158 2577 376 2652 'Primetrum
396 2579 761 2677 brachycatalectum,

329 2693 406 2756 Nan
422 2693 543 2758 Idalias
556 2695 603 2756 sic
614 2715 697 2780 puer
710 2693 783 2757 alta.

160 2800 424 2874 Tetrametrum
445 2802 810 2901 brachycatalectum,

337 2917 407 2980 Vola
420 2917 525 2982 litoris
539 2920 574 2981 ia
587 2921 736 3006 nsargs'ne
750 2917 836 2982 salua
850 2916 1022 2980 ambulare.

164 3025 247 3099 Hoc
276 3037 312 3100 et
346 3025 554 3100 Sotadicum
590 3027 732 3100 dicitur.
795 3027 1061 3099 Tetrametrum
1090 3027 1263 3098 acatalec-
1314 3101 1321 3119 ,

165 3156 254 3231 tum,
270 3141 365 3240 quod
385 3141 480 3242 apud
498 3142 761 3217 ‘lMaeccnatem
782 3143 963 3216 invenitur
979 3167 1023 3213 ex
1043 3139 1184 3215 duobus
1204 3168 1263 3214 co-

165 3257 207 3330 lis
223 3257 472 3354 conjunctum,

336 3373 424 3436 Uvae
439 3372 553 3436 nitidis
566 3375 753 3458 fifranelibrm
768 3377 870 3439 Ereau
883 3373 1007 3437 hederis
1021 3371 1151 3460 inligat.
1209 3457 1210 3460 Ἴ

370 3559 471 3640 Car.
488 3557 579 3640 XV.
609 3563 674 3644 De
693 3564 819 3645 ionico
837 3590 863 3643 a
882 3563 1047 3643 minare.

214 3718 380 3791 Ionicum
400 3732 569 3803 metrum,
586 3719 682 3818 quod
702 3721 879 3794 aminare
898 3717 1108 3818 appellatur,
1125 3727 1265 3788 constat

168 3833 375 3933 pyrrhichio
397 3832 450 3905 fet
473 3835 633 3933 spondeo
650 3850 686 3909 et
705 3836 853 3935 spondei
878 3835 1067 3920 solutione,
1084 3841 1265 3928 anapaesto

206 4019 220 4052 ²
234 4009 435 4083 catalecticum]
452 4013 658 4070 acatalectieam
674 4013 712 4070 V.
782 4022 798 4054 ⁸
811 4013 916 4086 opaca]
935 4029 1018 4084 opace
1030 4013 1187 4065 tetrameter
1202 4006 1266 4062 bra·

170 4090 366 4164 chycatalectus
380 4091 528 4150 Maecenas
541 4095 631 4150 atavia
643 4095 715 4149 edite
725 4111 829 4168 pegaee
844 4094 926 4148 bonis.
959 4093 1022 4146 item
1041 4091 1064 4146 ri
1083 4105 1166 4144 anam
1179 4088 1265 4162 sylla·

171 4171 228 4226 bam
241 4170 372 4242 adjeceris
385 4175 439 4230 erit
452 4175 636 4230 catalecticus.
681 4173 827 4228 Maecenas
845 4175 934 4227 atavia
951 4173 1022 4226 edite
1040 4187 1142 4243 pegaee
1162 4169 1265 4225 beatas.

173 4253 345 4309 Acatalectuc
360 4253 508 4312 Maecenas
521 4256 612 4311 atavia
622 4271 726 4328 pegaee
740 4253 857 4308 Reatine
868 4249 907 4306 V.
972 4246 988 4291 b
1003 4249 1120 4322 comma]
1136 4267 1213 4304 cama
1228 4247 1265 4304 V.

172 4340 185 4374 θ
197 4351 252 4406 qua
263 4351 350 4407 opaca
361 4337 459 4410 sacris]
478 4353 529 4410 que
544 4333 741 4409 Pegasussaas
753 4332 787 4388 V.
803 4349 854 4405 qne
865 4347 949 4404 opaca
960 4329 1015 4384 auia
1027 4327 1105 4386 Med.
1155 4325 1170 4370 ‘¹
1186 4328 1268 4384 Mae·

172 4415 299 4486 renotem]
313 4413 485 4472 Cleonaeum
493 4415 530 4472 V.
542 4415 571 4471 C.
577 4416 697 4472 leuatam
704 4410 784 4468 Med.
829 4409 977 4488 efloribus]
986 4407 1129 4484 frontibus
1140 4409 1176 4464 V.
1183 4407 1267 4482 sran-

172 4493 242 4550 dilur
255 4493 298 4550 M.
310 4494 450 4554 Victoria.
464 4495 503 4554 11.
520 4495 546 4562 8,
559 4514 587 4570 9.
609 4495 684 4552 'l'um
701 4493 817 4549 Euadne
831 4489 911 4549 Med.
959 4485 1012 4545 let
1024 4489 1143 4563 mandeo
1157 4507 1215 4544 orn.
1231 4485 1266 4541 V.

687 4595 754 4671 Yl'
