3076 5140
14 428 15 437 ¹
146 428 233 478 ene.
249 419 279 477 1.
298 402 363 477 De
380 405 550 478 corrnecis
565 405 663 478 inter·
674 431 714 480 se
726 411 836 504 ntqne
854 406 1064 480 inconnexis
1081 411 1140 504 ⁸50·
1173 420 1241 478 201

142 587 360 677 consideres,
378 589 424 660 ab
450 587 560 660 heroo
584 585 750 662 traducta
775 603 872 678 sunt,
899 608 936 661 et
962 587 1197 674 mehercules,
1215 587 1244 660 si

143 703 227 799 quis
242 716 413 776 excutere
428 703 573 801 penitus
590 704 687 794 velit,
704 705 873 794 inveniet,
891 719 931 778 ut
950 731 1055 803 supra
1072 703 1244 788 diximus,

141 817 269 890 omnia
285 842 415 915 genera
433 819 478 890 ab
498 817 709 892 hexametro
727 819 837 892 heroo
854 833 891 892 ct
908 819 1070 892 trimetro
1086 819 1244 892 iambico

141 931 313 1020 derivata,
332 957 414 1005 cum
432 943 470 1003 et
487 931 685 1005 iambicum
708 933 806 1006 heroi
834 933 880 1007 sit
903 931 1158 1022 traductivum,
1176 960 1243 1007 nec

142 1046 339 1143 quicquam
358 1046 435 1118 sine
454 1046 510 1118 his
534 1073 599 1145 per
618 1071 656 1120 se
681 1073 787 1146 posse
805 1048 1033 1120 'subsisteret
1061 1047 1167 1134 unde,
1184 1059 1244 1120 'ut

142 1157 316 1250 diximus,
343 1159 424 1232 haec
449 1159 523 1232 duo
550 1173 677 1249 metra,
704 1177 744 1234 ut
769 1162 946 1234 elementa
973 1177 1171 1236 ceterorum
1201 1189 1242 1234 ac

143 1275 281 1346 semina
310 1273 476 1346 habenda
511 1275 641 1348 merito
668 1302 710 1349 ac
737 1274 888 1348 dicenda
917 1291 1012 1349 sunt.
1065 1275 1157 1350 Haec
1191 1277 1285 1350 itau

142 1388 254 1461 rideri
275 1403 387 1486 atque
411 1415 500 1474 esse,
522 1402 563 1462 ut
587 1389 760 1476 diximus,
780 1391 808 1462 si
835 1389 995 1462 studiosa
1019 1391 1263 1488 contempla·,

143 1503 242 1576 tione
274 1505 444 1602 exempla
478 1531 560 1602 quae
590 1520 842 1604 proponuntur
868 1505 1072 1592 adverteris,
1099 1507 1244 1604 ‘appro-

143 1617 255 1692 babis.
308 1619 407 1692 Nam
426 1633 623 1692 metrorum
643 1621 778 1718 species
796 1646 880 1692 cum
905 1619 1045 1717 generis
1063 1618 1116 1690 sui
1136 1619 1243 1716 privi-

143 1730 237 1830 legio
262 1732 445 1806 distinctae
464 1733 547 1822 sint,
565 1748 687 1806 tamen
715 1734 854 1806 misceri
882 1734 974 1806 inter
999 1759 1037 1806 se
1063 1747 1171 1830 atque
1188 1733 1241 1806 di-

142 1847 249 1920 rersis
267 1849 478 1922 communia
496 1847 587 1922 effici
606 1874 648 1920 ea
666 1847 831 1920 videlicet
849 1849 998 1936 ratione,
1009 1874 1081 1946 qua
1098 1861 1239 1932 cuncta,

143 1972 185 2032 ut
199 1961 337 2036 dictum
358 1978 424 2049 est,
442 1989 487 2036 ex
505 1962 630 2036 eadem
650 1963 787 2060 origine
805 1976 916 2060 atque
934 1988 1006 2036 uno
1032 1963 1132 2036 fonte
1149 1961 1240 2034 deri-

141 2091 282 2167 ventur,
315 2077 367 2150 sic
401 2077 717 2178 conprehenditur.
769 2077 944 2176 Legimus
986 2075 1081 2176 apud
1122 2077 1284 2154 Hora-42

141 2189 244 2280 tium,

291 2307 357 2382 Sic
373 2307 510 2381 rediva
521 2317 653 2405 poteris
672 2305 797 2406 Cypri.

143 2419 225 2494 Hoc
261 2421 487 2520 Glyconium
524 2435 680 2494 metrum
715 2421 859 2509 dicitur,
886 2420 982 2516 quod
1017 2433 1159 2492 constat
1192 2447 1237 2492 ex

142 2537 314 2635 spondeo,
343 2536 565 2620 choriambo,
591 2549 628 2606 et
658 2533 788 2607 ultimo
817 2535 999 2606 utrochaeo
1023 2534 1078 2604 vel
1110 2534 1236 2605 eodem

142 2651 325 2749 spondeo;
344 2677 538 2725 commune
552 2651 622 2722 hoc
640 2675 716 2720 esse
731 2673 814 2722 cum
830 2649 940 2722 heroo
948 2649 1127 2746 trimetro,
1142 2647 1237 2744 quod

140 2778 281 2838 constat
307 2791 353 2838 ex
379 2765 551 2865 spondeo,
572 2777 626 2838 vet
651 2763 793 2838 duobus
820 2764 985 2862 dactylis,
1002 2763 1142 2838 cunctis
1169 2765 1235 2837 Win

139 2895 313 2980 promptu
331 2893 397 2952 ert.
449 2880 557 2966 Item,

291 2995 475 3068 Maecenas
490 2996 610 3069 atavis
627 2995 723 3068 edite
738 2995 888 3092 regibus

139 3109 233 3206 apud
251 3109 406 3182 eundem
425 3109 590 3208 lyricum.
616 3108 701 3182 Hoc
712 3108 990 3206 Asclepiadeum
1006 3121 1161 3180 metrum
1176 3133 1237 3204 ap-
1250 3135 1280 3182 n

138 3223 305 3322 pellatur,
318 3223 413 3322 quod
427 3236 569 3298 constat
584 3249 630 3297 ex
644 3223 829 3320 disyllabis
842 3221 897 3320 pri
903 3247 962 3292 mo
972 3237 1009 3294 et
1020 3222 1159 3294 extimo
1176 3247 1238 3319 pc-

137 3336 257 3428 dibus,
271 3338 422 3412 ¹mediis
438 3339 579 3412 duobus
596 3337 826 3412 choriambis.
856 3335 940 3410 Hoc
958 3363 1102 3434 quoque
1120 3349 1238 3436 paret

137 3477 337 3526 commune
349 3481 425 3526 esse
435 3467 673 3552 pentametro,
683 3451 715 3523 ei
727 3450 929 3540 dumtaxat,
942 3451 998 3524 cui
1011 3452 1235 3550 penultimus

137 3579 344 3666 anapaestus
369 3581 435 3656 est,
460 3593 568 3640 nemo
592 3566 806 3639 rdubitabit.
858 3567 937 3640 Pari
955 3565 1084 3640 ‘modo
1110 3581 1146 3638 et
1163 3579 1281 3638 tro-4⁴

136 3680 306 3754 choicum
325 3681 482 3755 iambico
498 3681 754 3754 communione
772 3681 865 3754 inter
877 3707 937 3753 eos
949 3679 1118 3754 tribrachi
1134 3679 1235 3776 pedis

137 3795 281 3870 misceri
299 3795 461 3896 reperies,
476 3796 540 3893 qui
556 3795 731 3868 divisione
749 3795 966 3868 alternarum
984 3794 1095 3867 iambi
1114 3807 1151 3866 et
1164 3807 1234 3866 tro·

136 3910 229 3986 chaei
247 3912 433 4010 longarum
453 3911 627 3998 subsistit,
645 3923 687 3984 ut
703 3924 768 4000 est,

242 4025 324 4099 Tibi
338 4035 442 4100 uetus
458 4051 527 4100 erc
544 4024 657 4099 coluit
675 4025 885 4124 aborigineo
899 4022 1043 4098 sacello.

177 4253 375 4327 tconsistere]
393 4252 543 4312 subsistere
556 4255 588 4312 P.
691 4252 762 4325 ιιιι]
779 4263 809 4309 et
824 4251 855 4308 P.
958 4249 1164 4328 tapprobabis]
1182 4269 1231 4326 ap·

136 4330 264 4410 probaris
272 4332 303 4390 P.
358 4342 376 4374 ¹²
387 4333 689 4412 trocheo-spondeo]
701 4332 771 4409 Leg.
782 4329 1085 4408 iambo-pyrrhichio.
1138 4337 1153 4368 V
1163 4327 1232 4384 dtro-

136 4411 203 4486 bus]
220 4423 251 4471 et
264 4412 375 4471 duobus
389 4415 422 4472 P.
534 4414 600 4470 vin
614 4413 742 4490 promtu]
759 4413 924 4488 inpruptum
940 4412 970 4467 P.
1087 4417 1103 4450 ¹
1117 4405 1229 4480 mediis]

136 4493 256 4568 pedibus
271 4493 371 4552 mediis
385 4495 417 4553 P.
498 4490 681 4567 rdubinbit]
698 4491 836 4550 dubitavit
845 4489 876 4548 P.
960 4487 1087 4560 tmodo]
1106 4503 1167 4542 mor
1181 4485 1211 4543 P.

660 4585 728 4659 nd
