<?xml version="1.0" encoding="UTF-8"?>
<!DOCTYPE html PUBLIC "-//W3C//DTD XHTML 1.0 Transitional//EN"
    "http://www.w3.org/TR/xhtml1/DTD/xhtml1-transitional.dtd">
<html xmlns="http://www.w3.org/1999/xhtml" xml:lang="en" lang="en">
 <head>
  <title>
</title>
<meta http-equiv="Content-Type" content="text/html;charset=utf-8" />
  <meta name='ocr-system' content='tesseract 3.04.00' />
  <meta name='ocr-capabilities' content='ocr_page ocr_carea ocr_par ocr_line ocrx_word'/>
</head>
<body>
  <div class='ocr_page' id='page_1' title='image "./scriptoreslatin00gaisgoog_0429.png"; bbox 0 0 3082 5140; ppageno 0'>
   <div class='ocr_carea' id='block_1_1' title="bbox 336 411 1217 486">
    <p class='ocr_par' dir='ltr' id='par_1_1' title="bbox 336 411 1217 486">
     <span class='ocr_line' id='line_1_1' title="bbox 336 411 1217 486; baseline -0.005 -1"><span class='ocrx_word' id='word_1_1' title='bbox 336 411 525 486; x_wconf 72' lang='lat' dir='ltr'><strong><em>Prisciani</em></strong></span> <span class='ocrx_word' id='word_1_2' title='bbox 541 412 586 485; x_wconf 85' lang='lat' dir='ltr'><strong>de</strong></span> <span class='ocrx_word' id='word_1_3' title='bbox 602 411 740 484; x_wconf 82' lang='lat' dir='ltr'><strong>Melris</strong></span> <span class='ocrx_word' id='word_1_4' title='bbox 760 413 997 486; x_wconf 84' lang='lat' dir='ltr'><strong>Comicorum.</strong></span> <span class='ocrx_word' id='word_1_5' title='bbox 1148 423 1217 482; x_wconf 77' lang='grc'><strong>411</strong></span> 
     </span>
    </p>
   </div>
   <div class='ocr_carea' id='block_1_2' title="bbox 101 589 1259 4368">
    <p class='ocr_par' dir='ltr' id='par_1_2' title="bbox 101 589 1249 1838">
     <span class='ocr_line' id='line_1_2' title="bbox 101 589 1249 679; baseline -0.003 -14"><span class='ocrx_word' id='word_1_6' title='bbox 101 617 213 679; x_wconf 86' lang='lat' dir='ltr'><strong>raro,</strong></span> <span class='ocrx_word' id='word_1_7' title='bbox 232 589 307 664; x_wconf 87' lang='lat' dir='ltr'><strong>fieri</strong></span> <span class='ocrx_word' id='word_1_8' title='bbox 330 604 453 664; x_wconf 87' lang='lat' dir='ltr'><strong>tamen</strong></span> <span class='ocrx_word' id='word_1_9' title='bbox 482 591 551 664; x_wconf 91' lang='lat' dir='ltr'><strong>hoc</strong></span> <span class='ocrx_word' id='word_1_10' title='bbox 578 591 685 666; x_wconf 89' lang='lat' dir='ltr'><strong>idem.</strong></span> <span class='ocrx_word' id='word_1_11' title='bbox 736 592 862 664; x_wconf 79' lang='lat' dir='ltr'><strong>Solent</strong></span> <span class='ocrx_word' id='word_1_12' title='bbox 887 605 1007 666; x_wconf 88' lang='lat' dir='ltr'><strong>autem</strong></span> <span class='ocrx_word' id='word_1_13' title='bbox 1034 590 1156 662; x_wconf 89' lang='lat' dir='ltr'><strong>Latini</strong></span> <span class='ocrx_word' id='word_1_14' title='bbox 1184 590 1220 662; x_wconf 90' lang='lat' dir='ltr'><strong>in</strong></span> <span class='ocrx_word' id='word_1_15' title='bbox 1234 619 1249 665; x_wconf 76' lang='lat' dir='ltr'><strong>s</strong></span> 
     </span>
     <span class='ocr_line' id='line_1_3' title="bbox 105 705 1223 804; baseline -0.002 -24"><span class='ocrx_word' id='word_1_16' title='bbox 105 706 248 800; x_wconf 81' lang='lat' dir='ltr'><strong>multis</strong></span> <span class='ocrx_word' id='word_1_17' title='bbox 276 706 419 778; x_wconf 90' lang='lat' dir='ltr'><strong>initium</strong></span> <span class='ocrx_word' id='word_1_18' title='bbox 448 705 594 804; x_wconf 83' lang='lat' dir='ltr'>aliquod</span> <span class='ocrx_word' id='word_1_19' title='bbox 622 706 837 804; x_wconf 79' lang='lat' dir='ltr'><strong>accipientes</strong></span> <span class='ocrx_word' id='word_1_20' title='bbox 867 735 888 780; x_wconf 90' lang='lat' dir='ltr'><strong>a</strong></span> <span class='ocrx_word' id='word_1_21' title='bbox 915 705 1063 795; x_wconf 77' lang='lat' dir='ltr'><strong>Graecis,</strong></span> <span class='ocrx_word' id='word_1_22' title='bbox 1089 707 1134 778; x_wconf 88' lang='lat' dir='ltr'><strong>ab</strong></span> <span class='ocrx_word' id='word_1_23' title='bbox 1161 732 1223 778; x_wconf 90' lang='lat' dir='ltr'><strong>an·</strong></span> 
     </span>
     <span class='ocr_line' id='line_1_4' title="bbox 106 821 1221 921; baseline -0.002 -27"><span class='ocrx_word' id='word_1_24' title='bbox 106 835 230 918; x_wconf 87' lang='lat' dir='ltr'><strong>gusto</strong></span> <span class='ocrx_word' id='word_1_25' title='bbox 255 821 292 893; x_wconf 91' lang='lat' dir='ltr'><strong>in</strong></span> <span class='ocrx_word' id='word_1_26' title='bbox 318 821 471 894; x_wconf 84' lang='lat' dir='ltr'><strong>effusum</strong></span> <span class='ocrx_word' id='word_1_27' title='bbox 498 821 652 894; x_wconf 77' lang='lat' dir='ltr'><strong>licentia</strong></span> <span class='ocrx_word' id='word_1_28' title='bbox 679 822 833 921; x_wconf 83' lang='lat' dir='ltr'><strong>spatium</strong></span> <span class='ocrx_word' id='word_1_29' title='bbox 863 823 933 896; x_wconf 91' lang='lat' dir='ltr'><strong>hoc</strong></span> <span class='ocrx_word' id='word_1_30' title='bbox 957 821 1118 906; x_wconf 89' lang='lat' dir='ltr'><strong>dilatare,</strong></span> <span class='ocrx_word' id='word_1_31' title='bbox 1135 847 1221 916; x_wconf 89' lang='lat' dir='ltr'><strong>quo·</strong></span> 
     </span>
     <span class='ocr_line' id='line_1_5' title="bbox 110 935 1223 1026; baseline -0.004 -16"><span class='ocrx_word' id='word_1_32' title='bbox 110 936 235 1010; x_wconf 87' lang='lat' dir='ltr'><strong>modo</strong></span> <span class='ocrx_word' id='word_1_33' title='bbox 251 936 413 1010; x_wconf 86' lang='lat' dir='ltr'><strong>fecerunt</strong></span> <span class='ocrx_word' id='word_1_34' title='bbox 439 937 476 1008; x_wconf 93' lang='lat' dir='ltr'><strong>in</strong></span> <span class='ocrx_word' id='word_1_35' title='bbox 495 950 597 1010; x_wconf 88' lang='lat' dir='ltr'><strong>sexto</strong></span> <span class='ocrx_word' id='word_1_36' title='bbox 624 963 720 1026; x_wconf 90' lang='lat' dir='ltr'><strong>casu,</strong></span> <span class='ocrx_word' id='word_1_37' title='bbox 736 937 933 1011; x_wconf 89' lang='lat' dir='ltr'><strong>secundum</strong></span> <span class='ocrx_word' id='word_1_38' title='bbox 961 935 1223 1010; x_wconf 89' lang='lat' dir='ltr'><strong>vetustissimos</strong></span> 
     </span>
     <span class='ocr_line' id='line_1_6' title="bbox 111 1049 1225 1152; baseline -0.005 -24"><span class='ocrx_word' id='word_1_39' title='bbox 111 1056 334 1128; x_wconf 85' lang='lat' dir='ltr'><strong>Graecorum</strong></span> <span class='ocrx_word' id='word_1_40' title='bbox 362 1053 628 1152; x_wconf 86' lang='lat' dir='ltr'><strong>grammaticos.</strong></span> <span class='ocrx_word' id='word_1_41' title='bbox 680 1055 834 1127; x_wconf 84' lang='lat' dir='ltr'><strong>Sextum</strong></span> <span class='ocrx_word' id='word_1_42' title='bbox 857 1053 954 1125; x_wconf 90' lang='lat' dir='ltr'><strong>enim</strong></span> <span class='ocrx_word' id='word_1_43' title='bbox 968 1077 1091 1124; x_wconf 90' lang='lat' dir='ltr'><strong>casum</strong></span> <span class='ocrx_word' id='word_1_44' title='bbox 1106 1051 1157 1123; x_wconf 93' lang='lat' dir='ltr'><strong>illi</strong></span> <span class='ocrx_word' id='word_1_45' title='bbox 1172 1049 1225 1123; x_wconf 91' lang='lat' dir='ltr'><strong>di-</strong></span> 
     </span>
     <span class='ocr_line' id='line_1_7' title="bbox 113 1160 1222 1259; baseline -0.005 -21"><span class='ocrx_word' id='word_1_46' title='bbox 113 1167 256 1238; x_wconf 85' lang='lat' dir='ltr'><strong>cebant</strong></span> <span class='ocrx_word' id='word_1_47' title='bbox 282 1164 393 1259; x_wconf 77' lang='grc' dir='ltr'><strong>ἐμέθεν,</strong></span> <span class='ocrx_word' id='word_1_48' title='bbox 411 1166 504 1251; x_wconf 77' lang='grc' dir='ltr'><strong><em>σέθεν,</em></strong></span> <span class='ocrx_word' id='word_1_49' title='bbox 523 1165 593 1251; x_wconf 75' lang='grc' dir='ltr'><strong><em>ἕθεν,</em></strong></span> <span class='ocrx_word' id='word_1_50' title='bbox 611 1165 647 1237; x_wconf 92' lang='lat' dir='ltr'><strong>id</strong></span> <span class='ocrx_word' id='word_1_51' title='bbox 663 1177 717 1238; x_wconf 89' lang='lat' dir='ltr'><strong>est</strong></span> <span class='ocrx_word' id='word_1_52' title='bbox 730 1189 754 1237; x_wconf 83' lang='lat' dir='ltr'><strong>a</strong></span> <span class='ocrx_word' id='word_1_53' title='bbox 767 1191 835 1252; x_wconf 87' lang='lat' dir='ltr'><strong>me,</strong></span> <span class='ocrx_word' id='word_1_54' title='bbox 853 1189 939 1254; x_wconf 88' lang='lat' dir='ltr'><strong>ase,</strong></span> <span class='ocrx_word' id='word_1_55' title='bbox 956 1187 980 1236; x_wconf 83' lang='lat' dir='ltr'><strong>a</strong></span> <span class='ocrx_word' id='word_1_56' title='bbox 994 1173 1040 1252; x_wconf 83' lang='lat' dir='ltr'><strong>te,</strong></span> <span class='ocrx_word' id='word_1_57' title='bbox 1057 1187 1166 1258; x_wconf 85' lang='lat' dir='ltr'><strong>quem</strong></span> <span class='ocrx_word' id='word_1_58' title='bbox 1187 1160 1222 1232; x_wconf 93' lang='lat' dir='ltr'><strong>in</strong></span> 
     </span>
     <span class='ocr_line' id='line_1_8' title="bbox 114 1277 1224 1353; baseline -0.004 -1"><span class='ocrx_word' id='word_1_59' title='bbox 114 1279 296 1352; x_wconf 89' lang='lat' dir='ltr'><strong>omnibus</strong></span> <span class='ocrx_word' id='word_1_60' title='bbox 314 1279 516 1353; x_wconf 79' lang='lat' dir='ltr'><strong>casualibus</strong></span> <span class='ocrx_word' id='word_1_61' title='bbox 535 1292 762 1352; x_wconf 83' lang='lat' dir='ltr'><strong>servaverunt</strong></span> <span class='ocrx_word' id='word_1_62' title='bbox 779 1277 912 1352; x_wconf 87' lang='lat' dir='ltr'><strong>Latini.</strong></span> <span class='ocrx_word' id='word_1_63' title='bbox 958 1279 1133 1352; x_wconf 84' lang='lat' dir='ltr'><strong>Similiter</strong></span> <span class='ocrx_word' id='word_1_64' title='bbox 1157 1277 1224 1348; x_wconf 93' lang='lat' dir='ltr'><strong>im-</strong></span> 
     </span>
     <span class='ocr_line' id='line_1_9' title="bbox 116 1391 1225 1494; baseline -0.002 -28"><span class='ocrx_word' id='word_1_65' title='bbox 116 1394 338 1494; x_wconf 88' lang='lat' dir='ltr'><strong>personalia,</strong></span> <span class='ocrx_word' id='word_1_66' title='bbox 356 1421 377 1466; x_wconf 88' lang='lat' dir='ltr'><strong>a</strong></span> <span class='ocrx_word' id='word_1_67' title='bbox 393 1393 517 1492; x_wconf 84' lang='lat' dir='ltr'><strong>paucis</strong></span> <span class='ocrx_word' id='word_1_68' title='bbox 532 1393 668 1468; x_wconf 80' lang='lat' dir='ltr'><strong>Grecis</strong></span> <span class='ocrx_word' id='word_1_69' title='bbox 687 1408 843 1492; x_wconf 87' lang='lat' dir='ltr'><strong>accepta,</strong></span> <span class='ocrx_word' id='word_1_70' title='bbox 860 1391 918 1466; x_wconf 74' lang='lat' dir='ltr'><strong>aiei</strong></span> <span class='ocrx_word' id='word_1_71' title='bbox 934 1403 987 1468; x_wconf 78' lang='lat' dir='ltr'><strong>roi</strong></span> <span class='ocrx_word' id='word_1_72' title='bbox 1004 1395 1060 1482; x_wconf 78' lang='grc' dir='ltr'><strong>δεῖ,</strong></span> <span class='ocrx_word' id='word_1_73' title='bbox 1077 1394 1150 1489; x_wconf 67' lang='grc' dir='ltr'><strong>χρὴ,</strong></span> <span class='ocrx_word' id='word_1_74' title='bbox 1166 1392 1225 1486; x_wconf 80' lang='grc' dir='ltr'><strong><em>με’-</em></strong></span> 
     </span>
     <span class='ocr_line' id='line_1_10' title="bbox 119 1506 1225 1602; baseline -0.006 -20"><span class='ocrx_word' id='word_1_75' title='bbox 119 1527 186 1597; x_wconf 66' lang='lat' dir='ltr'><strong>ae,</strong></span> <span class='ocrx_word' id='word_1_76' title='bbox 199 1511 237 1581; x_wconf 94' lang='lat' dir='ltr'><strong>in</strong></span> <span class='ocrx_word' id='word_1_77' title='bbox 255 1509 424 1582; x_wconf 92' lang='lat' dir='ltr'><strong>omnibus</strong></span> <span class='ocrx_word' id='word_1_78' title='bbox 450 1509 523 1582; x_wconf 89' lang='lat' dir='ltr'><strong>fere</strong></span> <span class='ocrx_word' id='word_1_79' title='bbox 541 1509 666 1582; x_wconf 86' lang='lat' dir='ltr'><strong>activis</strong></span> <span class='ocrx_word' id='word_1_80' title='bbox 684 1523 720 1581; x_wconf 92' lang='lat' dir='ltr'><strong>et</strong></span> <span class='ocrx_word' id='word_1_81' title='bbox 736 1508 871 1581; x_wconf 82' lang='lat' dir='ltr'><strong>neutris</strong></span> <span class='ocrx_word' id='word_1_82' title='bbox 890 1508 1036 1582; x_wconf 74' lang='lat' dir='ltr'><strong>liabent.</strong></span> <span class='ocrx_word' id='word_1_83' title='bbox 1090 1507 1116 1578; x_wconf 90' lang='lat' dir='ltr'>S</span> <span class='ocrx_word' id='word_1_84' title='bbox 1136 1506 1225 1602; x_wconf 75' lang='lat' dir='ltr'><strong>quo&#39;-</strong></span> 
     </span>
     <span class='ocr_line' id='line_1_11' title="bbox 120 1622 1226 1722; baseline -0.005 -25"><span class='ocrx_word' id='word_1_85' title='bbox 120 1651 211 1722; x_wconf 90' lang='lat' dir='ltr'><strong>quc,</strong></span> <span class='ocrx_word' id='word_1_86' title='bbox 225 1651 309 1698; x_wconf 91' lang='lat' dir='ltr'><strong>cum</strong></span> <span class='ocrx_word' id='word_1_87' title='bbox 328 1623 506 1696; x_wconf 83' lang='lat' dir='ltr'><strong>rarissime</strong></span> <span class='ocrx_word' id='word_1_88' title='bbox 523 1624 734 1698; x_wconf 86' lang='lat' dir='ltr'><strong>necessitate</strong></span> <span class='ocrx_word' id='word_1_89' title='bbox 751 1622 920 1696; x_wconf 87' lang='lat' dir='ltr'><strong>carminis</strong></span> <span class='ocrx_word' id='word_1_90' title='bbox 938 1624 1010 1696; x_wconf 89' lang='lat' dir='ltr'><strong>vim</strong></span> <span class='ocrx_word' id='word_1_91' title='bbox 1026 1647 1226 1694; x_wconf 88' lang='lat' dir='ltr'><strong>consonan-</strong></span> 
     </span>
     <span class='ocr_line' id='line_1_12' title="bbox 123 1737 1129 1838; baseline -0.002 -28"><span class='ocrx_word' id='word_1_92' title='bbox 123 1741 173 1812; x_wconf 89' lang='lat' dir='ltr'><strong>tis</strong></span> <span class='ocrx_word' id='word_1_93' title='bbox 198 1739 333 1812; x_wconf 90' lang='lat' dir='ltr'><strong>amittit</strong></span> <span class='ocrx_word' id='word_1_94' title='bbox 349 1738 444 1838; x_wconf 89' lang='lat' dir='ltr'><strong>apud</strong></span> <span class='ocrx_word' id='word_1_95' title='bbox 464 1739 622 1827; x_wconf 76' lang='lat' dir='ltr'><strong>Grecos,</strong></span> <span class='ocrx_word' id='word_1_96' title='bbox 640 1746 696 1832; x_wconf 86' lang='lat' dir='ltr'><strong>(ut</strong></span> <span class='ocrx_word' id='word_1_97' title='bbox 714 1739 898 1814; x_wconf 87' lang='lat' dir='ltr'><strong>Homerus</strong></span> <span class='ocrx_word' id='word_1_98' title='bbox 915 1739 952 1812; x_wconf 92' lang='lat' dir='ltr'><strong>in</strong></span> <span class='ocrx_word' id='word_1_99' title='bbox 970 1737 1129 1823; x_wconf 84' lang='lat' dir='ltr'><strong>Boeotia,</strong></span> 
     </span>
    </p>

    <p class='ocr_par' dir='ltr' id='par_1_3' title="bbox 128 1852 700 2054">
     <span class='ocr_line' id='line_1_13' title="bbox 229 1852 700 1946; baseline 0.004 -20"><span class='ocrx_word' id='word_1_100' title='bbox 229 1852 478 1946; x_wconf 75' lang='grc' dir='ltr'>Πολυστάφυλόν</span> <span class='ocrx_word' id='word_1_101' title='bbox 494 1853 517 1925; x_wconf 68' lang='lat' dir='ltr'><strong>i</strong></span> <span class='ocrx_word' id='word_1_102' title='bbox 534 1855 700 1928; x_wconf 67' lang='lat' dir='ltr'><strong>‘lassatae-</strong></span> 
     </span>
     <span class='ocr_line' id='line_1_14' title="bbox 128 1968 502 2054; baseline -0.005 -12"><span class='ocrx_word' id='word_1_103' title='bbox 128 1968 502 2054; x_wconf 56' lang='lat' dir='ltr'><strong>lmmmspffimm</strong></span> 
     </span>
    </p>

    <p class='ocr_par' dir='ltr' id='par_1_4' title="bbox 124 2079 1259 4368">
     <span class='ocr_line' id='line_1_15' title="bbox 230 2079 1121 2180; baseline 0 -24"><span class='ocrx_word' id='word_1_104' title='bbox 230 2083 309 2157; x_wconf 74' lang='lat' dir='ltr'><strong>Ov’ll</strong></span> <span class='ocrx_word' id='word_1_105' title='bbox 325 2085 517 2180; x_wconf 76' lang='grc' dir='ltr'><em>Σκάμανδρος</em></span> <span class='ocrx_word' id='word_1_106' title='bbox 535 2079 626 2179; x_wconf 66' lang='lat' dir='ltr'><strong>inim</strong></span> <span class='ocrx_word' id='word_1_107' title='bbox 643 2083 709 2156; x_wconf 76' lang='lat' dir='ltr'><strong>reis</strong></span> <span class='ocrx_word' id='word_1_108' title='bbox 724 2085 822 2180; x_wconf 75' lang='lat' dir='ltr'><strong>pisae,</strong></span> <span class='ocrx_word' id='word_1_109' title='bbox 840 2082 911 2156; x_wconf 74' lang='grc' dir='ltr'>ἀλλ’</span> <span class='ocrx_word' id='word_1_110' title='bbox 929 2082 974 2157; x_wconf 69' lang='grc' dir='ltr'><strong>ἔτι</strong></span> <span class='ocrx_word' id='word_1_111' title='bbox 991 2095 1121 2180; x_wconf 63' lang='lat' dir='ltr'><strong>pillos.</strong></span> 
     </span>
     <span class='ocr_line' id='line_1_16' title="bbox 129 2198 492 2296; baseline 0.003 -25"><span class='ocrx_word' id='word_1_112' title='bbox 129 2198 234 2272; x_wconf 87' lang='lat' dir='ltr'><strong>Idem</strong></span> <span class='ocrx_word' id='word_1_113' title='bbox 254 2200 289 2271; x_wconf 94' lang='lat' dir='ltr'><strong>in</strong></span> <span class='ocrx_word' id='word_1_114' title='bbox 310 2198 492 2296; x_wconf 86' lang='lat' dir='ltr'><strong>Odyssea:</strong></span> 
     </span>
     <span class='ocr_line' id='line_1_17' title="bbox 124 2315 769 2412; baseline 0.002 -26"><span class='ocrx_word' id='word_1_115' title='bbox 124 2319 128 2348; x_wconf 77' lang='lat'><em>³</em></span> <span class='ocrx_word' id='word_1_116' title='bbox 230 2315 370 2388; x_wconf 80' lang='grc' dir='ltr'>Πέλεκυν</span> <span class='ocrx_word' id='word_1_117' title='bbox 385 2318 494 2412; x_wconf 75' lang='grc' dir='ltr'><em>μέγᾳν,</em></span> <span class='ocrx_word' id='word_1_118' title='bbox 514 2315 565 2404; x_wconf 66' lang='grc' dir='ltr'><strong>ἠδὲ</strong></span> <span class='ocrx_word' id='word_1_119' title='bbox 583 2315 769 2411; x_wconf 75' lang='grc' dir='ltr'>σκέπαρνον.)</span> 
     </span>
     <span class='ocr_line' id='line_1_18' title="bbox 129 2427 1258 2517; baseline -0.001 -18"><span class='ocrx_word' id='word_1_120' title='bbox 129 2427 256 2501; x_wconf 88' lang='lat' dir='ltr'><strong>Nostri</strong></span> <span class='ocrx_word' id='word_1_121' title='bbox 284 2441 418 2516; x_wconf 89' lang='lat' dir='ltr'><strong>tamen,</strong></span> <span class='ocrx_word' id='word_1_122' title='bbox 443 2456 525 2502; x_wconf 91' lang='lat' dir='ltr'><strong>cum</strong></span> <span class='ocrx_word' id='word_1_123' title='bbox 555 2429 712 2517; x_wconf 88' lang='lat' dir='ltr'><strong>licentia,</strong></span> <span class='ocrx_word' id='word_1_124' title='bbox 738 2443 775 2500; x_wconf 91' lang='lat' dir='ltr'><strong>et</strong></span> <span class='ocrx_word' id='word_1_125' title='bbox 801 2427 959 2500; x_wconf 84' lang='lat' dir='ltr'><strong>maxime</strong></span> <span class='ocrx_word' id='word_1_126' title='bbox 983 2427 1258 2517; x_wconf 81' lang='lat' dir='ltr'><strong>vetustissimi,4</strong></span> 
     </span>
     <span class='ocr_line' id='line_1_19' title="bbox 132 2543 1227 2642; baseline 0.003 -29"><span class='ocrx_word' id='word_1_127' title='bbox 132 2544 350 2617; x_wconf 88' lang='lat' dir='ltr'><strong>subtrahunt</strong></span> <span class='ocrx_word' id='word_1_128' title='bbox 367 2571 446 2616; x_wconf 88' lang='lat' dir='ltr'><strong>eam</strong></span> <span class='ocrx_word' id='word_1_129' title='bbox 467 2544 503 2616; x_wconf 93' lang='lat' dir='ltr'><strong>in</strong></span> <span class='ocrx_word' id='word_1_130' title='bbox 522 2544 644 2617; x_wconf 87' lang='lat' dir='ltr'><strong>metris</strong></span> <span class='ocrx_word' id='word_1_131' title='bbox 661 2543 874 2641; x_wconf 80' lang='lat' dir='ltr'><strong>frequenter.</strong></span> <span class='ocrx_word' id='word_1_132' title='bbox 902 2544 986 2616; x_wconf 91' lang='lat' dir='ltr'><strong>Hoc</strong></span> <span class='ocrx_word' id='word_1_133' title='bbox 1005 2544 1114 2642; x_wconf 87' lang='lat' dir='ltr'><strong>igitur</strong></span> <span class='ocrx_word' id='word_1_134' title='bbox 1131 2543 1227 2617; x_wconf 91' lang='lat' dir='ltr'><strong>idem</strong></span> 
     </span>
     <span class='ocr_line' id='line_1_20' title="bbox 133 2657 1230 2757; baseline 0.002 -29"><span class='ocrx_word' id='word_1_135' title='bbox 133 2657 258 2730; x_wconf 82' lang='lat' dir='ltr'><strong>fecisse</strong></span> <span class='ocrx_word' id='word_1_136' title='bbox 275 2659 425 2732; x_wconf 83' lang='lat' dir='ltr'><strong>arbitror</strong></span> <span class='ocrx_word' id='word_1_137' title='bbox 442 2659 479 2731; x_wconf 93' lang='lat' dir='ltr'><strong>in</strong></span> <span class='ocrx_word' id='word_1_138' title='bbox 498 2657 711 2757; x_wconf 87' lang='lat' dir='ltr'><strong>supradictis</strong></span> <span class='ocrx_word' id='word_1_139' title='bbox 733 2659 867 2748; x_wconf 89' lang='lat' dir='ltr'><strong>metris,</strong></span> <span class='ocrx_word' id='word_1_140' title='bbox 879 2673 930 2748; x_wconf 91' lang='lat' dir='ltr'><strong>ut,</strong></span> <span class='ocrx_word' id='word_1_141' title='bbox 942 2659 1038 2756; x_wconf 95' lang='lat' dir='ltr'><strong>quod</strong></span> <span class='ocrx_word' id='word_1_142' title='bbox 1059 2657 1109 2730; x_wconf 92' lang='lat' dir='ltr'><strong>illi</strong></span> <span class='ocrx_word' id='word_1_143' title='bbox 1126 2659 1230 2730; x_wconf 88' lang='lat' dir='ltr'><strong>raris-</strong></span> 
     </span>
     <span class='ocr_line' id='line_1_21' title="bbox 133 2773 1230 2872; baseline 0.002 -28"><span class='ocrx_word' id='word_1_144' title='bbox 133 2773 224 2845; x_wconf 90' lang='lat' dir='ltr'><strong>sime</strong></span> <span class='ocrx_word' id='word_1_145' title='bbox 240 2787 448 2872; x_wconf 87' lang='lat' dir='ltr'><strong>posuerunt,</strong></span> <span class='ocrx_word' id='word_1_146' title='bbox 466 2773 503 2846; x_wconf 92' lang='lat' dir='ltr'><strong>hi</strong></span> <span class='ocrx_word' id='word_1_147' title='bbox 522 2773 810 2871; x_wconf 86' lang='lat' dir='ltr'><strong>frequentissime</strong></span> <span class='ocrx_word' id='word_1_148' title='bbox 827 2774 864 2846; x_wconf 94' lang='lat' dir='ltr'><strong>in</strong></span> <span class='ocrx_word' id='word_1_149' title='bbox 892 2773 1020 2846; x_wconf 88' lang='lat' dir='ltr'><strong>iambis</strong></span> <span class='ocrx_word' id='word_1_150' title='bbox 1045 2787 1230 2872; x_wconf 90' lang='lat' dir='ltr'><strong>ponerent.</strong></span> 
     </span>
     <span class='ocr_line' id='line_1_22' title="bbox 135 2887 1233 2986; baseline -0.001 -26"><span class='ocrx_word' id='word_1_151' title='bbox 135 2889 229 2960; x_wconf 83' lang='lat' dir='ltr'><strong>Sunt</strong></span> <span class='ocrx_word' id='word_1_152' title='bbox 245 2901 380 2978; x_wconf 62' lang='lat' dir='ltr'><strong>umen,</strong></span> <span class='ocrx_word' id='word_1_153' title='bbox 397 2889 456 2986; x_wconf 87' lang='lat' dir='ltr'><strong>qui</strong></span> <span class='ocrx_word' id='word_1_154' title='bbox 487 2887 686 2962; x_wconf 88' lang='lat' dir='ltr'><strong>altitudinis</strong></span> <span class='ocrx_word' id='word_1_155' title='bbox 707 2915 816 2962; x_wconf 88' lang='lat' dir='ltr'><strong>causa</strong></span> <span class='ocrx_word' id='word_1_156' title='bbox 840 2888 948 2960; x_wconf 91' lang='lat' dir='ltr'><strong>etiam</strong></span> <span class='ocrx_word' id='word_1_157' title='bbox 974 2901 1011 2962; x_wconf 84' lang='lat' dir='ltr'><strong>et</strong></span> <span class='ocrx_word' id='word_1_158' title='bbox 1035 2887 1233 2986; x_wconf 77' lang='lat' dir='ltr'><strong>⁶pompali-</strong></span> 
     </span>
     <span class='ocr_line' id='line_1_23' title="bbox 137 3003 1233 3102; baseline -0.001 -27"><span class='ocrx_word' id='word_1_159' title='bbox 137 3004 230 3086; x_wconf 88' lang='lat' dir='ltr'><strong>tatis,</strong></span> <span class='ocrx_word' id='word_1_160' title='bbox 244 3015 328 3102; x_wconf 80' lang='lat' dir='ltr'><strong>&#39;quae</strong></span> <span class='ocrx_word' id='word_1_161' title='bbox 344 3003 462 3100; x_wconf 81' lang='lat' dir='ltr'><strong>dstylo</strong></span> <span class='ocrx_word' id='word_1_162' title='bbox 479 3004 692 3077; x_wconf 88' lang='lat' dir='ltr'><strong>elocutionis</strong></span> <span class='ocrx_word' id='word_1_163' title='bbox 714 3003 883 3078; x_wconf 88' lang='lat' dir='ltr'><strong>convenit</strong></span> <span class='ocrx_word' id='word_1_164' title='bbox 900 3003 1153 3094; x_wconf 76' lang='lat' dir='ltr'><strong>Latinae,(hoc</strong></span> <span class='ocrx_word' id='word_1_165' title='bbox 1170 3028 1233 3075; x_wconf 91' lang='lat' dir='ltr'><strong>au-</strong></span> 
     </span>
     <span class='ocr_line' id='line_1_24' title="bbox 137 3117 1233 3217; baseline -0.002 -28"><span class='ocrx_word' id='word_1_166' title='bbox 137 3131 209 3191; x_wconf 89' lang='lat' dir='ltr'><strong>tem</strong></span> <span class='ocrx_word' id='word_1_167' title='bbox 237 3118 437 3214; x_wconf 84' lang='lat' dir='ltr'><strong>frequentia</strong></span> <span class='ocrx_word' id='word_1_168' title='bbox 463 3118 549 3191; x_wconf 87' lang='lat' dir='ltr'><strong>facit</strong></span> <span class='ocrx_word' id='word_1_169' title='bbox 575 3117 709 3217; x_wconf 83' lang='lat' dir='ltr'><strong>dactyli</strong></span> <span class='ocrx_word' id='word_1_170' title='bbox 735 3119 790 3191; x_wconf 87' lang='lat' dir='ltr'><strong>vel</strong></span> <span class='ocrx_word' id='word_1_171' title='bbox 818 3117 994 3216; x_wconf 86' lang='lat' dir='ltr'><strong>spondei,)</strong></span> <span class='ocrx_word' id='word_1_172' title='bbox 1013 3129 1050 3190; x_wconf 89' lang='lat' dir='ltr'><strong>et</strong></span> <span class='ocrx_word' id='word_1_173' title='bbox 1073 3131 1115 3188; x_wconf 91' lang='lat' dir='ltr'><strong>ut</strong></span> <span class='ocrx_word' id='word_1_174' title='bbox 1140 3141 1233 3215; x_wconf 86' lang='lat' dir='ltr'><strong>pene</strong></span> 
     </span>
     <span class='ocr_line' id='line_1_25' title="bbox 137 3232 1234 3332; baseline -0.002 -27"><span class='ocrx_word' id='word_1_175' title='bbox 137 3233 307 3306; x_wconf 89' lang='lat' dir='ltr'><strong>dissoluta</strong></span> <span class='ocrx_word' id='word_1_176' title='bbox 324 3247 360 3306; x_wconf 92' lang='lat' dir='ltr'><strong>et</strong></span> <span class='ocrx_word' id='word_1_177' title='bbox 384 3233 540 3332; x_wconf 87' lang='lat' dir='ltr'><strong>pedestri</strong></span> <span class='ocrx_word' id='word_1_178' title='bbox 568 3233 753 3307; x_wconf 90' lang='lat' dir='ltr'><strong>simillima</strong></span> <span class='ocrx_word' id='word_1_179' title='bbox 778 3259 856 3306; x_wconf 89' lang='lat' dir='ltr'><strong>esse</strong></span> <span class='ocrx_word' id='word_1_180' title='bbox 878 3232 1040 3306; x_wconf 88' lang='lat' dir='ltr'><strong>videatur</strong></span> <span class='ocrx_word' id='word_1_181' title='bbox 1066 3257 1234 3331; x_wconf 86' lang='lat' dir='ltr'><strong>persona-</strong></span> 
     </span>
     <span class='ocr_line' id='line_1_26' title="bbox 140 3346 1259 3434; baseline -0.003 -14"><span class='ocrx_word' id='word_1_182' title='bbox 140 3373 216 3420; x_wconf 85' lang='lat' dir='ltr'><strong>rum</strong></span> <span class='ocrx_word' id='word_1_183' title='bbox 245 3348 509 3434; x_wconf 89' lang='lat' dir='ltr'><strong>sermocinatio,</strong></span> <span class='ocrx_word' id='word_1_184' title='bbox 533 3349 569 3421; x_wconf 92' lang='lat' dir='ltr'><strong>id</strong></span> <span class='ocrx_word' id='word_1_185' title='bbox 600 3349 679 3421; x_wconf 89' lang='lat' dir='ltr'><strong>illos</strong></span> <span class='ocrx_word' id='word_1_186' title='bbox 705 3348 831 3422; x_wconf 87' lang='lat' dir='ltr'><strong>fecisse</strong></span> <span class='ocrx_word' id='word_1_187' title='bbox 856 3349 1086 3422; x_wconf 85' lang='lat' dir='ltr'><strong>arbitrantur.</strong></span> <span class='ocrx_word' id='word_1_188' title='bbox 1145 3346 1259 3425; x_wconf 79' lang='lat' dir='ltr'><strong>Tro-s</strong></span> 
     </span>
     <span class='ocr_line' id='line_1_27' title="bbox 140 3461 1234 3562; baseline 0 -28"><span class='ocrx_word' id='word_1_189' title='bbox 140 3461 271 3535; x_wconf 89' lang='lat' dir='ltr'><strong>chaicis</strong></span> <span class='ocrx_word' id='word_1_190' title='bbox 288 3462 398 3535; x_wconf 89' lang='lat' dir='ltr'><strong>etiam</strong></span> <span class='ocrx_word' id='word_1_191' title='bbox 423 3476 574 3536; x_wconf 92' lang='lat' dir='ltr'><strong>utuntur</strong></span> <span class='ocrx_word' id='word_1_192' title='bbox 591 3465 803 3562; x_wconf 89' lang='lat' dir='ltr'><strong>plerumque</strong></span> <span class='ocrx_word' id='word_1_193' title='bbox 820 3464 1035 3538; x_wconf 87' lang='lat' dir='ltr'><strong>tetrametris</strong></span> <span class='ocrx_word' id='word_1_194' title='bbox 1053 3461 1234 3536; x_wconf 90' lang='lat' dir='ltr'><strong>catalecti-</strong></span> 
     </span>
     <span class='ocr_line' id='line_1_28' title="bbox 141 3577 1234 3678; baseline 0 -28"><span class='ocrx_word' id='word_1_195' title='bbox 141 3579 201 3663; x_wconf 88' lang='lat' dir='ltr'><strong>cis,</strong></span> <span class='ocrx_word' id='word_1_196' title='bbox 217 3577 254 3650; x_wconf 90' lang='lat' dir='ltr'><strong>id</strong></span> <span class='ocrx_word' id='word_1_197' title='bbox 277 3591 333 3650; x_wconf 90' lang='lat' dir='ltr'><strong>est</strong></span> <span class='ocrx_word' id='word_1_198' title='bbox 350 3579 481 3674; x_wconf 92' lang='lat' dir='ltr'><strong>quibus</strong></span> <span class='ocrx_word' id='word_1_199' title='bbox 504 3605 575 3652; x_wconf 90' lang='lat' dir='ltr'><strong>una</strong></span> <span class='ocrx_word' id='word_1_200' title='bbox 592 3579 692 3678; x_wconf 79' lang='lat' dir='ltr'><strong>deest</strong></span> <span class='ocrx_word' id='word_1_201' title='bbox 718 3580 855 3678; x_wconf 87' lang='lat' dir='ltr'><strong>syllaba</strong></span> <span class='ocrx_word' id='word_1_202' title='bbox 878 3580 916 3652; x_wconf 92' lang='lat' dir='ltr'><strong>in</strong></span> <span class='ocrx_word' id='word_1_203' title='bbox 939 3582 1022 3670; x_wconf 85' lang='lat' dir='ltr'><strong>fine,</strong></span> <span class='ocrx_word' id='word_1_204' title='bbox 1039 3577 1076 3652; x_wconf 93' lang='lat' dir='ltr'><strong>in</strong></span> <span class='ocrx_word' id='word_1_205' title='bbox 1103 3579 1234 3676; x_wconf 91' lang='lat' dir='ltr'><strong>quibus</strong></span> 
     </span>
     <span class='ocr_line' id='line_1_29' title="bbox 141 3692 1236 3794; baseline 0.003 -31"><span class='ocrx_word' id='word_1_206' title='bbox 141 3719 263 3764; x_wconf 90' lang='lat' dir='ltr'><strong>omnes</strong></span> <span class='ocrx_word' id='word_1_207' title='bbox 276 3692 448 3767; x_wconf 90' lang='lat' dir='ltr'><strong>iambicos</strong></span> <span class='ocrx_word' id='word_1_208' title='bbox 462 3709 603 3792; x_wconf 90' lang='lat' dir='ltr'><strong>ponunt</strong></span> <span class='ocrx_word' id='word_1_209' title='bbox 620 3695 656 3768; x_wconf 89' lang='lat' dir='ltr'><strong>in</strong></span> <span class='ocrx_word' id='word_1_210' title='bbox 670 3721 900 3793; x_wconf 88' lang='lat' dir='ltr'><strong>quocumque</strong></span> <span class='ocrx_word' id='word_1_211' title='bbox 912 3697 991 3770; x_wconf 91' lang='lat' dir='ltr'><strong>loco</strong></span> <span class='ocrx_word' id='word_1_212' title='bbox 1005 3695 1124 3794; x_wconf 87' lang='lat' dir='ltr'><strong>pedes,</strong></span> <span class='ocrx_word' id='word_1_213' title='bbox 1135 3721 1236 3766; x_wconf 91' lang='lat' dir='ltr'><strong>com·</strong></span> 
     </span>
     <span class='ocr_line' id='line_1_30' title="bbox 143 3808 1235 3912; baseline -0.001 -32"><span class='ocrx_word' id='word_1_214' title='bbox 143 3808 254 3881; x_wconf 85' lang='lat' dir='ltr'><strong>mixto</strong></span> <span class='ocrx_word' id='word_1_215' title='bbox 281 3821 404 3881; x_wconf 87' lang='lat' dir='ltr'><strong>tamen</strong></span> <span class='ocrx_word' id='word_1_216' title='bbox 430 3812 607 3884; x_wconf 76' lang='lat' dir='ltr'><strong>trochaeo:</strong></span> <span class='ocrx_word' id='word_1_217' title='bbox 646 3813 682 3884; x_wconf 91' lang='lat' dir='ltr'><strong>in</strong></span> <span class='ocrx_word' id='word_1_218' title='bbox 711 3811 761 3884; x_wconf 90' lang='lat' dir='ltr'><strong>eis</strong></span> <span class='ocrx_word' id='word_1_219' title='bbox 790 3811 1004 3912; x_wconf 90' lang='lat' dir='ltr'><strong>plerumque</strong></span> <span class='ocrx_word' id='word_1_220' title='bbox 1025 3808 1235 3894; x_wconf 85' lang='lat' dir='ltr'><strong>invenimus</strong></span> 
     </span>
     <span class='ocr_line' id='line_1_31' title="bbox 144 3921 1237 4025; baseline -0.003 -29"><span class='ocrx_word' id='word_1_221' title='bbox 144 3937 222 3996; x_wconf 88' lang='lat' dir='ltr'><strong>ante</strong></span> <span class='ocrx_word' id='word_1_222' title='bbox 238 3924 351 3996; x_wconf 90' lang='lat' dir='ltr'><strong>finem</strong></span> <span class='ocrx_word' id='word_1_223' title='bbox 369 3949 490 3998; x_wconf 88' lang='lat' dir='ltr'><strong>versus</strong></span> <span class='ocrx_word' id='word_1_224' title='bbox 509 3927 667 4025; x_wconf 86' lang='lat' dir='ltr'><strong>longam.</strong></span> <span class='ocrx_word' id='word_1_225' title='bbox 718 3926 811 3998; x_wconf 89' lang='lat' dir='ltr'><strong>Sunt</strong></span> <span class='ocrx_word' id='word_1_226' title='bbox 828 3940 949 3998; x_wconf 91' lang='lat' dir='ltr'><strong>tamen</strong></span> <span class='ocrx_word' id='word_1_227' title='bbox 969 3939 1006 3996; x_wconf 87' lang='lat' dir='ltr'><strong>et</strong></span> <span class='ocrx_word' id='word_1_228' title='bbox 1023 3924 1115 3996; x_wconf 89' lang='lat' dir='ltr'><strong>ultra</strong></span> <span class='ocrx_word' id='word_1_229' title='bbox 1132 3921 1237 3994; x_wconf 87' lang='lat' dir='ltr'><strong>citra-</strong></span> 
     </span>
     <span class='ocr_line' id='line_1_32' title="bbox 144 4035 1237 4136; baseline -0.004 -26"><span class='ocrx_word' id='word_1_230' title='bbox 144 4065 210 4136; x_wconf 90' lang='lat' dir='ltr'><strong>que</strong></span> <span class='ocrx_word' id='word_1_231' title='bbox 227 4051 435 4112; x_wconf 89' lang='lat' dir='ltr'><strong>tetrametro</strong></span> <span class='ocrx_word' id='word_1_232' title='bbox 449 4041 507 4126; x_wconf 89' lang='lat' dir='ltr'><strong>usi</strong></span> <span class='ocrx_word' id='word_1_233' title='bbox 531 4042 724 4116; x_wconf 89' lang='lat' dir='ltr'><strong>trochaico.</strong></span> <span class='ocrx_word' id='word_1_234' title='bbox 776 4039 913 4113; x_wconf 88' lang='lat' dir='ltr'><strong>Eorum</strong></span> <span class='ocrx_word' id='word_1_235' title='bbox 937 4038 1047 4135; x_wconf 86' lang='lat' dir='ltr'><strong>igitur</strong></span> <span class='ocrx_word' id='word_1_236' title='bbox 1069 4035 1237 4134; x_wconf 85' lang='lat' dir='ltr'><strong>exempla</strong></span> 
     </span>
     <span class='ocr_line' id='line_1_33' title="bbox 145 4151 1237 4255; baseline -0.005 -28"><span class='ocrx_word' id='word_1_237' title='bbox 145 4155 328 4254; x_wconf 84' lang='lat' dir='ltr'><strong>proferam,</strong></span> <span class='ocrx_word' id='word_1_238' title='bbox 347 4156 397 4228; x_wconf 68' lang='lat' dir='ltr'><strong>8si</strong></span> <span class='ocrx_word' id='word_1_239' title='bbox 423 4158 522 4255; x_wconf 89' lang='lat' dir='ltr'><strong>prius</strong></span> <span class='ocrx_word' id='word_1_240' title='bbox 549 4159 672 4232; x_wconf 86' lang='lat' dir='ltr'><strong>metris</strong></span> <span class='ocrx_word' id='word_1_241' title='bbox 696 4157 741 4228; x_wconf 89' lang='lat' dir='ltr'><strong>de</strong></span> <span class='ocrx_word' id='word_1_242' title='bbox 764 4151 976 4254; x_wconf 88' lang='lat' dir='ltr'><strong>supradictis</strong></span> <span class='ocrx_word' id='word_1_243' title='bbox 1000 4151 1130 4251; x_wconf 89' lang='lat' dir='ltr'><strong>scripta</strong></span> <span class='ocrx_word' id='word_1_244' title='bbox 1156 4177 1237 4250; x_wconf 93' lang='lat' dir='ltr'><strong>pro-</strong></span> 
     </span>
     <span class='ocr_line' id='line_1_34' title="bbox 146 4295 289 4368; baseline 0 -24"><span class='ocrx_word' id='word_1_245' title='bbox 146 4295 289 4368; x_wconf 82' lang='lat' dir='ltr'><strong>ponam.</strong></span> 
     </span>
    </p>
   </div>
   <div class='ocr_carea' id='block_1_3' title="bbox 103 4421 1237 4602">
    <p class='ocr_par' dir='ltr' id='par_1_5' title="bbox 103 4421 1237 4602">
     <span class='ocr_line' id='line_1_35' title="bbox 103 4421 1237 4524; baseline -0.004 -19"><span class='ocrx_word' id='word_1_246' title='bbox 103 4421 105 4426; x_wconf 18' lang='grc' dir='ltr'>Ι</span> <span class='ocrx_word' id='word_1_247' title='bbox 182 4443 433 4524; x_wconf 72' lang='lat' dir='ltr'><strong>cpompabilitatis</strong></span> <span class='ocrx_word' id='word_1_248' title='bbox 446 4447 486 4505; x_wconf 91' lang='lat' dir='ltr'><strong>D.</strong></span> <span class='ocrx_word' id='word_1_249' title='bbox 578 4444 694 4524; x_wconf 78' lang='lat' dir='ltr'><strong>dstylo]</strong></span> <span class='ocrx_word' id='word_1_250' title='bbox 710 4443 826 4504; x_wconf 89' lang='lat' dir='ltr'><strong>stimulo</strong></span> <span class='ocrx_word' id='word_1_251' title='bbox 841 4443 879 4503; x_wconf 92' lang='lat' dir='ltr'><strong>D.</strong></span> <span class='ocrx_word' id='word_1_252' title='bbox 970 4443 1021 4502; x_wconf 69' lang='lat' dir='ltr'><strong>esi</strong></span> <span class='ocrx_word' id='word_1_253' title='bbox 1036 4444 1113 4524; x_wconf 88' lang='lat' dir='ltr'><strong>prins</strong></span> <span class='ocrx_word' id='word_1_254' title='bbox 1127 4443 1237 4518; x_wconf 81' lang='lat' dir='ltr'><strong>metris]</strong></span> 
     </span>
     <span class='ocr_line' id='line_1_36' title="bbox 149 4523 664 4602; baseline 0.008 -21"><span class='ocrx_word' id='word_1_255' title='bbox 149 4523 191 4582; x_wconf 88' lang='lat' dir='ltr'><strong>sed</strong></span> <span class='ocrx_word' id='word_1_256' title='bbox 204 4523 281 4602; x_wconf 90' lang='lat' dir='ltr'><strong>prius</strong></span> <span class='ocrx_word' id='word_1_257' title='bbox 295 4523 477 4586; x_wconf 80' lang='lat' dir='ltr'><strong>metricorum</strong></span> <span class='ocrx_word' id='word_1_258' title='bbox 493 4527 664 4586; x_wconf 86' lang='lat' dir='ltr'><strong>Lindemau.</strong></span> 
     </span>
    </p>
   </div>
   <div class='ocr_carea' id='block_1_4' title="bbox 627 4632 733 4694">
    <p class='ocr_par' dir='ltr' id='par_1_6' title="bbox 627 4632 733 4694">
     <span class='ocr_line' id='line_1_37' title="bbox 627 4632 733 4694; baseline 0 0"><span class='ocrx_word' id='word_1_259' title='bbox 627 4632 733 4694; x_wconf 78' lang='lat'><strong>302</strong></span> 
     </span>
    </p>
   </div>
   <div class='ocr_carea' id='block_1_5' title="bbox 0 0 1586 5140">
    <p class='ocr_par' dir='ltr' id='par_1_7' title="bbox 0 0 1586 5140">
     <span class='ocr_line' id='line_1_38' title="bbox 0 0 1586 5140; baseline 0 0"><span class='ocrx_word' id='word_1_260' title='bbox 0 0 1586 5140; x_wconf 95' lang='lat' dir='ltr'><strong> </strong></span> 
     </span>
    </p>
   </div>
  </div>
 </body>
</html>
