3124 5120
156 423 239 474 car.
253 415 288 474 t.
332 402 433 481 Quot
451 427 495 475 ee
511 402 687 503 dactylico
703 405 809 479 heroo
826 417 1022 482 metrorum
1041 407 1106 504 ⁸5⁶·
1187 423 1256 502 147

155 597 232 656 eet:
260 585 387 670 tn'bus,
400 587 599 682 equouens
611 589 738 664 tertius
752 589 788 664 in
804 590 1013 666 hexametro
1025 591 1190 692 dactylus
1203 595 1257 668 in·

157 703 323 774 venitur:
349 700 491 778 duabus
504 729 599 794 vero,
608 703 773 802 quotiens
791 705 981 806 spondeus.
1008 707 1286 807 optimorum-4

155 831 232 890 tem
248 830 315 903 est,
328 818 495 915 quotiens
513 817 609 892 ¹²duo
623 819 836 919 novissimos
850 835 1050 920 anapaestos
1064 823 1184 914 habet,
1194 825 1257 922 qui

157 933 253 1006 fiunt
271 932 332 1020 ita,
345 931 373 1004 si
392 931 465 1004 duo
483 947 566 1006 aute
584 934 753 1008 ultimum
775 935 973 1012 hexametri
992 963 1114 1012 versus
1125 939 1257 1038 pedem

156 1047 294 1146 dactyli
312 1061 409 1140 sunt,
425 1061 466 1122 ut
483 1062 539 1121 est
555 1049 628 1138 ille,

158 1162 392 1260 Morspoter
402 1163 722 1264 hocpotffleqma
731 1190 1258 1268 nosquoquepossenegumus.

159 1279 262 1354 Huic
279 1279 308 1354 si
327 1280 443 1378 quarti
462 1279 564 1380 pedis
588 1280 745 1380 primam
764 1281 940 1380 syllabam
959 1281 1125 1358 detrahas
1142 1299 1179 1358 et
1196 1311 1286 1372 no-5

158 1393 296 1466 vissimi
315 1393 495 1484 ultimam,
509 1397 572 1468 fiet
583 1421 718 1484 versus,
730 1397 981 1476 claudentibus
997 1409 1101 1473 ⁰eum
1119 1425 1259 1500 anape-

159 1511 237 1598 stis,
254 1511 346 1602 talis,

211 1623 321 1700 Mors
332 1635 444 1724 puter
460 1624 534 1700 hoc
544 1628 689 1724 patente
703 1653 784 1726 quo
800 1655 938 1728 quoque
949 1655 1056 1728 posse
1071 1655 1214 1732 negem.

161 1739 271 1828 Item,

263 1853 471 1929 Barbarico
483 1866 606 1954 postes
623 1882 716 1932 auro
733 1856 928 1958 spoliisque
943 1861 1100 1958 superbi.

162 1969 403 2062 Pentameter,

212 2085 419 2159 aaronica
431 2096 554 2184 postes
571 2113 643 2160 our
657 2087 853 2186 spoliisque
869 2113 988 2186 nuper.

162 2199 235 2273 Sed
261 2218 299 2274 et
326 2201 386 2274 ille
418 2203 628 2302 perspicuus
658 2218 884 2303 pentameter
912 2203 1102 2280 habebitur
1129 2225 1293 2295 versus,6

163 2315 226 2412 qui
244 2329 328 2414 post
345 2316 435 2390 duos
460 2317 570 2416 podes
592 2318 729 2418 primos
747 2317 939 2417 semipede,
957 2319 1020 2418 qui
1039 2333 1200 2419 superest
1218 2318 1264 2394 ad

162 2439 363 2530 votqmmpty
380 2447 516 2522 tomen,
527 2434 675 2508 verbum
694 2433 788 2519 finit,
801 2433 897 2508 unde
910 2434 1124 2534 pentametri
1142 2459 1265 2507 versus
1306 2524 1317 2552 Ι

163 2546 231 2620 erit
263 2546 381 2648 prima
412 2548 667 2650 speciesque.
697 2549 741 2624 de
777 2550 975 2624 hexametri
1010 2575 1133 2624 versus
1167 2563 1266 2622 tome

164 2662 289 2760 (quam
316 2671 520 2762 τενθημιμερῆ
545 2662 718 2762 diximus)
748 2666 933 2764 geminata
958 2665 1159 2750 conficitur,
1185 2687 1266 2760 quae

163 2791 251 2852 tunc
279 2779 468 2880 contingit,
494 2779 523 2852 si
548 2779 757 2854 hexameter
781 2780 876 2854 tduo
899 2779 1061 2878 dactylos
1089 2778 1266 2866 babuerit,

164 2904 227 2966 aut
242 2907 344 2994 puta,

413 3007 567 3084 Primos
584 3007 856 3108 Erichthonius.

165 3122 209 3196 ln
227 3123 297 3196 hac
314 3123 411 3196 enim
437 3123 614 3198 rclausula
640 3124 739 3198 heroi
764 3122 964 3198 hexametri
990 3120 1153 3221 dactylos
1175 3118 1294 3201 duosv

164 3265 242 3312 esse
267 3251 305 3310 et
332 3237 553 3338 semipedem
578 3266 723 3314 necesse
744 3253 810 3330 est,
827 3239 888 3336 qui
914 3236 1055 3336 repetiti
1080 3247 1268 3336 pentame-

165 3367 260 3426 trum
275 3353 486 3452 elegiacum,
500 3353 614 3452 ⁸quod
634 3355 844 3428 hexametro
858 3353 1047 3452 subjicitur
1064 3349 1101 3424 in
1119 3377 1266 3450 poema-

165 3467 222 3556 tis,
239 3467 411 3541 efficiunt.
459 3468 652 3568 [aquibus
679 3471 789 3545 etiam
814 3469 902 3547 ordo
919 3471 1172 3568 ‘preposterus
1199 3493 1267 3542 nec

165 3596 282 3656 metro
300 3609 367 3658 nec
384 3585 571 3658 sententiae
590 3585 717 3670 oberit,
734 3586 879 3676 vvoluti,

265 3696 381 3772 Bello
392 3725 463 3798 per
481 3701 685 3790 Emathios,
703 3699 817 3774 Musa
834 3709 1010 3790 'moneto
1028 3725 1130 3774 cono.

166 3809 326 3902 Dehinc,

266 3927 382 4002 Musa
399 3939 551 4019 moneto,
568 3954 668 4019 cuno,
685 3927 795 4003 Bello
806 3955 877 4026 per
892 3929 1094 4002 Emathios.

169 4041 220 4114 Hi
239 4043 344 4141 primi
363 4043 473 4142 pedes
492 4069 604 4142 usque
622 4043 666 4118 ad
684 4059 806 4118 tomen
825 4045 862 4117 in
876 4043 991 4143 elegio
1010 4069 1111 4116 versu
1125 4039 1296 4128 κινητικοὶο

166 4171 352 4245 vocantur,
368 4157 465 4255 quod
484 4185 545 4231 eos
566 4159 754 4232 transferre
779 4160 815 4231 in
841 4159 1037 4232 secundam
1055 4155 1266 4244 clausulam,

164 4331 231 4459 ..l
245 4323 647 4480 t⁰⁰⁶‘⁰⁸lt;t‡3⁰t.tl³”⁸
661 4327 693 4384 Ρ·
717 4325 1042 4483 niph‘lulllllbp'
1130 4321 1264 4476 ‚litt

165 4481 292 4540 clausula
305 4483 337 4542 P.
421 4485 511 4562 'qul]
527 4487 603 4564 quod
617 4487 647 4544 P.
761 4485 987 4563 tpraeposterus]
1004 4495 1221 4564 preponeretur
1234 4481 1268 4539 P.

165 4561 212 4621 ed.
222 4563 304 4622 Cam.
387 4565 504 4642 'velut]
520 4565 603 4624 veluti
619 4568 649 4624 P.
731 4577 754 4606 ¹¹
769 4568 900 4641 moneto]
915 4576 1050 4624 monente
1064 4561 1095 4618 P.
1110 4575 1139 4620 et
1151 4561 1237 4620 intra.

665 4661 732 4718 U2
