2980 5142
66 419 174 470 cer.
190 407 248 472 lo.
394 397 455 472 De
456 395 605 498 figurss
620 423 748 482 omues
765 398 911 474 heroici.
1121 397 1192 474 465

70 607 200 681 suprs
224 583 518 670 memoravimus,
535 583 665 674 elutus,
681 599 718 657 et
735 583 797 681 qui
817 583 906 656 adeo
924 583 1026 682 mipsi
1042 577 1195 682 Virgilio

71 696 241 796 placuit,
258 713 299 770 ut
323 697 423 770 nullo
446 697 627 772 inmutato
649 699 831 772 elemento
847 697 989 772 duobus
1009 712 1115 773 ¹¹eum
1135 725 1196 772 so-

75 813 294 888 luminibus
312 839 445 913 ponere
462 813 660 890 delectatus
679 815 755 906 sit,'

226 945 384 1010 &conum
399 945 520 1010 intereo
533 967 673 1034 surgens
685 949 814 1012 Aurora
828 949 985 1036 ⁰rels'quit.

79 1077 362 1151 Animadvertis
393 1077 502 1180 pedes
529 1079 690 1178 singulos
717 1081 767 1154 its
792 1109 870 1154 esse
893 1081 1090 1157 scsnsionis
1116 1085 1195 1182 lege

78 1193 235 1280 divisos,
253 1205 294 1266 ut
319 1220 442 1268 eorum
472 1194 591 1267 nullus
620 1208 758 1295 partem
786 1195 958 1271 orationis
976 1198 1194 1290 rinctuserie

81 1309 158 1381 nisi
180 1309 406 1398 novissimus,
425 1336 534 1406 quem
553 1311 671 1384 finalis
690 1314 881 1394 necessitas
899 1314 1008 1414 cogit.

245 1549 337 1629 Cer.
350 1549 435 1627 XV.
462 1551 524 1626 De
543 1575 698 1626 risurus
714 1575 857 1627 versos
876 1579 1049 1630 nenorcr.

139 1706 278 1785 Versus
304 1707 468 1790 heroicus
492 1709 619 1810 resipit
635 1711 768 1808 figures
794 1711 942 1810 triginta
968 1710 1067 1785 duos.
1119 1711 1194 1786 Aut

87 1822 190 1900 enim
216 1849 263 1902 su
288 1824 459 1902 omnibus
484 1825 654 1925 spondeis
677 1827 757 1914 erit,
774 1839 811 1902 et
834 1828 904 1900 snb
930 1825 1000 1900 lsoe
1026 1826 1194 1926 spondei·

89 1967 161 2017 zon
179 1939 323 2030 dieitur,
339 1941 421 2038 rqui
440 1940 500 2016 six
519 1940 615 2040 spud
629 1940 779 2018 [etism
797 1942 989 2032 iuvenitur,
1002 1969 1081 2016 rsro
1098 1942 1194 2042 spud

91 2057 241 2130 Graecos
267 2068 332 2141 est,
358 2069 395 2127 et
419 2058 487 2128 erit
518 2054 724 2151 hujusmodi
746 2083 867 2132 versus
894 2059 1195 2134 *monoschemu-

91 2173 211 2260 tistus,
227 2170 265 2243 id
282 2183 337 2244 est
354 2169 463 2243 unius
481 2172 618 2269 figurae,
635 2173 695 2245 lut
712 2172 741 2244 si
759 2172 880 2263 focius,

222 2297 290 2360 Aut
302 2296 384 2365 leves
397 2296 522 2360 lamnas
535 2295 618 2360 usos
632 2294 752 2360 desunt
764 2305 910 2384 argento.

143 2424 219 2495 Aut
242 2422 270 2496 si
297 2436 423 2499 suetus
448 2447 601 2494 numero
618 2421 780 2518 quinque
805 2423 1025 2520 syllabarum
1043 2437 1219 2499 'omness

95 2536 260 2616 hebuerit
277 2536 450 2635 dactylos,
468 2535 504 2610 id
523 2552 576 2610 est
594 2538 765 2634 quinque,
783 2551 821 2610 et·
836 2539 884 2610 ob
906 2538 976 2612 hoo
993 2537 1191 2637 dactylicus

95 2653 312 2740 nominetur,
336 2653 435 2745 (nem
466 2653 634 2725 ultimum
659 2652 767 2724 etiem
793 2652 1112 2752 'supradiximus
1138 2655 1192 2728 di-

97 2768 274 2866 syllabum
301 2795 377 2840 esse
403 2767 559 2862 debere)
577 2767 965 2842 '‘monoschematistus
983 2767 1132 2858 dicetur,
1151 2785 1191 2844 ut

97 2899 160 2973 est,
222 2983 386 3050 Panditur
397 2985 519 3048 istesso
532 2981 642 3048 dsrrsus
655 2984 877 3070 onsssipolesstis
894 2983 1030 3070 Olympi.

144 3107 274 3180 Versus
300 3133 394 3193 vero,
412 3106 476 3204 qui
502 3121 556 3178 est
581 3106 738 3180 sedecim
765 3107 996 3208 syllabarum,
1014 3107 1059 3181 de
1085 3110 1218 3206 quin-s

99 3249 165 3320 que
191 3221 342 3321 pedibus
369 3221 504 3295 hebens
530 3248 643 3295 unum
673 3221 886 3321 spondeum,
910 3224 1005 3296 varie
1031 3223 1191 3321 quinque

99 3339 254 3440 regiones
280 3352 584 3438 >percurrentem
607 3337 674 3411 erit
701 3339 896 3436 figurarum
922 3339 1095 3438 quinque,
1122 3340 1190 3412 hoc

135 3640 158 3672 Ν
172 3627 222 3708 ipsi
237 3629 323 3710 Verg.
346 3627 460 3707 placuit,
483 3641 515 3686 ut
537 3629 616 3688 nullo
638 3629 761 3706 mutato]
785 3633 868 3706 ipsius
890 3631 1004 3706 Virgilio
1022 3632 1139 3708 placuit,
1159 3639 1190 3687 ut

101 3713 170 3768 rullo
183 3711 210 3767 iu
224 3717 331 3767 mutato
346 3711 379 3768 A.
502 3719 518 3751 ὓ
533 3709 562 3768 in
579 3709 781 3788 voluminibus]
805 3731 867 3769 eum
881 3713 1062 3769 voluminibus
1076 3711 1148 3768 Α.Β.
1162 3729 1188 3766 n.

101 3793 166 3849 Veo.
226 3799 241 3833 0
256 3789 377 3867 reliquit.
400 3789 603 3864 animadverte]
621 3792 760 3867 relinquit.
781 3795 975 3850 orsiurodvertis
990 3791 1023 3848 B.
1086 3789 1188 3847 Peleu·

102 3873 173 3946 serit]
189 3873 328 3929 incluserit
342 3871 412 3928 Α.Β.
529 3881 548 3926 n
558 3873 595 3929 sb
610 3872 677 3947 hoc]
693 3873 726 3929 ob
741 3873 792 3929 lsoc
804 3873 838 3930 A.
855 3873 928 3930 Ven.
971 3871 1045 3928 'l'um
1061 3873 1189 3946 spondiu-

102 3973 145 4011 zon
157 3953 224 4018 ,Α.Β.
239 3953 415 4026 sponduietsm
430 3951 504 4009 Ven.
602 3951 676 4030 rqui
693 3953 751 4026 vix]
767 3955 839 4029 quod
850 3955 897 4010 uix
910 3954 945 4010 A.
962 3951 1035 4009 Ven.
1118 3961 1130 3994 ⁸
1143 3974 1189 4022 μο-

103 4033 281 4106 summarie]
298 4033 586 4089 monoschoouuts'stus
600 4033 672 4094 Α.Β.
776 4033 788 4076 ῑ
802 4045 833 4090 ut
847 4035 870 4090 si
885 4034 926 4090 sic
940 4031 1026 4089 lucius
1040 4041 1088 4088 sut
1103 4030 1189 4088 lereis

103 4131 187 4172 ocreas
198 4114 278 4170 leuto
292 4111 399 4170 ducunt
415 4123 541 4191 urgento.
563 4111 610 4170 vel
625 4115 739 4188 suctus]
758 4121 789 4170 ut
801 4115 825 4171 si
830 4113 926 4189 facias
935 4120 985 4168 out
1000 4113 1069 4169 leves
1083 4113 1190 4168 lenm

105 4198 167 4252 leuto
178 4197 279 4250 ducunt
297 4199 421 4268 orgerio.
445 4195 530 4250 uulsi
544 4201 641 4250 auctus
656 4195 726 4251 Α.Β.
746 4197 785 4250 sie
803 4213 861 4251 om.
878 4193 950 4249 Ven.
973 4204 1003 4249 et
1022 4209 1086 4248 mox
1105 4199 1137 4248 ul
1155 4195 1188 4250 si.

104 4283 217 4332 lornnes
231 4273 334 4349 hebet]
350 4275 437 4332 omrsis
451 4275 578 4332 babuerit
593 4275 664 4332 Α.Β.
679 4286 709 4331 et
723 4293 788 4331 mox
803 4275 836 4332 oi
851 4275 910 4330 lsoc.
933 4273 1102 4330 holuit-ob
1116 4273 1188 4330 Ven.

104 4365 124 4398 v
136 4357 224 4432 supra]
235 4357 325 4412 'otiam
338 4373 423 4429 supro
439 4355 509 4412 Α.Β.
526 4355 600 4413 Ven,
705 4363 721 4396 ¹
735 4365 766 4411 et
780 4353 804 4411 is
818 4353 904 4412 etism
919 4354 1132 4427 resumpseris
1145 4353 1188 4412 di·

106 4437 183 4509 cetur]
204 4435 473 4492 monoschemotistus
492 4437 594 4493 dicitur
608 4435 677 4492 Α.Β.
700 4436 970 4494 monoschemotislus
990 4436 1095 4492 dioetssr
1117 4435 1190 4493 Ven.

107 4517 345 4594 tperourrentem]
360 4524 549 4592 oecurrente
563 4515 597 4574 B.

617 4621 684 4682 30
