3076 5140
279 430 347 508 172
662 421 784 497 Marii
803 421 987 498 Vectorini
1229 447 1303 498 ura.
1316 447 1375 498 ru.

234 630 264 665 ¹0
275 617 419 678 tantum
438 605 554 680 versui
578 604 691 679 dabit.
740 607 895 708 Tragico
920 622 1040 682 autem
1068 610 1097 682 si
1124 607 1374 711 sesquipedem

275 719 513 819 praeposueris
538 719 725 808 Amidam,
760 724 839 815 erit,
868 740 910 799 ut
943 725 1115 816 diximus,
1144 738 1377 800 tetrametrus

275 837 525 910 vcatalecticus
540 865 549 910 ε
569 852 620 928 ut,

376 952 479 1026 Deos
488 963 642 1051 penates
657 957 722 1055 qui
735 965 908 1054 parentes
924 970 947 1004 ⁸¹
959 956 1067 1030 Terei

276 1067 458 1142 trimeter:
485 1082 692 1143 tetrameter
708 1085 842 1154 autem,
889 1155 893 1170 ι

326 1183 331 1192 ’
377 1184 547 1258 Ambiom
565 1185 649 1258 deos
661 1197 815 1283 perrotes
832 1187 896 1286 qui
907 1197 1083 1284 parentes
1104 1189 1221 1262 Terei.

234 1297 407 1396 ultaque
441 1315 483 1372 ut
515 1301 757 1374 Archilochus
791 1303 963 1376 creticum
998 1303 1179 1376 ‘iambico
1213 1303 1377 1376 trimetro

275 1415 481 1515 praeposuit,
500 1431 540 1488 ut
556 1415 688 1490 faceret
705 1429 953 1491 tetrametrum
970 1419 1207 1505 trochaicum,
1218 1419 1269 1491 ita
1281 1419 1377 1517 Hip·

275 1558 395 1632 ponax
422 1532 585 1606 trimetro
614 1533 772 1606 iambico
799 1533 971 1606 ultimum
1001 1533 1168 1630 adjunxit
1191 1535 1377 1606 rantibac-

276 1647 414 1736 chium,
430 1673 474 1721 ex
494 1648 611 1745 prima
628 1649 737 1734 brevi,
756 1649 873 1748 longis
890 1647 1043 1734 duabus,
1062 1663 1102 1722 ut
1118 1648 1252 1722 faceret
1269 1661 1378 1722 tetra·

277 1777 432 1836 metmm
453 1763 649 1837 iambicum
667 1765 870 1838 comicum:
890 1763 1002 1855 velut,

382 1877 623 1978 Trabantque
639 1881 765 1979 magni
782 1881 913 1954 novitrs
931 1880 1150 1954 clamoribus

237 1993 461 2068 utrimetcr:
500 1993 594 2066 addo
630 1996 787 2086 carinus,
816 1997 880 2070 fiet
909 1995 1103 2093 quadratus
1136 1995 1377 2088 catalecticus,

278 2109 404 2207 quiex
424 2109 545 2182 iambo
563 2123 667 2182 natus
685 2109 729 2182 ad
756 2112 867 2182 finem
892 2136 1036 2208 quoque
1056 2110 1154 2184 idem
1171 2111 1376 2184 'manebitt

276 2250 360 2296 nam
373 2223 458 2297 licet
470 2224 698 2298 antibacchio
708 2226 1038 2324 compleatur,nil1il
1050 2226 1166 2300 oberit
1176 2240 1239 2300 aut
1247 2225 1377 2300 divisio

279 2353 342 2414 aut
358 2339 460 2440 pedis
477 2338 634 2438 copulati
654 2337 818 2436 adjectio,
836 2354 988 2413 retracta
1004 2340 1108 2414 tertia
1125 2340 1278 2414 'etenim
1297 2339 1376 2436 ejus

238 2457 387 2556 aslonga
412 2481 493 2544 uua,
509 2457 652 2530 iambus
677 2481 722 2528 ex
750 2455 978 2528 antibacchio
1003 2454 1167 2528 efficitur.
1218 2455 1319 2555 Ergo
1344 2457 1375 2528 is

277 2598 423 2670 quoque
453 2585 495 2646 ut
524 2571 685 2670 superior
711 2570 915 2644 trochaicus
945 2585 1008 2644 aut
1034 2571 1228 2670 semipede,
1255 2572 1290 2645 id
1319 2585 1377 2644 est

278 2687 416 2786 syllaba
443 2703 525 2773 una,
543 2685 807 2775 terminabitur,
824 2701 886 2760 aut
909 2688 938 2760 si
964 2715 1028 2786 per
1051 2687 1221 2786 dipodian
1248 2713 1377 2786 percu-

278 2805 398 2894 tiatur,
416 2817 498 2902 post
513 2802 656 2875 tertiam
682 2801 892 2874 incisionem
920 2803 1148 2876 antibaccbio
1174 2801 1376 2890 claudente,

238 2961 268 3008 14
279 2919 346 2992 erit
362 2919 398 2990 in
417 2932 570 3015 utroque
587 2929 794 2989 tetrameter
810 2917 1051 2991 catalecticus.
1102 2917 1288 3015 Frequens
1307 2917 1377 2990 hoc

279 3032 426 3107 comicis
444 3047 600 3104 metrum
619 3046 656 3104 et
671 3031 853 3131 praecipue
878 3033 1036 3131 antiquae
1055 3031 1246 3106 comoediae
1263 3032 1378 3130 scrip-

279 3150 427 3237 toribus,
444 3149 555 3221 nostri
573 3173 718 3244 quoque
735 3146 883 3220 Plautus
901 3162 938 3219 et
955 3147 1122 3220 Caecilius
1140 3161 1176 3220 et
1190 3147 1377 3247 Turpilius

279 3291 350 3336 non
370 3262 548 3361 aspernati
568 3275 666 3350 sunt,
681 3259 930 3336 Atellanarum
958 3277 1079 3336 autem
1101 3263 1290 3362 scriptores
1313 3289 1378 3361 ap-

319 3431 543 3506 tcatalecticus]
561 3431 714 3489 catalectus
728 3431 760 3488 P.
802 3429 936 3506 'Terei]
952 3429 1052 3487 Thesti
1067 3429 1099 3488 P.
1115 3441 1145 3487 et
1160 3449 1233 3487 mox.
1275 3439 1291 3472 ¹
1305 3431 1377 3486 iam·

279 3511 358 3586 bico]
376 3511 471 3570 iambo
485 3513 517 3570 P.
644 3510 896 3586 tantibacchium]
913 3509 1113 3568 antibacchum
1129 3511 1159 3568 P.
1175 3522 1205 3567 et
1218 3529 1284 3567 mox
1302 3509 1377 3568 anti-

279 3593 397 3652 baceho.
478 3590 647 3664 ¹manabit]
664 3590 791 3650 manebit
804 3593 835 3650 P.
919 3601 934 3632 ⁸
947 3589 1037 3664 enim]
1054 3590 1159 3650 etenim
1172 3591 1205 3648 P.

324 3764 369 3820 14·
405 3745 551 3824 Frequens
585 3743 639 3802 hoc
677 3745 806 3819 comicis]
849 3765 914 3804 curn
945 3745 1103 3804 trimetrum
1138 3759 1192 3814 est,
1221 3745 1379 3822 penultima

281 3827 513 3906 Hipponacteum
547 3823 748 3902 septenarium,
777 3838 809 3884 ut
847 3826 930 3884 sedes
944 3825 1069 3884 iambum
1086 3827 1188 3884 babere
1202 3826 1296 3886 debet.
1321 3827 1378 3886 Sed

280 3908 371 3965 Varro
393 3905 552 3985 appellavit,
575 3903 756 3982 accipiemus,
776 3919 808 3962 ut
848 3925 885 3964 ne
910 3905 971 3984 ipse
998 3907 1111 3984 quidem
1142 3907 1298 3984 Hipponax
1322 3907 1378 3966 hoc

281 3989 326 4044 Ne
337 3988 417 4066 sorte
434 3989 590 4062 imprudens
603 3986 713 4062 surium
736 3989 808 4060 quod
848 3999 986 4064 perpetuo
1007 3985 1133 4044 servavit.
1175 3987 1231 4047 Qui
1247 3999 1278 4044 et
1290 4005 1378 4066 spon·

280 4070 350 4125 nolit
375 4071 460 4126 aciem
484 4069 590 4124 cooebo.
633 4067 672 4124 Et
700 4067 810 4124 Aristo.
850 4067 933 4123 deum
949 4085 983 4124 eo
998 4067 1052 4125 loci
1068 4066 1171 4144 posuit,
1186 4079 1218 4124 ut
1231 4066 1333 4124 dicitur
1348 4066 1378 4124 in

280 4149 407 4226 phanesz
430 4147 473 4214 ἴτ’,
488 4154 618 4221 ἐγκονεῖτε,
641 4150 763 4210 σπεύδεθ’.
781 4153 811 4212 ὡς
851 4145 899 4203 illo
927 4145 1024 4205 libello
1049 4147 1084 4206 de
1109 4146 1233 4204 versibus
1261 4147 1379 4204 comicis

280 4231 383 4302 ὃκαιρὸς
397 4229 571 4300 οὐχὶμέλλειν.
617 4227 680 4284 Hoc
698 4226 809 4303 Hippo·
851 4225 898 4304 qui
922 4227 1066 4285 Prisciano
1094 4226 1251 4293 ascribitur,
1274 4239 1305 4285 et
1326 4247 1379 4285 nos

281 4327 335 4366 unx
351 4309 490 4387 Ephesius
510 4309 657 4384 κατακόρως,
673 4319 704 4365 ut
715 4307 808 4364 Graeci
849 4305 913 4364 alibi
928 4307 1087 4378 docuimus,
1098 4321 1127 4365 et
1137 4307 1290 4384 dactylum,
1301 4307 1377 4384 quod

281 4389 369 4456 aium,
388 4407 465 4458 usus,
481 4388 516 4446 de
536 4407 567 4446 se
588 4405 693 4445 nomen
716 4399 808 4444 metro
848 4387 996 4446 absurdius
1011 4387 1131 4456 videtur,
1147 4387 1222 4445 utin
1243 4388 1307 4454 hoc,
1321 4389 1379 4462 ἐρέω

281 4465 568 4542 lactescentem.
588 4469 679 4542 γένοιτο
694 4469 809 4543 παρθένος
847 4471 896 4542 γὰρ
923 4471 983 4524 adro
1017 4471 1128 4539 κυλλῆνιε
1155 4471 1268 4536 Μαιάδος
1292 4471 1377 4544 Ἑρμῆ.

280 4549 551 4625 καλῆτικοὶτέμινα.
570 4548 677 4616 Inhoc,
685 4546 807 4606 maxime
849 4547 999 4607 CAMER.
