3100 5142
292 571 554 670 ·AT1L11
600 571 1181 728 {ORTUNATIANI
1227 576 1384 674 ARS.

696 815 984 865 -ο-

744 943 883 1018 PARS
909 945 940 1018 1.

697 1117 977 1162 4-

355 1313 457 1398 Can.
478 1314 512 1396 I.
563 1315 628 1398 De
646 1313 824 1395 carmine
845 1313 1012 1396 Sotaden
1016 1315 1319 1424 fragmentum.

289 1426 546 1548 ‘PRIMUS
578 1471 769 1573 spondeus,
800 1469 977 1543 secundus
1011 1473 1230 1571 pariambns‚
1259 1475 1384 1548 tertius

290 1588 482 1688 spondeus,
499 1602 645 1687 quartus
665 1586 884 1687 pariambus‚
902 1585 1049 1683 quintus
1075 1589 1288 1679 tribrachus,
1305 1616 1383 1662 sex·

288 1715 347 1775 tus
373 1704 458 1777 item
483 1701 695 1787 tribrachus,
719 1701 868 1774 ultimus
896 1701 1095 1800 spondeus:
1119 1717 1156 1776 et
1179 1704 1277 1802 quod
1308 1731 1383 1777 ma-

288 1819 342 1916 gis
369 1817 501 1891 mirum
527 1816 637 1890 videri
664 1831 795 1916 potest,
819 1828 916 1888 totus
944 1815 1118 1893 Sotadeus
1143 1844 1312 1892 numerus
1337 1843 1382 1892 ex

288 1933 453 2006 trochaeis
478 1945 597 2032 potest
613 1945 776 2006 constare
801 1929 975 2031 pedibus:
1000 1945 1037 2004 et
1061 1931 1134 2006 duo
1152 1933 1262 2006 habet
1286 1933 1382 2033 ithy-

286 2047 444 2146 phallica
460 2061 584 2136 metra,
601 2059 637 2120 et
656 2071 767 2120 unum
787 2043 984 2118 trochaeum
1003 2045 1145 2145 pedem,
1162 2047 1224 2136 sic,

543 2161 666 2226 Bocche
679 2162 801 2226 Bocche
815 2159 948 2224 Bacche.

257 2274 417 2373 equibus
436 2275 464 2348 si
484 2275 735 2374 interposueris
748 2273 885 2370 aliquos
899 2271 1205 2372 brachysyllabos‚
1218 2273 1378 2370 ejusdcm

285 2389 422 2464 scilicet
438 2390 598 2480 rationis,
614 2389 682 2463 erit
698 2388 807 2462 etiam
828 2387 979 2473 mollior,
997 2387 1060 2474 sic,

349 2505 471 2570 Bocche
484 2505 614 2570 Bromie
628 2501 749 2568 Bacche
764 2501 893 2566 Bromie
907 2501 1030 2566 Bacche
1044 2503 1174 2567 Bromie
1188 2503 1321 2569 Bocche.

283 2621 382 2696 Nam
402 2622 679 2721 ithyphallicum
697 2633 852 2694 metrum
877 2646 971 2721 saepe
996 2621 1123 2720 recipit
1140 2623 1238 2698 hunc
1254 2625 1379 2698 tribra-

284 2737 417 2822 chum;
445 2750 486 2810 ut
512 2737 621 2810 etiam
652 2735 748 2836 apud
779 2734 1020 2808 Menandrum
1056 2737 1094 2810 in
1122 2737 1315 2812 Phasmate
1341 2753 1377 2812 et

283 2851 379 2951 apud
397 2851 663 2926 Callimachum
685 2851 722 2924 in
743 2849 1063 2950 epigrammatibus
1080 2851 1221 2924 ostendi
1247 2867 1378 2951 potest.

254 2966 396 3064 sCujus
412 2967 620 3066 exemplum
639 2964 809 3062 “subjech
825 2991 898 3064 quo
916 2965 1034 3039 notius
1060 2965 1106 3040 sit
1122 2993 1205 3041 eum
1223 2993 1308 3040 cum
1331 2968 1377 3042 sit

283 3107 345 3156 sex
371 3082 588 3183 syllabarum
617 3081 839 3156 ⁰adcrescere
865 3079 974 3152 modo
999 3105 1072 3154 una
1101 3081 1238 3180 syllaba
1267 3083 1378 3156 modo

281 3193 433 3287 duabus,
448 3223 514 3297 per
529 3195 750 3273 tribrachum
769 3191 906 3268 scilicet
920 3192 1063 3292 pedem

537 3313 615 3379 Huc
628 3313 731 3378 «adn
744 3334 763 3377 o
778 3315 887 3398 Lyce,

537 3415 713 3496 Bueeoren,
727 3416 875 3498 bicomia,

538 3514 717 3596 ‘Mortalin
731 3517 873 3600 hierom,

538 3615 636 3680 Crine
648 3617 772 3684 nitidae
785 3631 870 3709 apte,

536 3717 647 3782 Lnteie
660 3725 814 3807 wrymbie

533 3819 666 3884 Hedera
679 3830 708 3886 te
721 3827 846 3890 coronis

534 3921 644 3986 Hasta
659 3925 776 3990 viridia
789 3937 922 4005 territet,

534 4021 687 4086 Placidus
700 4023 775 4090 oder
787 4027 832 4092 od
843 4049 923 4093 arne

533 4123 656 4190 Bocche
669 4125 792 4192 Bocche
806 4129 939 4194 Bacche.

317 4279 435 4342 ²Altilii
449 4283 485 4342 V.
554 4281 571 4328 Β
585 4287 633 4344 De
646 4291 764 4346 mnnine
778 4290 896 4348 Sotaden
900 4290 1092 4367 fragmentum
1105 4305 1164 4354 om.
1180 4293 1218 4352 V.
1280 4293 1370 4350 Ῥή-

275 4379 335 4418 rnne
347 4364 479 4438 rpondene
492 4383 548 4424 om.
564 4365 601 4424 V.
616 4367 697 4428 Med.
786 4366 802 4412 ‘¹
816 4370 930 4446 rntjen]
945 4371 1040 4444 ruh'iet
1053 4373 1090 4432 V.
1181 4373 1369 4446 ⁰ecereecere]

275 4444 429 4500 edmescere
441 4443 477 4501 V.
492 4447 543 4524 qui
557 4465 622 4504 mox
636 4447 714 4506 addit
726 4450 833 4524 syllaba
847 4461 913 4528 post
925 4471 990 4510 nnc.
1115 4463 1142 4496 Ν
1156 4455 1221 4510 oder
1234 4453 1263 4528 o]
1281 4471 1297 4508 o
1311 4472 1369 4511 om.

275 4519 344 4579 Alo.
359 4523 487 4582 Gramm.
502 4525 575 4584 Inst.
590 4547 618 4604 p.
634 4528 702 4602 385.
716 4527 761 4586 od.
777 4544 863 4604 1575.
978 4529 1145 4607 suanam]
1163 4534 1283 4591 Menate
1296 4531 1370 4612 vulg.

276 4601 397 4676 Nyctth'e
410 4601 475 4661 Ald.
557 4613 667 4662 sonno
680 4606 719 4678 et]
737 4616 825 4666 ornet
839 4609 884 4670 M.
894 4607 1030 4670 Victoria.
1044 4611 1085 4672 11.
1098 4613 1126 4684 8,
1141 4629 1187 4690 19.
