3076 5140
296 412 372 474 230
683 397 812 472 Marii
832 397 1016 474 Victorini
1260 425 1355 474 usis.
1371 425 1429 474 ιν.

296 589 427 664 tuetur,
444 572 542 674 quod
560 571 702 646 duobus
719 571 903 646 cemimus
920 574 1093 660 versibus,
1105 587 1143 647 et
1161 575 1283 672 legem
1301 602 1427 674 quam

297 692 373 792 ipse
391 689 458 764 sibi
477 715 562 764 casu
580 687 703 786 aliquo
719 686 870 774 dixerat,
888 715 1002 785 usque
1024 687 1067 761 sd
1095 689 1265 762 ultimam
1294 716 1429 764 asma·

296 807 341 881 tis
360 820 497 906 partem
517 801 739 876 observando
756 802 957 902 *perduxit
1008 803 1090 878 Nec
1107 831 1194 877 usus
1219 803 1322 880 bhac
1342 832 1429 878 me·
1512 827 1513 892 i

296 923 340 996 tri
360 919 479 1021 specie
498 919 565 992 nisi
585 920 697 992 semel
715 919 908 992 invenitur.
1512 913 1513 924 ’

254 1047 286 1106 ³8
346 1037 456 1110 Nona
472 1035 540 1108 ode
558 1035 672 1108 tribus
699 1034 889 1134 generibus
907 1035 1108 1132 composita
1124 1049 1192 1125 est,
1207 1062 1255 1109 ex
1270 1035 1425 1134 quibus
1512 1093 1513 1102 ,

295 1153 369 1226 duo
386 1151 493 1253 primi
511 1178 632 1225 versus
650 1165 757 1224 erunt
773 1151 911 1224 Alesiai
930 1149 1234 1251 hendecaysllabi,
1253 1177 1424 1250 sequen·
1512 1155 1513 1204 ἐ

297 1283 349 1342 tes
367 1267 440 1342 duo
458 1266 608 1366 disparis
627 1265 746 1356 metri,
763 1265 826 1352 sic,

449 1383 563 1458 Vides
580 1393 621 1456 at
639 1381 718 1456 alta
733 1391 807 1456 stet
823 1381 905 1456 niae
921 1381 1115 1456 candidam

446 1501 612 1589 Soracte,
629 1497 787 1598 necjam
804 1499 1010 1572 nastincant
1025 1521 1117 1572 onus

447 1616 556 1691 Silue
574 1615 791 1705 laborantes,
806 1615 966 1714 geluque

445 1731 629 1806 Flamina
647 1731 681 1778 '³¹’
689 1732 919 1805 constiterint
936 1740 1055 1804 acuto.

253 1865 285 1916 ss
296 1847 436 1921 Primus
454 1875 498 1922 cx
519 1849 669 1948 syzygia
686 1849 841 1922 iambica
858 1863 895 1922 et
912 1845 1107 1947 semipede,
1124 1845 1207 1920 dein
1225 1847 1387 1946 syllaba,
1512 1895 1513 1960 y

448 1963 564 2038 Vides
580 1975 623 2037 nt
640 1964 731 2052 alta,

293 2078 439 2152 adscitis
457 2079 524 2152 sibi
541 2079 683 2154 duobus
700 2079 864 2178 dactylis,
881 2079 917 2152 in
937 2079 1018 2164 hoc,

444 2195 529 2269 Stet
545 2195 627 2269 nive
645 2195 851 2282 candidam,

294 2337 436 2386 versum
457 2312 635 2412 implebit„
687 2311 790 2385 Idem
810 2326 847 2385 et
864 2311 1055 2402 secundus,
1073 2310 1135 2396 sic,

445 2427 611 2518 Soracte,
627 2426 786 2527 necjam
802 2429 1007 2501 sustineant
1023 2453 1123 2501 onus.

192 2525 196 2536 Ι
252 2543 436 2622 soTertius
463 2557 583 2618 autem
602 2543 669 2618 erit
689 2543 842 2616 dimeter
864 2569 948 2616 cum
976 2541 1224 2643 semipedem
1251 2543 1406 2641 syllaba,

295 2675 355 2750 lta,

1512 2341 1513 2378 l

1512 2399 1513 2436 l

1512 2439 1513 2488 i

443 2758 551 2833 Siloa
569 2757 776 2832 laborantes
789 2757 951 2858 geluque

293 2891 455 2964 trimeter
471 2891 648 2965 iambicus
662 2891 736 2980 fiet,
754 2889 781 2962 si
801 2889 1117 2991 adjiciasfrigido,
1136 2890 1198 2976 sic,

441 3005 553 3081 Siloa
571 3007 780 3081 laborantes
793 3005 953 3106 geluque
955 3003 1123 3105 frigido.
1512 3013 1513 3060 l

293 3121 392 3194 Nam
413 3123 624 3224 sesquipede
642 3123 761 3196 minor
778 3135 833 3194 est
854 3123 899 3194 ab
917 3123 1087 3211 iambico,
1104 3122 1167 3220 qui
1193 3120 1402 3220 amphima-

251 3265 280 3312 41
293 3236 342 3308 cri
370 3237 571 3334 adjectione
592 3239 796 3338 completus
823 3251 887 3310 est.
940 3237 1099 3320 Quartus
1117 3235 1258 3310 duobus
1275 3235 1401 3336 dacty-

265 3341 267 3346 ⁸
293 3350 337 3422 lis
355 3353 467 3424 currit
484 3380 567 3427 cum
588 3357 746 3430 trochaeo
764 3369 801 3426 et
818 3351 991 3452 spondeo,
1007 3355 1070 3442 ita,

443 3465 616 3540 Flumina
636 3471 869 3544 constiterint
886 3479 1004 3542 acuto.

294 3578 367 3661 Qui
392 3593 511 3678 potest
539 3581 648 3654 videri
681 3585 816 3658 mixtus
845 3609 889 3657 ex
920 3584 1061 3658 duobus
1088 3583 1211 3657 metris
1233 3583 1339 3682 spico
1364 3595 1400 3656 et
1512 3591 1513 3618 ¹

293 3694 486 3784 trochaico,
511 3697 605 3768 inter
630 3723 721 3794 quos
747 3699 945 3800 semipodia
972 3700 1111 3799 syllaba
1133 3701 1271 3798 ⁰posita
1299 3698 1398 3771 heroi

293 3811 489 3883 tetrametri
508 3811 749 3886 Archilochus
768 3828 923 3888 metrum
943 3815 1121 3914 implevit,
1136 3826 1338 3910 tamquam,
1512 3831 1513 3850 ¹

443 3925 624 4000 Flumina
643 3929 869 4002 constiterint
888 3941 924 4004 et
941 3943 1059 4006 acuto.

252 4039 351 4118 nEx
370 4067 444 4139 quo
461 4069 568 4142 supra
586 4041 744 4142 spadum
764 4043 955 4119 inductum
975 4045 1212 4132 ostendimus,
1230 4046 1293 4136 sic,

442 4159 526 4232 Ant
543 4159 724 4257 Epheson,
744 4160 936 4235 bimarisve
957 4163 1136 4236 Corinthi.

334 4433 507 4510 ⁸produxit]
522 4433 654 4513 perduxit
667 4435 701 4492 P.
838 4429 935 4508 bhac]
953 4453 986 4492 ac
1001 4435 1034 4493 P.
1157 4431 1191 4478 bb
1204 4433 1395 4508 constiterint]

292 4511 482 4574 constiterunt
497 4516 529 4574 P.
544 4528 574 4574 et
586 4515 670 4574 infra.
774 4512 908 4591 οροείιι]
927 4517 1021 4592 posita
1035 4514 1119 4574 fuen't
1134 4516 1167 4572 P.
