3082 5140
303 362 376 426 ³⁶8
656 327 772 418 Aridi
788 339 1048 416 Fmtrurotiani
1261 359 1347 408 run.
1367 357 1406 406 rr.

261 563 292 610 ¹⁴
383 533 430 618 [Ι.
441 531 487 616 6.]
505 529 664 596 Scriberis
684 526 885 612 Vardofirtu
899 535 928 588 et
942 523 1080 588 hortium

507 635 609 696 Victor
623 631 759 696 rimu
773 628 927 694 carminis
941 626 1028 700 aliu,

501 736 604 808 erom
618 753 685 796 rem
699 729 928 818 runqraefiroc
941 725 1078 790 aarum
1092 733 1150 790 out
1163 725 1263 812 equis,

499 835 597 900 Miles
611 843 640 900 te
654 833 731 898 duce
740 833 888 921 gerrem.

305 972 393 1044 Tres
411 967 518 1068 primi
536 965 776 1065 Asclepiadei,
794 977 845 1050 ut,

435 1085 595 1148 Murmur
609 1083 717 1146 aroris
730 1080 810 1144 edite
824 1077 966 1166 regibm.

309 1197 469 1280 Quartus
486 1191 739 1292 “Glyconicus
758 1201 809 1275 ut,

481 1304 650 1401 Γοννοῦμαῖ
663 1304 692 1376 σ’
711 1301 904 1395 ἔλαφηβόλε.

311 1423 476 1522 Utroque
493 1447 574 1522 pars
593 1423 670 1494 haec
687 1417 923 1493 Anacreontis
941 1431 1005 1490 est.

265 1585 295 1636 ²5
367 1555 416 1642 [1.
430 1555 478 1644 7.]
495 1553 687 1618 laudabunt
699 1551 758 1614 atii
773 1551 894 1614 olorum
908 1547 1042 1614 Rhodon
1056 1559 1114 1614 aut
1128 1543 1317 1636 Mitylenem

495 1657 561 1721 Aut
575 1655 738 1742 Ephesum
753 1652 924 1716 bimarisve
941 1652 1088 1716 Corinthi

496 1758 633 1821 Momia.

311 1883 452 1956 Primus
479 1881 621 1970 herous,
648 1880 827 1954 secundus
863 1881 949 1954 item
980 1881 1120 1970 herous,
1146 1879 1208 1953 sed
1239 1891 1410 1952 tetrame-

310 2011 375 2087 ter,
392 1995 449 2069 cui
477 1996 505 2070 si
530 1995 656 2069 reddas
681 1995 772 2068 duos
797 1995 906 2094 pedes
934 1997 1001 2069 erit
1028 1993 1160 2069 solidus
1189 1993 1411 2078 hexameter,

311 2139 372 2198 src,

357 2313 368 2385 Ι
396 2226 462 2290 Aut
476 2225 639 2316 Ephemm
653 2227 824 2291 bimarisve
838 2226 1009 2292 eCorinthi
1017 2227 1147 2312 primur
1160 2223 1201 2287 ob
1214 2225 1293 2300 on's,

313 2337 356 2386 ro

441 2411 498 2475 Sic
513 2411 616 2474 tristis
630 2412 749 2497 affatus
762 2413 878 2473 amicos
895 2409 1054 2496 Cynthius
1067 2409 1193 2472 anathor.

269 2594 299 2644 2⁶
402 2565 448 2648 [1.
464 2564 511 2646 8.]
529 2562 635 2648 Lydio
649 2561 700 2624 dic
710 2583 772 2648 per
785 2583 890 2624 ornnes

518 2665 565 2728 Te
577 2663 648 2727 deor
662 2685 717 2751 oro
732 2663 883 2748 Sybarim
898 2683 956 2726 cur
964 2684 1121 2750 properos
1135 2659 1281 2724 amando.

315 2783 399 2858 Hoc
424 2795 540 2855 totum
559 2779 842 2854 choriambicum
871 2794 925 2854 est
951 2796 1119 2853 metrum.
1172 2779 1332 2852 Primum
1352 2805 1411 2850 co·

314 2901 375 2973 lon
405 2898 599 2970 dimetrum
628 2895 876 2968 catalecticum
908 2909 974 2968 est.
1025 2895 1096 2968 Sed
1126 2894 1289 2992 quemvis
1321 2893 1413 2964 into-

314 3037 417 3110 grum
445 3009 730 3084 choriambicum
749 3035 826 3080 esse
842 3009 1014 3098 videatur,
1032 3009 1134 3082 ‘facit
1159 3007 1310 3080 ultimus
1328 3009 1413 3078 bac-

314 3125 435 3198 chius:
463 3152 546 3198 nam
573 3125 737 3198 similiter
764 3124 798 3195 in
827 3123 985 3198 secundo
1003 3125 1083 3197 colo
1110 3123 1285 3196 affectavit
1302 3121 1340 3194 in
1359 3121 1414 3193 ul-

315 3239 406 3312 timo
442 3239 631 3314 bacchium
670 3239 809 3314 habere..
862 3239 904 3311 ln
943 3239 1012 3312 hoc
1046 3239 1153 3312 etiam
1189 3237 1334 3311 recessit
1367 3237 1414 3308 sb

316 3355 449 3441 Aleum,
466 3354 562 3452 quod
590 3354 748 3452 primum
774 3353 1060 3427 choriambicum
1087 3353 1216 3426 durum
1245 3353 1341 3441 fecit,
1359 3377 1416 3424 se-

316 3466 474 3540 cundum
511 3493 576 3566 pro
610 3469 730 3540 iambo
768 3467 968 3566 spondeum
1005 3468 1185 3568 ponendo.
1249 3467 1348 3540 Nam
1384 3465 1413 3537 si

317 3595 458 3654 secutus
477 3581 601 3652 fuisset
617 3581 780 3654 Alcaeum
801 3584 852 3658 sic
868 3583 1078 3672 ordinasset,

445 3696 518 3758 Hoc
532 3693 591 3758 dea
606 3715 677 3758 uere
692 3696 843 3780 Sybarim
858 3721 916 3762 rur
924 3721 1082 3786 properus
1095 3697 1242 3762 amando.

273 3849 303 3900 η
318 3813 388 3889 Sed
406 3815 587 3889 affectasse
604 3814 852 3911 potiusquam
871 3841 1004 3890 errasse
1023 3816 1218 3892 Horatium
1236 3816 1333 3890 thoe
1352 3843 1417 3916 ap-

318 3943 428 4030 paret,
446 3928 541 4030 quod
562 3931 685 4004 eadem
705 3929 916 4028 legensque
934 3931 978 4004 od
996 3934 1106 4006 finem
1131 3932 1269 4032 eglogae
1295 3958 1415 4031 perse-

319 4046 462 4116 veravit.
524 4042 604 4116 Erit
634 4059 785 4143 ergoet
819 4045 1017 4119 secundum
1047 4045 1150 4119 colon
1181 4059 1416 4122 tetrametron

339 4229 544 4332 'dgryconrcu
558 4261 603 4336 ut]
621 4261 657 4317 v.
671 4259 749 4320 addit
763 4285 869 4334 „mm
882 4286 922 4320 σι.
1027 4263 1196 4340 seorsum]
1215 4263 1249 4320 v.
1265 4263 1344 4322 ardu
1356 4267 1416 4338 prs-

319 4355 379 4396 mur
392 4337 427 4394 ab
440 4339 503 4398 oris.
643 4338 734 4399 ‘facit
748 4339 863 4400 ultimos
877 4341 1026 4402 bacchius:
1051 4345 1132 4418 nam]
1149 4345 1194 4402 An
1200 4345 1274 4422 serit
1288 4345 1414 4402 ultimum

321 4419 484 4476 bacchium?
604 4431 621 4476 s
635 4422 684 4477 hoc
698 4440 755 4480 om.
771 4419 804 4476 V.
