3076 5140
285 386 354 479 176
664 385 785 460 Marii
808 383 995 458 Victor-ira
1229 403 1302 454 ms.
1322 403 1382 454 111.

280 572 470 647 dumtaxat
503 597 639 660 sensus,
672 569 832 654 revulsis,
866 583 903 641 st
936 566 1129 663 cujuslibet
1158 567 1232 640 fine
1260 589 1383 636 versus

282 689 481 762 hexametri
508 699 713 774 connectas,
738 683 953 784 propagabis
976 709 1117 756 versum
1147 679 1383 776 hendecasyl-

280 801 403 874 labum
422 801 546 874 fonnoe
565 799 720 888 alterius,
737 826 846 898 quarn
865 816 920 874 est
938 799 1009 886 ille,
1026 799 1089 896 qui
1109 800 1272 872 subnexo
1287 796 1383 870 Pha-

281 917 382 990 loecio
399 919 582 1016 figuratur.
608 916 693 990 Hoc
705 916 911 1015 frequenter
926 943 992 990 usa
1008 929 1065 988 est
1081 913 1242 1014 Sappho,
1254 912 1315 1009 qui
1331 911 1383 984 ita

280 1033 481 1132 copulatur,

431 1144 495 1218 Sic
496 1141 617 1246 satur
634 1144 843 1232 lacrimans,

281 1271 318 1332 et
335 1257 433 1349 salio,

430 1373 591 1448 Labitur
606 1375 692 1448 oris.

282 1475 389 1562 Item,
431 1572 633 1673 Postquam
649 1599 710 1646 res
726 1573 831 1646 Asioe
847 1597 1012 1673 quaerere
1029 1583 1161 1646 terras.

255 1718 378 1794 2Nam
398 1720 605 1820 “semipedi
631 1723 694 1819 qui
719 1735 880 1823 superest
902 1722 1084 1820 sequentis
1101 1721 1245 1796 dimetri
1263 1720 1382 1821 prima

282 1837 420 1936 syllaba
449 1837 591 1912 adnexa
624 1837 826 1936 spondeum
862 1837 1024 1910 medium
1059 1837 1170 1911 dabit.
1222 1839 1382 1920 Quartus

281 1952 510 2050 pyrrhichius
536 1953 616 2042 erit,
633 1953 795 2042 ultimus,
811 1964 854 2024 ut
876 1953 948 2026 fors
974 1951 1107 2038 tulerit,
1125 1965 1189 2026 aut
1204 1951 1382 2026 trochaeus

253 2079 344 2156 3aut
369 2067 548 2166 spondeus
575 2069 779 2168 reperietur.
831 2067 938 2150 Quod
962 2094 1076 2166 genus
1104 2068 1208 2141 metri
1234 2093 1281 2140 ex
1307 2092 1382 2138 uno

281 2207 385 2254 versu
402 2183 546 2256 formari
568 2185 710 2282 poterit,
729 2185 791 2258 illo
807 2183 1009 2270 dumtaxat,
1027 2184 1084 2258 cui
1110 2186 1248 2284 primus
1275 2207 1384 2280 spon-

281 2297 382 2387 deus,
409 2312 450 2370 ut
476 2325 593 2398 supra,
614 2299 739 2397 [ssed]
768 2325 921 2396 sequens
949 2299 995 2372 sit
1020 2299 1198 2399 dactylus,
1224 2297 1382 2396 demptis

282 2413 411 2486 mediis
429 2413 542 2486 tribus
560 2431 623 2489 aut
640 2429 811 2512 quattuor
828 2415 985 2513 syllabis,
1003 2429 1202 2513 tamquam,

433 2529 487 2602 At
503 2531 634 2629 regino
647 2530 761 2629 graui
775 2529 903 2602 saucia
920 2555 1019 2603 curu.

431 2645 633 2744 Postquam
649 2671 711 2718 res
726 2645 829 2718 Asioe
844 2654 988 2718 vertere
1000 2655 1160 2744 gentem.

254 2759 460 2840 4Sitamen
481 2761 637 2836 inversu
662 2763 874 2836 novissimos
897 2763 987 2836 duos
1013 2763 1122 2862 pedes
1147 2761 1276 2860 integri
1303 2787 1383 2834 sen-

283 2901 342 2948 sus
359 2875 529 2966 invenies,
546 2875 664 2976 hquod
683 2905 761 2952 raro
778 2879 967 2978 contingit,
985 2875 1081 2952 idem
1101 2879 1170 2952 hoe
1195 2876 1383 2978 ipraedicta

282 2991 588 3090 penthemimeres
615 2993 814 3068 hexametri
832 3009 942 3082 tome,
959 3007 996 3067 et
1013 2993 1167 3067 iambica
1185 2993 1279 3068 basis
1296 3019 1380 3065 eum

284 3107 478 3207 semipede,
496 3106 598 3206 kquae
624 3108 772 3208 adaeque
796 3109 1103 3209 penthemimeres
1130 3109 1258 3184 incisio
1276 3106 1382 3180 metri

283 3223 430 3298 iambici
449 3237 513 3311 est,
530 3222 707 3299 ¹subnexa
724 3227 895 3326 superiori
914 3225 1065 3300 efficiet:
1094 3238 1145 3316 ut,

284 3451 320 3524 It
436 3351 595 3428 Carmen
610 3357 783 3432 Pierides
797 3369 945 3434 shuuut
959 3383 1114 3432 sorores.

321 3477 392 3538 em,

434 3551 598 3628 Silenum
616 3554 779 3630 Bromiia
795 3557 934 3631 dabmu
951 3558 1100 3631 choreis.

256 3681 382 3756 sNam
412 3681 575 3760 Silenum
600 3687 764 3764 Bromiis
789 3691 987 3766 hexametri
1018 3705 1073 3766 est
1100 3713 1210 3780 tome,
1235 3699 1385 3766 sursunt

284 3824 439 3888 sorores,
456 3801 644 3876 miambici.
694 3805 745 3878 At
770 3806 797 3878 si
825 3806 950 3880 eadem
974 3821 1085 3896 tome,
1100 3805 1145 3880 de
1168 3833 1241 3905 qua
1266 3832 1384 3880 sermo

285 3931 350 4004 est,
367 3919 412 3988 ab
431 3917 642 3993 hexametro
659 3919 783 4011 divisa,
804 3937 1011 4020 sequentem
1030 3948 1152 3996 versus
1178 3921 1279 4018 nejus
1303 3947 1385 4022 par-

285 4045 360 4104 tem
382 4031 496 4106 tribus
522 4035 688 4109 trochaeis
713 4037 889 4134 perficias,
912 4057 1066 4112 metrum
1092 4037 1187 4111 haud
1214 4036 1383 4112 indecens

326 4251 419 4331 salio]
436 4257 489 4316 alia
505 4259 538 4317 P.
640 4257 663 4302 fl
675 4259 824 4339 semipedi]
842 4261 986 4340 semipede
1001 4265 1033 4321 P.
1139 4262 1233 4338 used]
1248 4282 1279 4321 se
1295 4263 1385 4336 (inter

284 4334 353 4414 liu.)
368 4337 400 4395 P.
481 4336 603 4416 hquod]
620 4340 668 4418 qui
685 4342 717 4398 P.
799 4339 970 4419 ipraedicta]
987 4343 1141 4421 postdicta
1152 4344 1184 4401 P.
1274 4341 1381 4420 kquae]

285 4415 334 4494 qui
350 4418 381 4474 P.
488 4416 650 4499 ¹subjectu]
665 4423 790 4481 subnexa
804 4423 836 4483 P.
943 4435 967 4467 ¹¹¹
981 4423 1104 4485 iambici.
1125 4425 1177 4500 At]
1195 4423 1337 4483 lambisd
1351 4423 1384 4482 P.

286 4507 302 4540 Β
315 4499 389 4576 ejus]
404 4498 499 4578 sepius
514 4500 545 4558 P.
772 4527 775 4534 ¹
