3100 5142
131 455 213 506 cnr.
225 445 261 506 8.
288 433 354 506 De
366 433 618 532 Antispastico
634 443 750 508 metro
768 443 804 508 et
821 433 900 534 ejas
915 434 1109 534 speciebus.
1163 447 1237 524 289

129 615 314 716 spondeus
338 617 398 706 sit,
425 619 533 692 ceteri
559 618 773 710 choriambi,
795 619 1009 693 norissimus
1036 645 1099 719 pes
1125 617 1237 718 disyl-

128 735 244 807 labus.
296 733 433 806 Omnia
449 733 547 806 einim
567 735 802 836 Asclepiaden
819 735 1064 808 choriambica
1080 735 1234 834 brachy-

127 849 303 922 catalecta
321 861 417 922 suot.
459 849 750 924 ”Tetrametrum
768 877 852 924 vero
864 849 1140 950 Asclepiadeum
1156 851 1237 924 bra·

128 965 421 1066 chycatalectum
447 965 832 1066 'duodecasyllabum
851 981 902 1057 ut,

347 1081 509 1146 uacuas
522 1083 630 1146 aava
643 1083 725 1148 adite
738 1083 878 1171 atgibau.

129 1193 190 1268 Fit
215 1191 326 1266 etiam
352 1205 644 1292 ¹pcntametrum
672 1193 1023 1292 brachycatalectum
1048 1195 1234 1293 Asclepia-

129 1308 241 1382 deum
260 1308 561 1399 choriambicum,
579 1323 631 1394 ut,

221 1425 276 1488 Ta
289 1445 330 1487 na
343 1426 508 1512 quaesieris
521 1427 604 1490 aeica
617 1425 710 1511 offas
723 1445 813 1512 quem
828 1423 1010 1512 mihiquem
1023 1424 1089 1488 aas.
1218 1491 1220 1496 ,

411 1631 474 1706 De
490 1633 730 1710 choriambico
748 1633 959 1730 Phaleueia.
1249 1656 1280 1708 ¹7

187 1761 480 1839 Chaniamhicam
512 1764 759 1840 Phaleucium
792 1769 837 1840 fit
873 1763 1045 1865 spondeo,
1078 1765 1236 1866 dactylo,

133 1880 282 1980 syllaba,
305 1879 447 1956 duobus
473 1880 639 1981 dactylis.
691 1879 750 1956 Ex
778 1881 1045 1958 heroicoenim
1062 1883 1160 1956 venit
1177 1884 1233 1957 vel

131 1997 291 2095 elegiaco
307 1997 385 2070 sine
411 1997 484 2076 ulla
510 1998 649 2098 syllaba
674 1997 840 2072 secundia
864 2024 1007 2072 coesurae
1032 1999 1242 2098 penthemi-

131 2111 287 2202 mericae,
304 2125 357 2201 at,

346 2227 509 2292 Maecenas
521 2230 628 2293 atavis
642 2227 724 2294 adite
737 2229 881 2316 atgibau.

129 2339 418 2412 tTetrametrum
444 2337 679 2411 acatalectum
699 2339 741 2410 fit
763 2337 872 2410 etiam
892 2337 1100 2410 Phalecium
1128 2367 1235 2438 spon-

129 2455 211 2545 deo,
227 2453 384 2550 dactylo,
402 2453 553 2552 syllaba,
570 2451 782 2553 ”spondam
799 2452 940 2526 duobus
958 2453 1124 2553 dactylis.

223 2570 277 2632 Ta
291 2589 330 2631 aa
343 2569 508 2658 quesieris
520 2570 603 2634 scira
616 2570 709 2655 nefas
721 2589 812 2658 quam
827 2568 905 2632 mitt
919 2590 1008 2656 qaam
1024 2570 1093 2634 tibi.

129 2681 231 2779 Ergo
254 2679 324 2752 hoc
350 2693 519 2754 notemus
537 2679 635 2776 quod
660 2680 947 2754 choriambicum
967 2708 987 2754 a
1005 2681 1164 2776 spondeo
1182 2683 1235 2756 in-

129 2797 281 2896 cipiens,
299 2795 328 2867 si
346 2795 473 2868 ceteris
491 2795 709 2870 choriambis
731 2795 936 2884 scandatur,
953 2797 1232 2897 Asclepiadaum

131 2910 288 2985 metrum
317 2923 483 2996 vocatur3
511 2911 564 2983 sin
591 2938 675 2984 vero
701 2911 857 3011 dactylo,
884 2911 1033 3010 syllaba,
1050 2927 1086 2984 et
1110 2913 1232 3013 dacty-

129 3027 187 3116 lis,
204 3025 439 3100 Phaleuaium
469 3041 708 3126 nuncupatur.
760 3027 832 3102 Hae
858 3027 1012 3100 sedecim
1033 3042 1117 3103 sunt
1133 3041 1233 3102 'vere

129 3141 343 3216 choriambo
360 3142 451 3240 pede
471 3143 574 3214 lectae
593 3142 742 3240 species.

144 3439 247 3522 Car.
263 3439 387 3522 VIII.
421 3443 487 3524 De
505 3442 769 3551 antispastica
786 3456 914 3524 caetra
931 3457 971 3524 at
988 3444 1077 3549 ay'cus
1094 3445 1220 3554 speci-

629 3571 737 3651 edus.

179 3706 407 3792 Quibusdam
437 3711 556 3810 placet
584 3723 625 3784 ut
652 3725 807 3785 metrum
836 3713 1108 3813 antispasticum
1139 3714 1234 3789 inter

129 3824 311 3898 ⁸abortiva
328 3827 382 3899 vel
405 3827 517 3900 mixta
544 3825 725 3918 referatur,
743 3827 805 3901 sed
823 3843 950 3904 errant.
1001 3829 1098 3904 Nam
1126 3857 1235 3927 gene-

129 3939 201 4012 rale
226 3939 282 4012 ast
307 3941 466 4041 positum
496 3957 621 4015 contra
647 3941 949 4034 choriambicum,
966 3945 1069 4042 eujus
1095 3951 1232 4044 species

168 4183 186 4215 ¹¹
199 4183 395 4232 tetrametrum
411 4176 489 4249 raro]
508 4173 555 4232 Sic
570 4174 603 4231 1..
619 4194 684 4232 aero
698 4195 756 4235 om.
769 4178 928 4237 Putsehius.
1050 4189 1073 4220 v
1086 4177 1232 4238 duodeca-

130 4253 284 4331 syllabum]
303 4253 350 4312 Sic
365 4254 399 4313 1..
415 4255 668 4330 hendecasyllabum
685 4257 842 4316 Putschlus.
953 4268 1180 4336 *amianarum
1194 4261 1229 4320 1..

130 4343 190 4392 octo
257 4342 405 4392 tamatrum
421 4335 578 4394 Potachius.
661 4345 880 4396 ttetrametrum
895 4341 1078 4398 acatalecticus
1081 4344 1122 4418 fit
1132 4343 1229 4417 etlam]

130 4413 178 4474 Sic
220 4417 290 4472 au
303 4419 385 4474 etiam
398 4424 598 4490 pentametram
612 4419 794 4475 acatalecticus
806 4418 964 4477 Piitschins.
1048 4431 1078 4475 t!
1089 4423 1229 4498 spondeo]

131 4495 477 4574 Lege,ducly10,syllabu.
503 4497 566 4554 Vid.
583 4495 633 4554 inf.
648 4497 728 4556 VIII.
745 4499 772 4554 8.
835 4510 850 4541 ²
866 4519 926 4556 rere
938 4497 1114 4574 choriambo]
1133 4503 1180 4560 Sic
1196 4503 1232 4562 L.

132 4595 200 4632 aera
214 4578 395 4637 thannitica
409 4575 567 4634 Putschlus.
664 4587 679 4618 ³
693 4577 832 4654 abortiva]
849 4581 1030 4637 introductiva
1043 4579 1080 4637 'L-

651 4697 713 4770 PI’
