3124 5120
141 443 231 496 car.
244 439 281 514 9.
419 423 485 498 De
500 433 617 498 metro
633 425 756 501 lonico
772 427 832 504 sat
850 431 1024 514 ἐλάσσονος.
1181 447 1248 526 ¹27

298 606 467 704 Paphios
483 633 585 681 amor
601 609 793 686 columbus.

140 720 244 793 Nam
265 749 355 808 mor,
372 723 539 796 secundae
557 725 821 824 conjugationis
837 727 983 803 initialis
1001 731 1150 829 syllaba,
1167 759 1249 832 quae

142 837 264 910 brevis
292 851 430 929 natura,
446 854 573 939 utpote
590 841 627 913 in
645 841 766 916 ionico
783 869 803 915 a
828 845 977 935 minore,
996 871 1074 918 esse
1091 847 1248 935 deberet,

142 953 308 1026 derivato
326 955 362 1026 in
382 981 420 1028 se
433 957 624 1054 superioris
638 957 785 1054 syllabae
797 973 960 1060 tempore
972 961 1141 1036 ἀνακλάσει
1155 965 1249 1038 inter

143 1071 316 1166 syzygias
333 1069 438 1160 facta,
455 1073 674 1146 trochaicam
703 1073 803 1148 basin
830 1075 949 1150 ionico
975 1077 1148 1170 subdidit,
1167 1107 1249 1179 quoe

146 1185 243 1256 basis
263 1186 483 1259 'secundum
504 1201 672 1284 utrasque
690 1191 868 1288 syzygias,
885 1191 921 1264 id
939 1206 993 1266 est
1009 1194 1192 1292 'primam
1211 1212 1249 1270 et

144 1299 358 1390 secundam,
380 1304 448 1375 sub
476 1303 543 1376 hac
569 1305 649 1403 lege
666 1305 874 1378 versabitur.
925 1309 978 1380 At
993 1308 1093 1381 Juba
1118 1327 1276 1398 nostem

144 1417 208 1512 qui
228 1417 324 1488 inter
340 1417 507 1492 metricos
526 1420 775 1494 auctoritatem
802 1421 929 1520 primae
954 1423 1165 1497 eruditionis
1184 1428 1249 1498 ob-

144 1531 270 1622 tinuit,
289 1533 457 1606 insistens
484 1532 673 1608 Heliodori
696 1536 867 1636 vestigiis,
892 1537 953 1636 qui
981 1539 1075 1612 inter
1100 1540 1249 1614 Graecos

147 1649 301 1745 hujusce
327 1649 412 1722 artis
438 1649 584 1722 antistes
612 1664 675 1724 aut
698 1651 836 1750 primus
859 1667 922 1725 aut
943 1653 1039 1726 solus
1057 1669 1123 1745 est,
1142 1671 1250 1754 negat

146 1764 218 1838 hoc
234 1764 364 1837 vitium
386 1777 428 1837 ut
445 1763 593 1862 quidam
620 1785 782 1841 assemnt
807 1767 1055 1865 rhythmicum
1082 1771 1168 1858 fore,
1186 1771 1247 1845 sed

146 1905 256 1976 mage
272 1877 422 1952 metrica
438 1879 574 1952 ratione
591 1880 810 1980 contingere,
826 1883 924 1980 quod
942 1911 1006 1982 per
1022 1886 1198 1976 ἐπιπλοκὰς,
1211 1887 1248 1960 id

144 2008 203 2067 est
221 2008 417 2068 metrorum
435 1995 530 2068 inter
544 2023 582 2068 se
599 1997 857 2096 amplexioncs,
871 2013 909 2072 ut
923 2025 1030 2098 supra
1047 1999 1250 2092 docuimus,

144 2110 363 2208 plerumque
380 2111 510 2183 evenit.
544 2111 642 2184 Nam
666 2114 827 2210 τοτροὸιιιῆ
847 2113 994 2201 ἐπιπλοκὴ
1011 2127 1047 2187 et
1064 2117 1198 2207 δοσδικῆ,
1212 2117 1277 2197 ido

145 2239 202 2298 cst
214 2224 398 2322 ¹quadrua
414 2240 451 2298 et
468 2226 605 2300 binaria
622 2227 817 2326 amplexio,
830 2228 916 2302 huic
932 2230 1060 2318 versui,
1077 2232 1139 2329 qui
1158 2233 1249 2306 ioni-

145 2367 212 2413 cus
237 2340 442 2434 ἀπολλύμενος
458 2356 616 2432 voeatur,
634 2342 876 2416 diversitatem
895 2345 1175 2444 varietatemque
1198 2348 1249 2420 ie-

146 2468 289 2528 cerunt.
340 2455 487 2530 Etenim
515 2457 746 2556 antispastica
771 2471 808 2530 et
830 2458 1075 2533 choriambica
1100 2475 1138 2533 et
1154 2475 1250 2535 utra·

146 2595 221 2666 que
248 2569 365 2644 ionica
394 2585 509 2644 metra
534 2571 580 2644 de
610 2573 743 2670 quadra
771 2574 999 2673 amplexione
1026 2575 1248 2650 subsistunt:

146 2683 304 2758 iambica
339 2710 423 2757 vero
465 2699 502 2758 et
533 2687 725 2774 trochaica,
762 2689 856 2762 sicut
898 2716 1004 2787 supra
1046 2689 1249 2780 docuimus,

146 2799 304 2873 rduaria.
338 2801 472 2874 Evenit
489 2815 609 2875 autern
627 2815 688 2876 'ut
703 2803 949 2876 choriambica
966 2817 1003 2876 et
1020 2805 1249 2903 antispastica

146 2915 314 2988 iambicis
340 2917 666 3016 conjugationibus,
693 2918 819 2991 ionicis
843 2943 926 2990 vero
950 2919 1151 3006 trochaicae,
1169 2945 1249 3016 quae

148 3045 234 3103 sunt
249 3030 469 3104 diversamm
488 3033 771 3132 amplexioaum,
787 3032 1014 3106 misceantur.
1067 3033 1175 3108 Unde
1192 3061 1250 3108 ac·
1265 3073 1295 3108 ιο

148 3146 237 3219 cidit
254 3161 294 3220 ut
312 3145 522 3219 confusione
548 3175 672 3222 eorum
699 3161 910 3234 metrorum,
927 3173 1010 3246 quae
1031 3175 1075 3222 ex
1101 3149 1249 3224 diversis

149 3261 439 3359 amplexionibus
465 3261 714 3351 informantur,
733 3262 940 3360 hujusmodi
965 3263 1057 3336 inter
1083 3265 1249 3366 syzygias

149 3379 268 3476 passio
286 3378 360 3450 sive
377 3378 599 3467 communio,
619 3405 699 3476 quae
716 3379 886 3460 ἀνάκλασις
906 3405 926 3450 a
945 3379 1091 3451 musicis
1108 3379 1249 3470 dicitur,

148 3493 279 3564 merito
296 3493 448 3580 eveniat,
465 3509 501 3565 et
518 3493 668 3565 varietas
687 3493 801 3566 versui
828 3493 874 3566 de
891 3494 1161 3592 amplexionum
1182 3497 1250 3569 dif-

148 3608 299 3680 ferentia
326 3609 400 3680 fiat.
450 3607 547 3680 Nam
574 3609 603 3681 si
628 3635 718 3708 puro
739 3609 950 3682 choriambo
968 3609 1121 3708 primam
1141 3609 1248 3684 decu·
1265 3651 1290 3684 ιι

148 3725 215 3797 tias
242 3724 432 3822 syllabam,
449 3727 492 3795 lit
509 3749 618 3796 omne
635 3723 732 3819 quod
750 3723 935 3796 residuum
958 3739 1023 3810 est,
1043 3726 1199 3799 ionicum
1228 3755 1248 3800 a

148 3840 300 3911 minori:
326 3853 363 3912 et
381 3865 519 3912 rursum
540 3839 567 3912 si
585 3838 704 3912 ionico
716 3851 758 3912 “a
776 3839 905 3912 minori
924 3841 1062 3938 syllaba
1081 3868 1151 3914 una
1169 3869 1249 3916 mu-

148 3955 281 4040 tiletur,
295 3953 390 4052 quod
406 3967 566 4027 remanet
579 3953 852 4052 antispasticum
867 3953 1125 4053 deprehendas.
1151 3957 1245 4032 Item

147 4071 266 4142 ablata
295 4070 526 4170 antispastico
553 4071 669 4168 prima
700 4070 837 4168 syllaba
872 4069 1030 4144 ionicum
1067 4097 1087 4142 a
1122 4071 1247 4167 majori

186 4288 202 4318 v
215 4279 371 4337 seeundum
394 4282 538 4356 utrasque]
557 4293 690 4357 utrasque
705 4282 735 4337 P.
860 4291 882 4322 W
896 4283 1015 4357 primam
1032 4295 1062 4339 et
1076 4283 1245 4361 secandam]

146 4357 269 4435 primam
284 4371 314 4416 et
327 4361 483 4418 secundum
499 4361 529 4418 P.
612 4371 628 4402 ¹
641 4361 759 4437 quadra]
776 4361 902 4436 quadrus
915 4361 946 4418 P.
1034 4361 1166 4420 ldnaria.
1182 4383 1249 4422 eve-

146 4437 201 4512 nit]
218 4438 325 4527 duarie.
338 4441 417 4498 venit
430 4441 461 4497 P.
564 4451 579 4481 ²
594 4442 638 4514 nt]
656 4452 686 4498 et
700 4441 732 4498 P.
774 4439 904 4497 Correxit
918 4441 1104 4500 Camerarius.
1205 4454 1251 4502 ⁸a

147 4535 263 4608 minori]
281 4535 384 4596 minori
400 4538 431 4594 P.
