3100 5142
167 429 250 480 cir.
265 421 324 481 21.
340 421 399 478 22.
451 403 517 476 De
535 401 965 500 bucolico-«pentametro
982 403 1101 478 lterco.
1198 417 1273 494 349

167 589 265 663 Nam
298 587 548 688 ¹¹Glyconicus
577 587 629 660 sic
655 587 765 660 habet
791 613 912 660 versus
939 601 979 660 ut
1001 585 1090 660 duas
1116 587 1272 685 aequsles

166 705 306 778 dividat
331 717 462 804 partes,
479 703 575 801 quod
604 703 754 775 heroum
780 702 1013 776 manifestum
1031 700 1122 776 ¹esse
1137 717 1174 776 et
1192 703 1273 776 Ho-

167 847 288 893 merus
306 833 343 892 et
358 818 532 918 Virgilius
550 819 757 918 probarunt,
774 818 837 916 qui
858 818 927 892 hoc
946 819 998 890 usi
1023 833 1118 894 sunt.
1169 820 1273 894 ΙΙΗο-

169 961 310 1008 merus:

324 1049 472 1148 Κουρῆτές
488 1047 516 1120 τ’
535 1048 683 1144 ἐμάχοντο
701 1047 752 1122 uui
770 1047 900 1124 Αἰτωλοὶ
916 1055 1117 1148 μενεχάρμαι.

171 1184 208 1239 et
224 1164 408 1263 Virgilius,
1044 1199 1046 1204 ·
1147 1233 1150 1240 ,

322 1281 548 1366 Immotumque
561 1279 620 1343 coli
634 1279 719 1342 dedit
733 1288 763 1342 ct
776 1289 969 1344 cmrtcmuere
983 1291 1100 1346 ventos.

172 1380 220 1456 et,
325 1465 388 1529 Cui
401 1485 465 1528 uon
480 1464 583 1528 dictus
599 1463 707 1550 Hylas
715 1484 801 1550 puer
815 1473 845 1528 ct
860 1465 998 1528 Lotouio
1012 1465 1118 1530 Delos.
1218 1500 1221 1506 ,

175 1575 294 1648 Prima
311 1589 431 1648 sutem
452 1601 534 1672 pars
549 1573 772 1672 Glyconicus
790 1601 911 1647 versus
929 1589 994 1665 cst,
1008 1573 1164 1648 secunda
1182 1575 1301 1650 Phe-2

173 1689 355 1778 recrotius,
381 1715 461 1787 quae
488 1704 647 1788 utraeque
674 1705 791 1788 partes
814 1690 1001 1790 dactylicae
1028 1703 1123 1764 suut.
1174 1689 1271 1762 Nam

173 1807 233 1880 ¹ex
254 1806 408 1879 Horatio
426 1806 492 1878 hos
509 1805 600 1878 duos
618 1805 647 1878 si
659 1805 792 1906 jungas
811 1807 981 1906 Priapeus
999 1810 1081 1880 fiet:

262 1923 456 2009 Cuiflovam
471 1923 594 2009 religas
608 1943 726 1986 comam
736 1932 838 2010 grato
853 1923 985 2010 Pyrrho
998 1924 1056 1986 cub
1070 1931 1172 1988 antro.

175 2031 273 2129 Ergo
290 2046 328 2104 et
346 2031 568 2130 Glyconium
595 2045 749 2104 metrum
779 2045 815 2103 et
838 2031 1105 2105 Pherecratium
1123 2047 1161 2106 et
1177 2032 1274 2130 quod

176 2173 222 2220 ex
249 2148 304 2220 bis
326 2146 557 2246 componitur
583 2146 774 2246 Priapeum
802 2147 847 2220 de
869 2146 1080 2246 ¹¹¹dactylico
1107 2149 1274 2224 nascitur.

177 2261 246 2336 Est
267 2263 357 2336 alius
377 2263 546 2361 Priapeus
562 2261 623 2360 qui
642 2275 679 2334 et
697 2262 881 2336 bucolicus
900 2278 1058 2352 vocatur,
1074 2277 1126 2346 ut,

261 2379 363 2442 Hunc
376 2378 480 2442 liscum
497 2379 554 2442 tilii
568 2377 674 2442 dedico
687 2399 888 2464 coruccroquc
902 2379 1035 2464 Priape.

178 2489 254 2563 Hic
284 2515 429 2588 quoque
456 2503 582 2562 octava
617 2490 755 2590 syllaba
788 2503 927 2589 partem
960 2489 1154 2562 ”orationis
1184 2490 1276 2576 linit,

177 2604 332 2702 ideoque
351 2605 420 2677 boc
439 2618 595 2677 metrum
616 2603 822 2678 bucolicum
840 2603 981 2678 dicitur.

457 2807 558 2886 Cur.
574 2803 700 2886 XXI.
732 2807 797 2888 De
816 2807 996 2888 bucolico.

229 2957 425 3030 Bucolicus
439 2957 605 3030 sirrrilitcr
617 2958 663 3029 ab
678 2957 787 3030 heroo
800 2956 908 3030 venit.
945 2956 1101 3045 Herous‚
1111 2955 1140 3028 si
1151 2967 1280 3054 quarto

180 3072 272 3170 pede
290 3085 427 3169 partem
446 3071 617 3145 orationis
635 3071 749 3160 finiat,
768 3072 973 3146 bucolicum
993 3071 1091 3158 facit,
1110 3083 1163 3158 ut,

308 3185 356 3249 Ab
370 3186 451 3250 Jove
460 3188 660 3274 principium
673 3189 792 3266 Mmae,
807 3189 901 3252 Jovts
914 3191 1021 3253 omnio
1030 3188 1139 3276 plenu.

179 3296 394 3370 Theocritus
412 3297 528 3372 thane
544 3297 648 3371 metri
664 3299 780 3398 legem
796 3299 999 3386 custodivit,
1009 3299 1183 3400 Virgilius
1195 3325 1280 3372 con·

180 3411 340 3512 tempsit.

345 3554 447 3636 Cur.
462 3555 604 3638 XXII.
634 3561 699 3642 De
709 3533 965 3670 pentametro
979 3561 1109 3644 leuco.

230 3697 303 3779 Qui
323 3711 442 3772 autern
462 3699 632 3796 quintum
648 3701 775 3801 pedem
791 3719 893 3803 parte
905 3703 1076 3776 orationis
1089 3702 1181 3792 finit,
1194 3729 1281 3801 pen·

181 3826 333 3884 tameter
351 3813 481 3887 herous
499 3814 642 3906 dicitur,
661 3833 713 3906 ut,

310 3929 458 3994 rDectdu
472 3931 516 3994 ud
530 3941 649 3996 terrum
663 3933 823 4020 duplicato
838 3935 968 4022 rpopttu
987 3933 1132 3998 Tumur.

222 4128 407 4206 hgtycontcm
420 4137 459 4192 sic
473 4135 554 4194 lrobct
567 4155 659 4196 ceretu
672 4139 712 4211 ct]
735 4140 877 4212 gtycmius
897 4155 990 4196 uersus
1006 4139 1046 4194 tic
1066 4136 1146 4194 tabet
1167 4143 1194 4194 ct
1214 4138 1284 4194 ἀνω

182 4213 292 4286 equales
307 4213 342 4270 V.
495 4213 503 4258 ¹
518 4236 573 4276 cuc
587 4219 626 4292 et]
642 4226 670 4276 ct
683 4237 741 4276 om.
756 4217 795 4275 V.
814 4217 863 4294 qui
879 4235 943 4274 mox
958 4237 1016 4274 om.
1031 4219 1078 4292 qui
1092 4219 1142 4274 loc
1155 4218 1198 4276 usi
1209 4225 1283 4274 sunt.

80 4305 85 4318 '
181 4287 372 4369 kblismurus]
388 4293 477 4353 Addit
492 4297 526 4355 V.
540 4321 649 4374 κουρητες
662 4321 690 4354 τι
704 4321 815 4368 pexum
828 4322 871 4354 και
884 4308 983 4354 meum
996 4321 1153 4373 μοιχαρμοι.
1228 4295 1285 4354 lex

183 4392 241 4430 om.
258 4375 293 4432 V.
416 4387 441 4420 Ν
454 4379 602 4454 dactylico]
618 4379 728 4452 dactylo
742 4377 778 4434 V.
911 4387 928 4418 ¹¹
938 4379 1086 4452 proticuis]
1103 4381 1234 4436 orationis
1248 4377 1284 4436 V.

183 4463 199 4495 ⁰
213 4455 376 4530 bucolicum]
391 4481 567 4533 campum
583 4460 617 4516 V.
737 4467 754 4512 l>
768 4459 839 4514 lonc
853 4457 951 4532 legem]
969 4459 1040 4515 lonc
1053 4462 1134 4516 metri
1147 4461 1233 4533 legem
1246 4457 1284 4515 V.

183 4544 200 4589 <l
212 4537 326 4611 decidit]
345 4539 440 4595 incidit
455 4539 490 4598 V.
594 4537 735 4614 rpoplue]
748 4540 868 4614 pondere
882 4537 917 4596 V.
