3100 5142
189 423 319 499 caan.
463 423 528 496 De
538 423 673 522 pedum
690 423 1012 522 compositionilm.
1211 437 1286 516 ³09

239 605 297 680 Ex
324 606 486 707 spondeo
508 621 545 680 et
566 608 761 704 tribrachy,
785 607 821 682 id
848 623 904 682 est
928 633 974 682 ex
994 608 1112 709 longis
1132 607 1285 699 duabus,
1299 635 1331 688 ²⁹

188 737 226 796 et
242 723 412 797 brevibus
428 723 563 797 tribus:
593 724 768 822 Sumptus
783 734 926 798 temere.

237 837 298 912 Ex
324 855 507 940 anapaesto
525 853 563 912 et
587 840 720 925 iambo,
744 838 854 912 idest
872 863 918 912 ex
944 840 1111 913 brevibus
1134 837 1287 929 duabus,
1296 869 1331 917 3ο

188 953 298 1052 longa
315 981 398 1043 una,
416 955 514 1027 brevi
533 980 616 1044 tuna,
632 969 669 1028 et
686 955 794 1052 longa
810 979 901 1028 una:
928 955 1112 1030 dimittas
1124 955 1262 1054 gravis.

237 1069 298 1142 Ex
325 1083 506 1172 anapaesto
522 1083 560 1142 et
583 1068 778 1167 tribrachy,
797 1068 831 1140 id
854 1081 909 1142 est
934 1095 978 1143 ex
1005 1071 1171 1144 brevibus
1197 1069 1326 1156 dua-31

188 1185 270 1274 bus,
286 1185 395 1283 longa
413 1211 495 1275 una,
512 1200 549 1258 et
566 1185 731 1258 brevibus
748 1184 883 1257 tribus:
918 1185 1066 1282 tteptdt
1067 1184 1244 1286 fugiunt.

239 1299 299 1371 Ex
316 1299 488 1399 sponde0,
503 1299 636 1388 iambo,
650 1313 686 1373 et
699 1297 869 1397 spondeo,
887 1298 923 1371 id
936 1313 991 1372 est
1007 1325 1052 1372 ex
1070 1301 1187 1398 longis
1199 1298 1287 1372 dua·
1297 1327 1330 1378 3²

191 1415 271 1501 bus,
288 1413 386 1486 brevi
405 1440 487 1499 una,
505 1427 542 1486 et
560 1414 676 1512 longis
694 1414 827 1488 tribus:
853 1412 985 1490 Cuncti
1001 1425 1129 1490 cavent
1142 1415 1285 1504 bellum.

240 1529 299 1602 Ex
327 1528 499 1628 spondeo,
524 1529 658 1614 iambo,
675 1543 712 1602 et
737 1543 929 1628 anapaesto,
955 1530 993 1603 id
1018 1543 1073 1602 est
1098 1555 1143 1604 ex
1168 1531 1284 1630 longis
1298 1558 1329 1606 33

190 1641 343 1734 duobus,
360 1643 456 1716 brevi
475 1669 548 1716 una
565 1659 602 1716 et
626 1644 734 1742 longa
751 1670 833 1734 una,
849 1657 886 1717 et
905 1645 1071 1718 brevibus
1087 1643 1227 1718 duabus
1249 1659 1286 1720 et

191 1757 298 1856 longa
315 1785 406 1832 una:
437 1757 539 1832 Victi
555 1759 663 1833 malis
679 1760 874 1858 trepidant.

240 1872 300 1945 Ex
333 1872 505 1972 spondeo,
535 1874 667 1964 iambo,
693 1888 729 1948 et
758 1875 912 1975 dactylo,
939 1875 975 1948 id
1005 1888 1133 1948 estex
1167 1877 1284 1975 longis
1298 1902 1329 1951 34

191 1989 342 2074 duabus,
363 1990 461 2062 brevi
486 2016 569 2080 una,
594 1989 711 2088 longis
735 1989 900 2082 (duabus,
918 1989 1101 2086 brevibus)
1120 1989 1283 2065 duabus:

192 2103 339 2178 Ηωίπζσ
353 2114 478 2178 secant
491 2106 674 2204 gurgites.

241 2219 301 2293 Ex
317 2221 459 2294 duobus
484 2219 613 2294 iambis
639 2233 676 2293 et
695 2220 866 2319 spondeo,
883 2220 921 2293 id
937 2234 1054 2295 estex
1080 2221 1177 2295 brevi
1203 2247 1285 2313 una,
1297 2245 1328 2297 33

191 2338 299 2435 longa
314 2363 398 2422 una,
416 2337 514 2408 brevi
531 2361 614 2422 una,
632 2337 748 2434 longis
764 2336 899 2409 tribus:
929 2337 1047 2410 Bonos
1063 2337 1166 2410 docet
1180 2337 1284 2412 cives.

241 2453 300 2525 Ex
317 2450 458 2526 duobus
485 2451 613 2524 iambis
637 2464 674 2524 et
698 2451 853 2550 dactylo,
869 2451 907 2524 id
929 2464 984 2524 est
1008 2477 1054 2524 ex
1080 2451 1177 2524 brevi
1202 2464 1330 2541 una,36

192 2569 400 2666 longaeua,
419 2567 516 2639 brevi
540 2593 622 2652 una,
640 2581 677 2640 et
701 2567 818 2665 longis
839 2565 979 2639 duabus
998 2566 1181 2662 (brevibus
1198 2566 1286 2640 dua·

192 2684 299 2779 bns):
318 2682 476 2758 Slanunt
487 2683 631 2756 maenia.

242 2799 300 2870 Ex
325 2799 510 2896 trisyllabo
527 2798 629 2894 cnjus
655 2796 774 2870 media
791 2795 905 2869 brevis
932 2796 989 2884 sit,
1007 2795 1043 2868 id
1069 2809 1184 2870 estex
1211 2823 1330 2883 cte-37

190 2913 265 2986 tico
292 2927 329 2985 et
356 2912 478 2986 iambo
507 2926 544 2985 et
572 2911 743 3012 spondeo,
773 2909 811 2982 id
839 2923 894 2984 est
922 2935 967 2984 ex
1002 2911 1110 3010 longa
1139 2938 1222 3002 una,
1248 2926 1286 2986 et

192 3028 289 3101 brevi
306 3053 388 3114 una,
406 3040 443 3099 et
463 3027 571 3125 longa
588 3053 670 3112 una,
687 3037 724 3098 et
740 3024 839 3096 brevi
857 3051 939 3112 una,
956 3038 993 3098 et
1009 3024 1126 3125 longis
1150 3027 1285 3105 tribus:

191 3143 369 3219 Prclium
386 3140 623 3243 cnpitsortis.

241 3259 301 3333 Ex
326 3259 513 3358 trisyllabo
529 3260 632 3357 cujus
658 3257 777 3331 media
803 3255 917 3330 brevis
944 3257 1000 3344 sit,
1019 3257 1055 3330 id
1073 3273 1190 3332 estex
1209 3281 1329 3343 cre-se

192 3375 277 3465 tico,
294 3376 427 3462 iambo,
443 3390 481 3449 et
496 3375 653 3475 dactylo,
671 3374 706 3446 id
724 3386 840 3446 estex
865 3372 973 3472 longa
991 3399 1073 3463 una,
1086 3375 1184 3448 brevi
1202 3402 1285 3467 una,

193 3489 301 3588 longa
324 3517 409 3580 una,
432 3491 529 3564 brevi
561 3515 644 3578 una,
668 3503 704 3563 et
730 3486 845 3586 longis
874 3486 1025 3574 duabus,
1055 3503 1092 3564 et
1119 3492 1284 3568 brevibus

192 3603 351 3679 duabus:
382 3605 561 3680 Turbines
577 3605 679 3679 timet
685 3603 879 3698 fluctuum.

241 3719 300 3792 Ex
326 3721 523 3820 trisyllabo,
541 3720 642 3816 cujus
664 3717 783 3791 media
800 3718 915 3791 brevis
942 3719 999 3808 sit,
1016 3719 1053 3794 id
1070 3734 1125 3795 est
1141 3723 1283 3816 cretico,
1296 3757 1330 3808 39

192 3835 326 3924 iambo,
352 3849 389 3908 et
418 3848 610 3936 anapaesto,
634 3834 670 3908 id
698 3849 752 3908 est
778 3859 823 3908 ex
849 3833 957 3934 longa
980 3861 1053 3909 una
1076 3837 1173 3909 brevi
1200 3863 1285 3926 una,

192 3951 301 4048 longa
316 3977 389 4023 una
408 3951 504 4022 brevi
520 3962 605 4041 nna,
623 3952 729 4050 longa
747 3979 829 4040 una,
846 3965 883 4026 et
899 3953 1064 4028 brevibus
1080 3953 1232 4042 duabus,
1248 3968 1286 4032 et
1397 3981 1400 3990 ⁴

192 4065 300 4164 longa
318 4092 408 4140 una:
439 4065 615 4166 Gurg-iles
630 4079 752 4142 secant
768 4069 912 4166 trepidi.

240 4179 300 4258 Ex
318 4182 516 4282 trisyllabo‚
533 4184 635 4281 cujus
661 4183 781 4257 media
798 4185 913 4257 brevis
940 4184 997 4273 sit,
1014 4183 1052 4258 id
1069 4197 1124 4259 est
1140 4186 1283 4274 cretic0,
1297 4221 1330 4267 40

191 4295 361 4382 trochoeo,
378 4309 415 4370 et
441 4298 612 4398 spondeo,
627 4299 664 4373 id
691 4311 808 4373 estex
834 4299 943 4396 longa
967 4324 1051 4388 una,
1076 4300 1172 4374 brevi
1199 4327 1284 4390 una,

191 4423 229 4481 et
245 4412 361 4510 longis
379 4412 531 4502 duabus,
548 4431 584 4488 et
607 4414 704 4488 brevi
731 4441 814 4504 una,
830 4427 868 4487 et
885 4413 1000 4514 longis
1017 4413 1179 4490 duabus:
1205 4415 1286 4492 La-

192 4525 330 4601 teribus
345 4539 458 4628 auget
474 4529 608 4616 orbern.
