3100 5142
277 393 352 468 306
684 385 820 463 Corios
837 386 977 460 Bassus

278 577 313 652 id
331 589 386 650 cst
403 599 446 648 ex
474 575 592 672 longa,
610 572 721 658 brevi,
739 585 776 642 ct
800 569 940 644 duabus
967 565 1082 664 longis
1108 565 1268 664 syllabis,
1284 579 1380 639 tem-

278 717 406 792 porum
426 701 577 789 septem,
594 701 635 761 ut
653 685 879 760 Nicomedes.

236 835 262 870 ιι
328 801 517 898 Epitritus
543 799 683 890 tertius,
709 803 771 900 qui
798 805 840 874 fit
866 827 912 874 ex
934 800 1093 900 spondeo
1119 811 1155 870 ct
1179 797 1315 888 iambo,
1340 797 1379 870 id

278 929 333 989 est
358 941 404 988 ex
429 914 569 990 duabus
595 916 722 1016 longis,
740 917 849 1005 brevi,
867 929 904 990 et
928 916 1037 1013 longa
1060 911 1218 1013 syllabis,
1236 925 1380 1012 tempo-

277 1055 359 1104 rum
376 1045 528 1130 septem,
546 1043 587 1104 ut
604 1031 747 1106 heroici.

235 1175 264 1212 n
328 1143 517 1243 Epitritus
533 1155 699 1246 quartas,
716 1145 778 1244 qui
795 1147 838 1218 fit
854 1169 899 1218 ax
921 1143 1080 1245 spondeo
1097 1155 1134 1217 et
1150 1143 1320 1228 trochaeo,
1340 1143 1379 1216 id

279 1275 334 1335 est
359 1261 542 1334 extribus
569 1261 686 1360 longis
712 1275 749 1335 et
774 1261 871 1334 brevi
898 1261 1057 1360 syllabis,
1074 1275 1280 1360 temporum
1299 1287 1379 1358 sep-

279 1391 367 1464 tem,
385 1389 425 1450 ut
441 1377 641 1450 nutritura.

237 1516 267 1566 ²³
330 1493 441 1566 Poon
460 1493 615 1590 primas,
632 1491 694 1589 qui
720 1493 763 1564 fit
787 1517 834 1564 ex
861 1491 1019 1564 trocbaeo
1040 1504 1077 1564 et
1101 1489 1322 1590 pyrrhichio,
1339 1488 1377 1561 id

279 1623 404 1682 estex
431 1607 538 1707 longa
565 1621 602 1680 et
634 1607 748 1680 tribus
778 1607 946 1680 brevibus
981 1605 1140 1704 syllabis,
1169 1618 1374 1704 temporum

280 1721 451 1818 quinque,
470 1735 510 1792 ut
528 1721 769 1794 Demodocus.
798 1807 801 1813 Ι

235 1857 265 1904 ²4
328 1831 444 1906 Poeon
468 1835 659 1922 sccundus,
682 1835 745 1930 qui
768 1837 810 1906 fit
835 1859 881 1906 ex
904 1833 1027 1906 iambo
1042 1844 1079 1904 et
1102 1831 1323 1932 pyrrhichio,
1339 1830 1377 1904 id

279 1961 333 2019 cst
358 1971 402 2018 ex
430 1947 539 2035 brevi,
563 1948 682 2047 longa,
698 1962 736 2022 et
757 1949 897 2022 duabus
916 1949 1082 2022 brevibus
1108 1947 1268 2047 syllabis,
1285 1961 1377 2020 tern-

278 2085 407 2160 porum
426 2060 600 2159 quinque,
616 2075 658 2136 ut
674 2063 834 2136 idoneos.

235 2197 265 2248 ²⁵
327 2175 443 2249 Paeon
468 2177 607 2261 tertius,
624 2177 686 2274 qui
712 2179 755 2251 fit
780 2203 825 2252 ex
848 2179 1057 2278 pyrrhichio
1079 2193 1117 2252 et
1143 2177 1313 2260 trochaso,
1339 2175 1375 2248 id

279 2305 333 2366 est
350 2317 394 2365 cx
408 2292 548 2366 duabus
562 2293 741 2383 brevibus,
755 2295 863 2394 longa
875 2309 912 2368 ct
926 2295 1036 2386 brevi,
1045 2307 1252 2393 temporum
1270 2293 1377 2390 quin-

279 2435 360 2506 que,
378 2422 419 2482 ut
436 2408 688 2482 Menedemus.

235 2539 267 2588 τό
331 2521 442 2596 Poon
467 2533 633 2622 quartus,
659 2525 721 2620 qui
748 2527 791 2597 fit
818 2551 863 2598 ex
888 2525 1097 2624 pyrrhichio
1119 2537 1157 2596 et
1180 2522 1313 2609 iambo,
1339 2520 1376 2594 id

279 2651 404 2710 estex
434 2638 549 2710 tribus
580 2639 746 2712 brevibus
775 2653 812 2712 et
847 2640 955 2737 longa
982 2637 1142 2736 syllabis,
1168 2650 1375 2736 temporum

279 2752 452 2849 quinque,
469 2765 509 2824 ut
530 2749 720 2826 Celeritos.

235 2895 265 2944 ²7
330 2867 401 2940 His
428 2867 534 2939 multi
570 2867 742 2963 adjiciunt
775 2893 889 2940 unum
919 2869 1221 2967 pentasyllabum,
1248 2864 1375 2938 Doch-

279 2982 391 3055 mium
421 3007 516 3066 vcro,
544 2983 606 3079 qui
637 2994 778 3056 constat
807 3007 852 3056 cx
886 2983 984 3056 brevi
1018 2982 1157 3056 duabus
1187 2981 1304 3080 longis
1338 2993 1376 3053 et

281 3096 377 3169 brevi
398 3110 435 3170 et
460 3098 579 3197 longa,
604 3111 643 3170 ut
671 3099 873 3183 senator-ier,
890 3111 928 3170 et
952 3110 994 3172 ut
1019 3097 1114 3182 idem
1142 3097 1268 3170 Cicero
1295 3097 1375 3194 (Or.

279 3237 310 3283 c.
326 3209 403 3310 64.)
422 3213 555 3310 posuit,
575 3211 707 3284 amicos
724 3221 834 3284 tenes.

407 3407 508 3488 Car.
529 3406 611 3489 III.
645 3411 711 3491 Do
721 3411 873 3520 pedum
892 3411 1251 3520 compositionibus.

327 3529 387 3602 Ex
403 3531 561 3604 trochaeo
578 3545 616 3604 et
640 3535 808 3624 molosso,
826 3534 861 3608 id
880 3547 935 3609 cst
959 3563 1005 3610 ex
1029 3536 1137 3636 longa
1153 3549 1190 3610 et
1212 3535 1322 3626 brevi,
1338 3547 1376 3608 et

277 3645 393 3719 tribus
410 3645 536 3743 longis,
554 3658 594 3718 ut
612 3645 756 3721 Dolore
771 3651 955 3747 compulsi.

328 3757 387 3832 Ex
415 3759 572 3832 trochaeo
606 3773 643 3834 et
671 3760 789 3836 ionico
816 3765 964 3858 minore,
993 3767 1031 3840 id
1055 3779 1176 3840 estex
1204 3766 1313 3865 longa
1337 3778 1376 3839 st

278 3873 444 3948 brevibus
462 3874 577 3948 tribus
594 3889 631 3948 st
648 3875 764 3975 longis
781 3877 940 3954 duabus:
967 3883 1114 3982 Regino
1129 3906 1352 3979 superorum.

251 4015 264 4048 2
327 3987 386 4058 Ex
411 3989 569 4062 trochaeo
594 4002 631 4062 et
656 3991 876 4084 choriambo,
898 3995 934 4070 id
961 4009 1080 4072 estex
1107 3997 1215 4096 longa
1240 4023 1312 4070 una
1336 4008 1373 4068 ct

279 4101 388 4189 brevi,
406 4113 442 4174 et
468 4103 575 4202 longa
592 4131 663 4180 una
680 4118 716 4180 et
733 4107 900 4184 brevibus
917 4109 1069 4200 duabus,
1086 4123 1123 4184 et
1148 4112 1256 4210 longa
1280 4135 1372 4183 una:

279 4214 379 4288 Mihi
392 4221 588 4314 perpetior.

241 4357 265 4406 s
327 4327 386 4402 Ex
413 4333 571 4408 troohaeo
596 4349 633 4408 ct
658 4337 775 4412 ionico
793 4337 939 4432 majore,
956 4339 993 4412 id
1017 4353 1072 4414 est
1096 4365 1142 4414 ex
1167 4341 1276 4438 longa
1301 4361 1372 4410 una

279 4456 315 4514 ct
340 4443 438 4516 brevi
459 4471 532 4518 una
556 4463 593 4520 ct
618 4451 733 4546 longis
757 4450 896 4526 duabus
927 4457 980 4550 (et
1001 4455 1167 4528 brevibus
1191 4453 1371 4549 duabus):

278 4559 395 4630 Astra
413 4559 576 4630 colestia.
