3076 5140
37 274 39 313 i
158 332 245 383 car.
261 324 316 386 18.
524 311 590 387 De
605 311 783 388 &anm
798 337 917 390 verra
1195 329 1259 409 191

158 495 271 584 Item,

259 611 403 686 Ferant
412 609 593 709 pulchras
609 611 844 704 bbcreles-rur,
861 639 1066 714 aureasque
1083 613 1245 712 lepiatar.

159 723 210 796 Et
228 725 324 824 apud
343 725 527 814 Naevium,

262 839 423 914 cNovem
439 839 547 914 Jovis
562 842 752 914 concordes
753 839 858 942 filiae
873 867 1029 916 eormer.

157 954 314 1028 Videtur
339 971 461 1028 tamen
488 981 509 1026 c
535 953 689 1030 duorum
716 982 883 1032 versuum
915 957 1088 1032 membris
1111 983 1293 1058 compo-s

159 1071 263 1159 situs,
280 1069 426 1143 dimetri
447 1084 484 1142 et
499 1070 675 1167 quadrati.
718 1075 870 1148 Constat
888 1087 1008 1148 autem
1027 1071 1181 1172 pedibus
1199 1099 1264 1148 sex

159 1200 199 1258 et
215 1185 413 1286 semipede.
465 1184 562 1257 Nam
581 1183 739 1286 “primos
756 1205 828 1261 tres
855 1189 964 1288 pedes
986 1203 1023 1261 et
1041 1189 1263 1288 semipedem

162 1302 272 1376 habet
289 1327 335 1374 ex
353 1313 456 1400 parte
471 1301 588 1400 prima
604 1303 771 1388 dimetri;
791 1303 947 1401 reliquos
960 1329 1045 1376 vero
1058 1317 1130 1376 tres
1143 1302 1267 1402 pedes,

161 1418 224 1515 qui
247 1431 334 1491 sunt
351 1416 482 1506 ultimi,
501 1417 611 1491 habet
637 1447 658 1492 a
682 1432 784 1520 parte
811 1419 929 1518 prima
955 1417 1120 1516 quadrati
1139 1417 1264 1516 tragici

162 1533 348 1618 trochaici,
366 1545 419 1622 ut,

215 1649 309 1724 Cum
327 1649 444 1722 vietor·
460 1649 599 1724 Lemno
616 1648 770 1724 classem
788 1650 969 1724 Doricam
984 1647 1197 1747 appulisset.

162 1763 230 1837 Est
246 1780 370 1837 autem
389 1764 530 1837 duabus
556 1765 682 1864 primia
701 1765 848 1865 syllabis
866 1765 1006 1864 longior
1023 1765 1069 1838 ab
1088 1763 1293 1842 hendecas-⁴

162 1881 314 1978 syllabo‚
332 1905 417 1952 nam
445 1905 518 1952 uno
540 1879 632 1978 pede
659 1879 696 1952 in
724 1879 842 1978 capite
867 1878 1159 1979 hendecasyllabi
1179 1893 1263 1977 ‘po-

161 1996 436 2086 sito,Saturnius
447 2019 569 2068 versus
584 1996 667 2080 [ἱεὶς
685 1993 788 2090 cujus
801 1995 1012 2096 exemplum
1028 1995 1171 2068 Metelli
1183 2021 1265 2094 pro·

162 2125 363 2210 posuerunt
379 2109 424 2183 de
441 2110 583 2196 Naevio,
601 2110 816 2208 aliquotiens
833 2111 880 2183 ab
897 2137 941 2183 eo
959 2109 1126 2184 lacessiti.
1178 2110 1247 2198 lta,

261 2224 413 2300 Malum
431 2225 568 2299 dolium
585 2223 733 2298 Metelli
750 2224 877 2298 Naevio
889 2235 1020 2322 poetae.

163 2339 259 2415 Nam
279 2340 430 2414 Malum
447 2341 584 2416 dabunt
600 2339 750 2414 Metelli
764 2340 892 2414 clauda
910 2367 991 2440 pars
1011 2341 1155 2414 dimetri
1174 2341 1291 2420 iam-s

163 2457 232 2530 bici
259 2470 338 2530 est:
365 2457 498 2531 dehinc
521 2455 646 2531 Nemi)
666 2467 781 2554 poete
797 2457 911 2529 tribus
930 2456 1098 2530 trochaeis·
1112 2469 1265 2545 constat,

164 2573 258 2670 quod
277 2573 513 2672 “phallicum
532 2599 714 2662 vocamus,
741 2599 808 2645 nec
834 2573 1028 2670 quicquam
1056 2571 1171 2643 oberit
1194 2582 1266 2642 tro-

164 2688 264 2762 chaeo
283 2688 380 2786 quod
399 2715 566 2788 suprema
583 2689 690 2786 longa
707 2701 774 2778 est,
792 2687 905 2786 ‘quod
926 2714 1068 2787 semper
1086 2687 1121 2760 in
1136 2685 1264 2760 metris

163 2805 417 2896 indifferenter,
449 2805 541 2878 sieut
571 2803 733 2904 superius
759 2803 930 2893 diximus,
956 2803 1112 2904 ponitur.
1175 2803 1264 2876 'I’res

163 2919 304 2992 iambos
318 2946 400 2992 cum
421 2921 557 3019 syllaba
574 2934 612 2994 et
628 2935 699 2994 tres
716 2919 902 2994 trochaeos.
926 2931 945 2982 ⁸
950 2919 1049 3019 Ergo
1067 2917 1135 2992 erit
1149 2917 1292 3016 primas

162 3059 257 3134 pars,
275 3033 313 3107 id
332 3049 397 3124 est,

315 3148 464 3223 Malum
481 3149 619 3223 dabunt
637 3147 786 3224 Metelli

162 3265 256 3352 talis,
273 3265 390 3364 qualis
408 3278 475 3354 est,

314 3381 435 3454 Adest
451 3379 546 3454 celer
562 3377 756 3453 Plraoelua.

203 3556 233 3595 m
246 3565 383 3614 creterras
396 3557 480 3636 plana
493 3559 524 3615 P.
566 3555 637 3614 Mox
651 3554 802 3613 delendum
820 3575 879 3632 que.
1014 3553 1154 3614 οΝονειη
1169 3555 1261 3632 lovis]

161 3638 356 3696 Noveimores
369 3640 402 3696 P.
500 3635 651 3716 aprinos]
667 3635 776 3713 primus
792 3637 823 3694 P.
955 3633 1091 3711 eposio]
1110 3635 1218 3714 positos
1233 3638 1264 3696 P.

161 3729 190 3761 ee
204 3717 386 3797 phalecium]
401 3717 571 3795 phalecium
587 3718 618 3774 P.
633 3715 688 3795 leg.
703 3715 865 3794 phallicunr.
972 3712 1087 3794 'quoin
1100 3715 1149 3794 qui
1164 3715 1265 3794 supina

162 3795 267 3878 lohgae
280 3795 320 3878 ‘ld
336 3799 366 3856 P.
448 3799 561 3878 sergo]
579 3797 612 3855 ei:
627 3797 659 3855 P.

205 3971 232 4010 2.
247 3953 398 4027 creterras]
419 3951 476 4011 Hic
492 3961 627 4010 creterras
648 3970 693 4008 re·
735 3951 809 4009 clreo
830 3953 928 4008 alliena
951 3952 1044 4024 longa,
1069 3954 1142 4026 qaod
1161 3971 1266 4028 semper

162 4033 320 4112 posuimus,
343 4053 409 4091 cum
433 4046 517 4092 antea
544 4032 693 4112 legeretur,
736 4035 764 4088 ia
785 4033 878 4088 metris
898 4031 1085 4106 indifferenter
1097 4034 1168 4088 deut
1183 4052 1264 4108 aupe-

162 4133 217 4172 oere
232 4122 331 4171 terror.
356 4111 492 4171 COMM.
736 4115 794 4169 rina
806 4113 932 4179 dirlmm,
945 4113 1069 4187 ponitur.
1093 4113 1185 4170 llobel
1199 4133 1265 4188 ergo

204 4209 232 4271 5.
248 4196 336 4252 oberit
351 4195 480 4269 trocheo]
495 4195 623 4270 Apparet
633 4212 695 4250 esse
738 4199 792 4249 lres
807 4192 908 4248 iambos
921 4199 972 4250 ele.
996 4191 1146 4249 CAMER.
1198 4195 1263 4268 Syl·

162 4274 257 4334 locum
275 4273 449 4340 mutilatum,
464 4275 512 4332 scd
534 4286 578 4330 eet
594 4291 693 4330 sensus
735 4273 799 4330 laba
814 4273 896 4346 longo
907 4289 1020 4349 nempe,
1035 4283 1064 4328 ct
1075 4273 1135 4330 haec
1149 4273 1206 4330 duo
1217 4293 1264 4330 ro·

163 4368 194 4414 et
211 4357 331 4412 fortasse
350 4355 488 4433 scriptura
508 4372 621 4433 quoquc
640 4353 694 4411 luit
735 4352 835 4410 cabula
850 4353 946 4410 deesse
961 4351 1099 4410 ridentur.
1122 4353 1255 4412 coMM.

164 4434 280 4504 auroris.
295 4435 355 4493 Nec
375 4437 520 4510 quicquam
534 4436 620 4492 oberit
636 4442 693 4491 lro-
