3124 5120
295 392 364 456 lot
677 373 798 450 Marii
817 372 1006 450 Victorini
1239 399 1314 450 ara.
1332 401 1390 450 ιιι.

291 561 408 636 Graeci
427 571 634 646 sanxerunt,
652 585 698 631 ne
723 583 804 656 para
820 557 1004 644 orationis,
1021 571 1085 631 aut
1102 585 1221 632 sermo
1240 559 1390 660 integer,

290 677 366 750 ullo
399 675 498 750 verbi
532 672 684 747 discidio
718 672 980 748 interveniente
1013 672 1272 774 sejungeretur,
1297 689 1391 748 tam·

289 817 412 891 quam,

440 904 551 978 Forte
567 903 634 976 rub
647 911 786 1000 crgrrtc
804 902 1015 976 consederat

289 1019 552 1093 ¹‘tetrametrua
604 1017 786 1114 Sequitur,

438 1133 523 1207 ilice
540 1133 726 1230 Dcpltnir.

261 1249 376 1332 4Hoc
393 1275 536 1324 comma
553 1247 747 1322 dimetrum
766 1247 909 1346 epicum
929 1263 1198 1348 nuncuparunt.
1250 1251 1357 1339 Item,

443 1361 651 1438 Onndelir
668 1363 781 1436 Aleti
797 1361 893 1436 citit
907 1388 989 1438 mec

288 1477 432 1568 dehinc,

440 1591 616 1668 Camino
634 1617 754 1665 curce.

288 1707 399 1782 Unde
420 1706 580 1803 intellegi
603 1703 709 1778 datur
734 1704 939 1778 bucolicum
966 1729 1111 1778 carmen
1138 1731 1200 1778 seu
1228 1718 1382 1780 metrum

287 1847 332 1895 ex
350 1819 547 1894 tetrametri
564 1845 686 1892 versus
703 1819 932 1918 copulatione
957 1820 1160 1894 subsistere.
1212 1821 1328 1919 Igitur
1345 1821 1384 1893 hi

287 1934 485 2010 tetrametri
505 1935 614 2006 heroo
641 1933 850 2008 hexametro
867 1935 1021 2008 subnexi
1040 1935 1168 2008 scitam
1187 1935 1382 2009 admodum

286 2049 443 2151 epodum
463 2047 681 2122 carminibus
699 2048 848 2136 dabunt,
865 2061 905 2120 ut
921 2049 1017 2148 apud
1036 2050 1244 2139 Horatium,

336 2164 409 2240 Nil
424 2163 687 2261 despuendam
702 2162 862 2236 ¹Tencro
879 2164 971 2238 duce
987 2173 1024 2238 et
1040 2166 1188 2263 uurpr'ce
1207 2165 1357 2238 Teucro.

285 2281 446 2366 Dehinc,

337 2395 470 2470 Certus
486 2391 583 2466 enim
596 2393 763 2490 promisit
778 2391 925 2490 Apollo.

258 2513 406 2594 stuoe
416 2507 561 2606 dactylo
573 2505 663 2606 pede
674 2507 794 2580 clausa
805 2507 1074 2596 Alcmanicum‚
1085 2507 1246 2608 spondeo
1260 2519 1382 2580 autem

285 2623 559 2699 Archilochium
588 2634 743 2694 metrum
770 2619 914 2695 efficiet.
968 2621 1069 2696 Huic
1096 2621 1125 2696 si
1154 2621 1245 2694 duos
1272 2620 1381 2720 pedes

285 2740 384 2814 heroi
408 2735 610 2811 hexametri
635 2735 881 2834 praeposueris,
899 2737 997 2810 velut
1013 2738 1052 2811 in
1068 2736 1184 2810 medio
1199 2736 1299 2824 milri,
1315 2735 1383 2808 erit

284 2881 331 2928 ex
348 2867 557 2929 tetrametro
574 2851 782 2924 hexameter
799 2851 892 2940 talis,

387 2969 432 3042 ln
449 2967 564 3042 medio
580 2966 671 3039 milri
686 2974 807 3038 certtrs
825 2967 920 3038 enim
932 2965 1103 3063 promisit
1118 2965 1264 3062 Apollo.

285 3083 338 3158 Hi
357 3082 553 3158 tetrametri
571 3080 715 3180 tragicis
736 3079 854 3154 choris
873 3107 894 3153 a
918 3079 1101 3180 plerisque
1118 3081 1328 3169 miscentur,
1345 3095 1383 3154 et

283 3199 483 3273 continuati
519 3221 779 3293 nonnunquam
810 3196 961 3270 nchoros
988 3195 1184 3294 explicant,
1215 3210 1256 3270 ut
1285 3193 1380 3295 apud

284 3314 525 3412 Pomponium
545 3310 754 3410 reperimus,

433 3425 601 3500 Pendeat
619 3449 664 3498 ec
680 3423 842 3498 lammis
860 3423 976 3498 dulcia
993 3422 1126 3523 chelys,

434 3542 487 3616 Et
503 3565 671 3612 numerus
690 3539 773 3612 edat
788 3539 920 3628 curios,
937 3537 1067 3639 quibus

433 3655 599 3730 Adronet
615 3679 720 3728 omne
734 3655 857 3728 vireu
874 3653 950 3727 lote
966 3677 1104 3728 nonus.

253 3791 270 3844 6
286 3773 355 3846 His
373 3797 518 3870 quoque
536 3771 565 3844 si
584 3771 628 3844 ad
646 3771 825 3844 extimum
851 3768 997 3866 adjicias
1023 3769 1125 3842 binos
1151 3767 1273 3868 pedes,
1290 3767 1381 3841 inte-

282 3913 384 3986 grum
405 3887 655 3960 hexametrum
672 3883 719 3958 de
737 3883 865 3958 mutilo
882 3883 1035 3960 efficies:
1062 3883 1132 3956 hoc
1150 3881 1271 3972 modo,

333 4000 502 4074 Pendeat
519 4023 563 4072 ec
580 3999 741 4072 humeris
759 3997 876 4072 dulcis
893 3997 1015 4098 chelys
1032 4007 1121 4096 opta
1139 3997 1289 4086 choreis,

333 4116 385 4190 Et
401 4142 570 4190 nummos
587 4115 672 4190 edat
688 4114 821 4199 υανὶοι,
839 4111 969 4212 quibus
986 4139 1065 4186 ecce
1075 4112 1326 4211 propinquum

331 4233 498 4306 Adronet
515 4257 619 4306 omne
633 4231 757 4306 virens
775 4229 849 4304 late
866 4255 1003 4318 nemus,
1018 4228 1315 4329 aruaquejuctu.

321 4405 544 4482 ¹‘tetrametrum
562 4415 757 4464 tetrametrum
773 4403 805 4460 P.
906 4400 916 4446 ¹
929 4403 1041 4460 Teucro
1055 4401 1291 4474 duce-Teucro]
1307 4401 1380 4460 duce

280 4485 533 4546 Teucro—Teucri
548 4487 580 4544 P.
662 4495 687 4529 Ν
701 4485 788 4558 Quae]
805 4481 854 4560 qui
869 4483 900 4541 P.
983 4483 1129 4557 nchoroa]
1147 4483 1249 4540 chorus
1263 4483 1295 4539 P.
