3124 5120
167 418 254 470 cnr.
268 412 304 470 2.
425 394 489 470 De
505 395 643 472 Metris
656 423 726 496 per
742 397 931 496 συμπάθειαν
949 398 1016 496 850.
1206 412 1274 489 ¹³9

171 656 279 738 CAP.
298 654 355 736 ll.
405 657 471 738 De
490 657 646 740 Metrt's
657 686 738 768 pet·
758 656 973 763 συμπάθειαν
989 672 1029 740 et
1047 656 1262 740 rirrrnfflnar

509 785 616 868 inter
633 813 677 868 se
695 785 930 891 conjunctis.

216 942 395 1016 Dicemus
421 943 533 1042 igitur
554 945 600 1018 dc
626 945 750 1017 mixtis
768 971 810 1018 ac
828 959 954 1018 mutua
972 943 1196 1018 connexione
1214 971 1269 1016 so-

166 1058 272 1133 ciatis
299 1072 496 1132 metrorum
522 1060 724 1159 generibus,
742 1085 896 1157 quorum
923 1059 1085 1132 bifariam
1110 1058 1200 1131 ratio
1217 1058 1271 1132 di-

168 1175 369 1274 spergitur:
396 1201 553 1274 namque
579 1177 648 1248 alia
674 1189 916 1249 consentanea
935 1191 971 1247 et
989 1175 1099 1248 veluti
1118 1187 1271 1273 cognata

167 1290 263 1364 inter
296 1317 335 1363 se
363 1290 501 1364 ratione
523 1292 740 1392 junguntur,
771 1292 840 1365 alia
868 1316 914 1364 ex
944 1289 1154 1363 dissidentia
1184 1317 1270 1363 con-

167 1405 298 1489 trariu
326 1432 408 1503 quae
435 1407 551 1480 Graecl
569 1409 651 1481 raris
668 1411 855 1500 συμπάθειαν
871 1403 923 1479 καὶ
940 1407 1130 1478 &navatem
1147 1401 1270 1504 appel-

169 1522 257 1594 lant.
309 1521 427 1594 Erunt
444 1548 530 1621 ergo
555 1549 620 1622 per
642 1527 839 1618 συμπάθειαν,
854 1521 891 1594 id
918 1535 972 1594 est
998 1547 1062 1620 per
1083 1533 1298 1593 conuenta-2

169 1661 279 1708 neum
305 1639 488 1722 affectum,
507 1638 629 1711 mixtae
653 1639 747 1712 inter
769 1665 807 1710 se
829 1637 992 1710 iambicae
1010 1637 1135 1709 rbases
1152 1636 1265 1709 chori·

169 1749 323 1823 ambicis
338 1765 374 1822 et
392 1751 652 1850 antispasticis:
679 1780 762 1827 nam
782 1752 949 1851 quotiens
963 1751 1188 1850 copulantur,
1202 1751 1269 1824 sub

168 1891 399 1964 quacumque
416 1866 511 1952 sede,
528 1867 648 1942 videas
666 1869 777 1941 veluti
796 1893 839 1940 ex
859 1894 930 1941 una
951 1867 1076 1940 eadem
1096 1868 1215 1967 specie
1234 1867 1267 1940 id

169 1982 414 2080 compositum
446 1998 602 2058 metrum
631 1998 723 2058 stare
746 1997 783 2056 ct
806 1984 926 2081 ‘quasi
958 1983 1148 2072 uniforme,
1172 1983 1269 2080 quod

170 2099 317 2192 μονοειδὲς
335 2097 455 2172 Graeci
473 2099 610 2190 dicunt,
628 2099 840 2200 procedere:
862 2098 1010 2195 adaeque
1027 2113 1063 2171 et
1081 2099 1270 2172 trochaicae

170 2215 296 2288 ⁸bases
314 2213 440 2288 ionicis
467 2216 543 2314 pari
567 2216 802 2289 consensione
820 2215 1013 2304 sociantur,
1031 2242 1113 2288 curn
1133 2215 1271 2315 epiplo-

171 2355 309 2417 earum,
325 2355 413 2427 quas
440 2331 686 2429 amplexiones
713 2343 910 2403 metrorum
935 2330 1104 2418 diximus,
1122 2329 1271 2403 bmutua

172 2445 266 2518 inter
294 2471 332 2516 se
361 2445 585 2519 successione
613 2445 804 2519 variantur.
856 2445 1015 2518 Etcum
1049 2471 1119 2516 non
1153 2446 1297 2518 solums

170 2563 367 2634 trochaeum
387 2574 424 2634 et
442 2561 657 2634 solutionem
684 2561 759 2656 ejus
776 2561 997 2659 tribrachyn,
1016 2559 1078 2632 scd
1104 2573 1141 2631 et
1164 2585 1270 2657 spon·

171 2676 279 2750 deum
308 2701 391 2748 cum
420 2675 493 2748 suis
519 2675 769 2765 solutionibus,
791 2674 826 2747 id
852 2688 906 2748 cst
929 2673 1113 2773 dactylum
1133 2686 1170 2745 et
1188 2699 1269 2745 ana·

174 2803 341 2890 paestum,
358 2790 557 2881 ⁰admittat,
574 2805 696 2864 tamen
715 2789 909 2864 uniformia
926 2803 1039 2861 metra
1057 2787 1271 2876 sentiuntur,

170 2933 255 2980 cum
273 2932 318 2979 ex
336 2906 515 2980 similibus
532 2923 569 2981 et
585 2907 821 2981 familiaribus
847 2905 998 3005 pedibus
1024 2904 1070 2974 sit
1092 2903 1158 2974 ista
1184 2929 1270 2975 con-

165 3021 319 3119 junctio.
370 3022 546 3095 Similiter
561 3023 748 3122 dactylicis
774 3020 990 3122 anapaestico
1008 3017 1192 3091 incidunt:
1220 3029 1300 3106 ut,4

321 3138 440 3212 Ama
455 3139 643 3239 virumque
661 3165 761 3212 cono.

170 3251 320 3326 Etenim
338 3253 484 3350 adjectis
502 3255 641 3328 duabus
659 3253 838 3339 brevibus,
857 3265 898 3322 ut
915 3277 1022 3348 supra
1035 3247 1271 3338 ostendimus,

171 3370 236 3442 fiet
253 3370 509 3468 anapaesticum
527 3397 591 3471 per
609 3371 807 3466 συμπάθειαν,
824 3366 887 3451 sie,

322 3483 423 3556 Ades
439 3511 545 3558 arran
560 3486 753 3586 virumque.
767 3507 866 3554 cano.

172 3597 255 3678 Qua
273 3595 517 3670 vicissitudine
538 3613 637 3670 etex
655 3594 845 3671 trochaicis
872 3593 1026 3666 iambica
1052 3607 1089 3665 et
1112 3619 1156 3665 cx
1185 3621 1269 3666 ana-

171 3711 327 3813 paestieis
345 3709 521 3812 dactylica
540 3728 654 3787 metra
669 3713 764 3785 inter
781 3737 818 3783 se
836 3709 1047 3784 formantur.
1100 3711 1167 3782 Per
1188 3712 1297 3789 dna-5
1372 3778 1377 3786 ,

170 3825 294 3899 adtexas
310 3853 405 3912 vero,
422 3826 459 3899 id
483 3841 537 3900 cst
559 3855 624 3927 per
645 3827 863 3901 contrarium
883 3825 1071 3900 “affectum
1100 3853 1162 3900 seu
1189 3853 1270 3926 pas-

172 3941 321 4032 sionem,
331 3942 551 4042 ⁰junguntur
561 3971 602 4018 ea
615 3969 768 4042 quorum
783 3943 876 4014 inter
888 3969 926 4014 se
937 3942 1123 4016 contrarias
1134 3942 1270 4041 specics

212 4153 227 4199 t
242 4089 337 4218 bader]
355 4141 430 4200 basis
444 4143 475 4201 P.
599 4153 613 4186 ¹
627 4142 721 4220 quasi]
738 4140 840 4220 quibus
854 4143 886 4200 P.
1005 4153 1021 4185 ⁸
1034 4143 1130 4217 bases]
1148 4142 1224 4201 basis
1237 4143 1269 4202 P.

171 4220 188 4267 b
202 4225 316 4298 mutuo]
335 4235 434 4281 mutua
449 4221 480 4281 P.
576 4232 590 4266 θ
604 4221 748 4296 admittat]
762 4221 891 4282 admittit
905 4223 936 4282 P.
1036 4219 1212 4298 tanetum]
1229 4223 1271 4281 el-

173 4304 277 4363 lectum
292 4304 323 4362 P.
405 4303 569 4382 ejungunt]
582 4307 742 4383 junguntur
757 4304 787 4362 P.

242 4526 252 4564 r
271 4507 436 4567 dissidentia
449 4505 600 4582 contraria]
616 4507 689 4566 forte
702 4509 842 4564 dissidenti
856 4514 882 4564 et
897 4507 1046 4566 contrario.
1069 4505 1201 4566 COMM.

691 4623 715 4671 Τ
733 4617 754 4675 2
