3012 5084
53 320 57 357 ⁵
125 371 185 423 eu.
200 367 232 424 t.
484 351 548 426 De
567 350 862 451 orthographia.

202 537 234 613 Q
249 562 475 609 consonans
498 550 599 610 muta
617 533 744 634 rigida.

196 653 468 726 Reonsonans
489 651 717 725 semivocalis
734 649 985 724 immutabilis.

196 768 228 841 S
238 795 463 842 consonans
484 767 711 840 semivocalis
730 765 859 838 facilis.

201 885 239 956 Τ
246 912 474 958 consonans
494 898 598 956 muta
615 881 797 980 spiritalis.

198 996 238 1070 V
248 999 392 1071 voculis
412 998 607 1071 interdum
625 1023 840 1070 consonans.

195 1111 238 1183 X
249 1140 479 1186 consonans
499 1113 726 1186 semivocalis
743 1111 890 1210 duplex.

196 1225 395 1302 t'vooetis
417 1230 567 1302 Groeca.

196 1343 231 1414 Z
243 1371 471 1418 consonans
491 1344 715 1417 semivocalis
733 1344 861 1417 Graeca
877 1343 1024 1443 duplex.

115 1455 191 1528 ttet
207 1460 238 1531 S
251 1461 395 1534 litterae
424 1459 527 1560 apud
554 1461 721 1556 antiquos
747 1487 980 1534 communem
1010 1475 1220 1560 potestatem

115 1569 293 1666 habebant,
328 1577 482 1666 Athos,
507 1575 620 1666 labos,
647 1576 781 1659 bouum
819 1603 927 1664 nunc,
960 1577 1081 1664 orbor,
1110 1575 1224 1664 totu,

320 1895 440 1975 Car.
463 1891 540 1972 IV.
586 1893 677 1974 ⁸De
699 1891 1013 2001 Orthogrophio.

157 2037 268 2114 Nunc
284 2043 472 2141 quoniam
491 2068 547 2115 res
566 2041 765 2131 admonuit,
782 2070 853 2116 uon
872 2043 1066 2118 absurdum
1084 2043 1227 2118 videtur

118 2149 155 2224 de
170 2153 480 2259 bOrtbograpbia
502 2159 627 2257 paucis
645 2159 810 2244 scribere,
828 2159 882 2232 vel
900 2160 1089 2258 Analogia.
1127 2159 1226 2232 eErit

121 2266 232 2366 itaque
258 2274 297 2346 in
326 2274 515 2374 principio
530 2273 738 2360 dicendum,
755 2275 1061 2372 quemadmodum
1086 2274 1224 2372 antiqui

124 2386 334 2484 scripserint,
374 2389 509 2462 dehinc
542 2389 630 2488 quid
666 2417 764 2464 nunc
797 2391 993 2464 debeamus
1026 2393 1224 2464 observare.

125 2499 372 2580 consonantes
398 2505 536 2578 litteras
561 2531 634 2578 non
660 2505 904 2602 geminabant,
926 2521 966 2578 ut
992 2507 1028 2578 in
1058 2507 1126 2594 his,
1148 2505 1250 2578 Art-2

130 2617 209 2706 riu,
232 2619 463 2706 ‘Lucullus
491 2619 706 2706 Marcellus,
731 2619 941 2710 Memmius,
961 2635 998 2694 et
1023 2635 1142 2694 cetera
1171 2619 1226 2690 bis

130 2729 258 2824 similia,
285 2737 354 2810 sed
376 2764 486 2835 supra
511 2736 680 2822 litteram,
704 2763 811 2834 quam
840 2737 1015 2836 geminari
1038 2735 1228 2834 oportebat

135 2847 264 2940 seilicet,
279 2852 475 2926 Sicilicum
504 2851 752 2950 imponebant,
770 2851 872 2947 cujus
898 2853 1013 2948 figura
1039 2851 1117 2922 bac
1141 2861 1227 2936 ἀί,

145 2967 201 3050 ll,
216 2967 325 3066 idque
339 2981 418 3039 erat
430 2967 572 3066 signum
585 2965 805 3066 geminaudi,
817 2967 910 3040 sicut
923 2983 1072 3066 apparet
1085 2967 1120 3038 iu
1137 2965 1228 3040 mul-

138 3077 176 3148 lis
200 3084 317 3158 adhuc
347 3085 529 3156 veteribus
557 3083 607 3156 ita
635 3083 774 3180 scriptis
805 3082 924 3156 libris:
956 3081 1078 3154 ‘iidem
1110 3109 1225 3172 voees,

136 3219 207 3289 quae
233 3199 411 3300 pressiore
434 3225 522 3270 sono
550 3197 788 3286 &educuntuu
811 3224 933 3282 ausus,
958 3223 1078 3289 rausa,
1092 3197 1224 3300 sirau,

171 3384 185 3416 ¹
199 3377 240 3436 De
252 3376 480 3456 orthographia]
499 3377 542 3435 De
556 3375 736 3456 ortograpbia
751 3379 781 3434 P.
870 3374 887 3418 ὓ
901 3377 1112 3456 orthographia]
1129 3379 1225 3435 ortho-

136 3457 245 3536 guptya
259 3461 292 3517 P.
390 3459 482 3530 eEst]
501 3457 563 3515 Erit
577 3459 607 3514 P.
699 3455 876 3522 duonum,
890 3457 1059 3531 Memmius]
1079 3458 1223 3524 Lucullus,

136 3533 287 3604 Marcellus,
303 3537 461 3595 Memmius
476 3539 509 3595 P.
565 3549 646 3603 eeut,
681 3537 772 3612 quod]
788 3543 884 3604 esttt
909 3536 992 3614 idque
1007 3539 1036 3596 P.
1097 3535 1221 3614 fiidenv]

137 3613 200 3674 idem
216 3621 245 3678 P.
321 3617 496 3691 ereduntur]
512 3617 672 3676 educuntur
687 3619 718 3674 P.

171 3786 185 3824 a
205 3769 371 3842 sicilicum]
392 3767 500 3825 Deerm
520 3780 589 3826 nota
613 3765 657 3824 Si·
697 3779 756 3824 tate
769 3765 949 3826 solummodo
959 3766 1181 3846 distinguuntur,
1194 3779 1225 3825 ut

137 3845 206 3916 cilici,
223 3849 314 3927 paulo
332 3859 397 3924 post
414 3848 655 3916 dstieadicitur.
696 3860 763 3904 sunt
804 3865 844 3903 ea
887 3866 958 3924 ques
997 3848 1223 3906 memoravimus.

136 3927 298 4008 Accipienda
311 3941 407 3985 alitem
426 3941 493 3985 uota
506 3929 655 4006 longamm
697 3926 848 3984 CAMER.

136 4011 261 4068 vadium
287 4027 339 4086 pro
363 4027 419 4084 qtta
440 4021 547 4068 veteres
571 4010 656 4067 docet
734 4007 773 4066 ib.
803 4007 859 4066 Hic
888 4005 990 4064 Sieilici
1020 4007 1108 4086 ligura
1134 4009 1224 4078 abest,

136 4087 320 4149 Quintilianus
330 4091 488 4166 geminasse
497 4087 657 4156 vocales,'ut
697 4107 761 4164 qua
774 4087 847 4163 apud
867 4089 973 4144 Bedam
995 4086 1035 4144 sic
1055 4087 1221 4165 pingitur]:

128 4167 203 4239 seclis
217 4191 272 4248 pro
279 4169 359 4245 felir
371 4169 534 4233 scriberent,
549 4171 657 4226 moolus
698 4168 773 4246 apud
786 4167 963 4226 Demetrium
977 4167 1157 4226 Alabandum
1172 4173 1224 4238 sic,

136 4255 287 4323 promotus.
301 4251 569 4326 pauluspropolua.
591 4249 656 4308 Hoc
698 4267 739 4322 γ
763 4247 831 4306 alias
855 4261 883 4310 i.
920 4249 1021 4324 Syrum
1045 4267 1148 4306 nornen
1170 4263 1223 4308 est.

136 4331 202 4407 apice
238 4331 313 4388 idem
343 4341 425 4386 autor
453 4343 512 4387 tum
541 4331 655 4388 demum
699 4329 783 4386 Hanc
804 4333 887 4396 ἁπλῆν
909 4347 1032 4386 aversam
1056 4341 1153 4404 postea
1173 4349 1223 4406 ap·

136 4423 220 4469 censet
243 4409 393 4476 utendum,
415 4429 480 4466 cum
501 4409 656 4468 similitudo
697 4409 784 4487 pellut
799 4407 969 4466 Victorinus.
992 4407 1122 4466 COMM.

137 4489 217 4568 aliqua
230 4505 274 4550 est
288 4491 449 4548 dictionum
464 4511 526 4566 quae
543 4493 655 4569 quanti·
