3012 5084
52 322 56 361 l

120 331 179 380 cu.
194 329 226 383 4.
480 315 543 388 De
561 315 852 417 orthographia.
1192 335 1216 406 9

117 497 273 591 mem
323 495 417 571 Nec
459 499 577 573 solum
614 499 750 572 litteras
780 499 987 588 eximimus,
1014 501 1078 574 sed
1108 525 1242 574 roceas

113 633 232 706 qnoque
256 611 360 712 ipsas
393 629 688 698 commutamus,
711 630 753 688 ut
776 641 861 688 cum
885 613 1025 688 dicatur
1050 641 1153 688 nemo
1177 631 1213 690 et

111 724 224 812 nullu,
240 753 286 800 ex
305 729 459 826 quibus
484 731 582 830 prior
598 757 669 802 vox
688 729 733 802 ad
756 731 920 804 homines
937 733 1032 804 solos
1058 733 1214 832 pertinet

108 863 381 939 mquorum
413 845 640 941 'genitivum
659 871 783 918 casum
812 847 913 918 aliter
929 871 1039 943 quam
1065 875 1131 920 nos
1155 875 1214 920 ve-

106 967 183 1026 teres
218 959 471 1033 extulerunt:
515 961 650 1034 nemim
683 962 781 1034 enim
824 977 861 1033 et
899 961 994 1034 nulli
1034 961 1214 1038 dixerunt.

105 1067 197 1155 Item,
213 1073 315 1146 ὀοιιω
337 1087 357 1120 ⁸
351 1075 508 1176 sinigas
525 1101 683 1174 quoque,
701 1102 765 1148 nos
792 1076 885 1150 boam
896 1073 1029 1176 frugi,
1051 1079 1243 1174 quamvisa

104 1187 231 1260 nullum
258 1217 411 1266 nomen
443 1193 626 1292 singulare
645 1191 819 1264 Latinum
847 1217 910 1288 per
936 1193 1060 1266 omnia
1084 1219 1216 1292 genera

105 1327 341 1404 numerosque
367 1334 505 1380 omnes
531 1323 567 1379 et
592 1335 657 1406 per
683 1334 784 1380 casus
807 1309 822 1378 i
848 1307 967 1380 littera
993 1311 1216 1394 terminetur,
1340 1386 1343 1392 ,

103 1429 229 1490 tantum
249 1423 401 1496 omissa
419 1437 525 1522 parte
542 1423 619 1519 ejus
637 1423 753 1498 solum
763 1419 887 1524 frugi
908 1423 1109 1496 scribimus.
1145 1423 1216 1496 Sed

105 1557 161 1602 nos
184 1561 285 1608 nunc
313 1553 357 1610 et
386 1537 599 1627 ademtam,
625 1553 661 1610 et
687 1539 795 1636 apud,
819 1539 931 1638 perd
951 1537 1084 1635 potius,
1106 1563 1214 1635 quam

103 1671 159 1740 per
173 1647 212 1720 bt
232 1651 467 1740 scribamus,
483 1663 668 1726 otrentum
686 1668 723 1726 et
740 1665 853 1751 aput:
881 1669 918 1727 et
935 1653 1102 1752 linguam
1122 1679 1187 1752 per
1205 1652 1220 1724 l

103 1763 227 1857 potius,
252 1793 378 1863 quam
402 1795 472 1868 per
495 1769 521 1842 d
529 1799 542 1841 .·
575 1770 785 1867 presidium
810 1797 874 1870 per
899 1769 925 1842 d
949 1769 1080 1868 potius,
1105 1795 1214 1866 quam

105 1879 203 1972 pert
240 1883 454 1958 Hactenus
470 1899 591 1958 autem
609 1899 647 1958 et
664 1885 777 1974 lodie,
795 1911 867 1957 non
888 1899 927 1958 ut
943 1885 1096 1980 antiqui,
1112 1885 1217 1958 ‘ltue-
1234 1913 1262 1948 ιο

108 2002 260 2082 edemus,
283 1998 499 2074 dtoccedie.
541 2001 592 2074 Et
616 2000 725 2074 eilluc
749 2000 883 2100 potius,
909 2027 1019 2097 quarn
1044 1997 1120 2072 illo.
1166 1998 1216 2072 Et

107 2129 165 2202 pto
189 2109 367 2203 Ιαιιαὺνο,
398 2115 520 2215 potius
549 2114 734 2189 flabrum:
764 2115 885 2202 εἰηιιιὶ,
919 2143 991 2188 ιιοιι
1020 2113 1153 2188 setnel:
1181 2127 1217 2187 st

110 2220 343 2320 Alemonam,
355 2257 467 2328 quam
485 2229 751 2304 Alcumenam.-
770 2230 1010 2320 Alcmeom,
1022 2255 1132 2328 quam
1147 2228 1218 2302 Al·

111 2345 341 2418 αιιηὸοιιειιιε
386 2343 613 2418 Tecmesrcm
647 2346 778 2444 potius,
805 2372 915 2444 quam
951 2345 1160 2446 interposita
1192 2372 1216 2417 u

118 2451 383 2536 Tecumessam.
437 2465 490 2535 Et
519 2463 580 2536 ubi
609 2461 762 2534 duarum
797 2459 1071 2534 consonantium
1107 2487 1215 2534 sonus
1232 2489 1257 2525 ιι

116 2577 284 2664 permutet
312 2603 433 2664 aures,
461 2591 501 2650 ut
526 2578 562 2649 in
588 2575 762 2662 sabbatis,
784 2575 912 2664 succis,
929 2573 1049 2675 effert,
1070 2573 1218 2675 effigit,

108 2681 221 2780 fallit,
242 2693 392 2794 gallus,
408 2691 540 2781 vallus,
560 2691 762 2776 macellum,
785 2687 921 2778 nullus,
942 2689 1111 2786 pallium,
1129 2687 1219 2760 Pul·

126 2797 180 2890 lua,
202 2835 265 2906 ρει·
289 2809 369 2882 duo
394 2807 419 2894 l,
446 2807 540 2880 sicut
561 2833 625 2906 per
645 2807 717 2881 duo
740 2833 776 2892 ιι,
802 2831 949 2894 amum,
974 2817 993 2866 ὅ
1001 2802 1168 2891 Cinnam,
1184 2817 1219 2876 et

125 2917 250 2999 similia.
291 2925 357 2998 Sic
380 2939 418 2995 et
438 2949 503 3022 per
523 2922 596 2995 duo
616 2949 656 3020 ρ,
679 2931 911 3020 apparatum,
936 2917 1132 3016 huppem.-
1158 2943 1220 3016 ρει
1235 2943 1262 2978 ¹²

128 3027 190 3107 duo
203 3066 233 3128 r,
249 3039 493 3125 Ari-mitium,
514 3037 555 3111 V
551 3063 689 3126 amum,
707 3038 836 3123 currit,
839 3033 1007 3136 serrum.
1046 3037 1138 3107 Item
1158 3061 1220 3133 per

125 3143 189 3221 duo
202 3181 232 3245 a,
255 3154 460 3240 assiduum,
481 3153 659 3240 Cassium,
671 3149 843 3251 fessum:
871 3165 908 3224 et
928 3177 992 3252 per
1016 3149 1088 3224 duo
1105 3159 1132 3239 t,
1149 3149 1219 3224 At-

128 3261 203 3356 tius,
221 3270 390 3358 Vastus,
407 3283 443 3341 et
462 3267 602 3340 similia
654 3267 753 3340 Nam
778 3281 819 3340 ut
836 3267 933 3340 color
949 3267 1136 3341 oculorum
1157 3265 1219 3362 ju·
1234 3300 1262 3346 ιι

128 3375 221 3470 elicio,
245 3411 359 3484 sapor
378 3383 501 3483 palati,
524 3383 612 3456 odor
636 3383 777 3457 narium
802 3381 1009 3472 dinoscitur,
1036 3383 1085 3455 ita
1110 3408 1219 3454 sonus

129 3498 256 3573 tarium
286 3497 435 3572 arbitrio
461 3497 643 3594 subjectus
666 3511 731 3571 est.
783 3497 969 3571 Clarorum
987 3511 1108 3572 autem
1127 3497 1221 3568 viro-

129 3633 210 3704 rum,
238 3641 332 3712 quos
361 3639 468 3712 supra
498 3614 693 3702 nominavi,
723 3613 1018 3688 consuetudinem
1049 3613 1087 3685 in
1122 3609 1221 3684 libris

128 3731 298 3830 repperire
315 3755 507 3830 possumus
520 3757 656 3804 eorum.
684 3730 880 3803 Scerntum
892 3727 999 3802 debet
1017 3725 1135 3810 scribi,
1149 3749 1221 3796 non
1237 3760 1265 3806 14

129 3857 325 3921 secatum:
351 3857 540 3921 sacratum
557 3861 677 3920 autem
704 3845 742 3916 in
760 3843 1019 3942 compositione
1036 3864 1223 3915 corasecrn·

128 3967 194 4036 lum
216 3963 320 4053 facit,
350 3989 415 4062 per
437 3989 456 4035 s
478 3977 515 4036 et
535 3989 566 4053 e,
587 3989 659 4035 non
685 3972 902 4062 peraeta.
954 3959 1015 4032 Sic
1039 3971 1077 4030 et
1099 3965 1221 4030 castus

160 4129 361 4209 ¹genitivum]
379 4127 540 4208 genetivum
557 4129 589 4187 P.
683 4122 810 4206 ⁸frugis]
829 4127 923 4204 fruges
937 4127 969 4183 Ρ.
1062 4121 1222 4181 l'tactibu-

128 4225 194 4278 nuu,
208 4221 356 4268 atvsnturu
371 4221 402 4268 et
415 4211 496 4286 aput]
512 4229 528 4265 r
541 4209 695 4268 scribamus
709 4221 853 4266 arventum
868 4219 896 4265 et
911 4225 981 4285 spur
995 4205 1025 4263 P.
1129 4215 1143 4246 θ
1157 4205 1222 4260 hac·

127 4291 250 4366 attenua]
266 4291 437 4350 hsoettenus
452 4289 486 4348 Ρ.
608 4287 624 4333 ‘¹
645 4289 793 4366 hoccedie]
812 4287 942 4347 hocetdis
959 4288 988 4343 Ρ.
1111 4283 1220 4357 eilluc]

128 4365 152 4426 ill
166 4371 195 4428 Ρ.
312 4369 464 4446 flabrum]
481 4372 575 4448 potius
588 4370 697 4428 labrum
712 4370 745 4426 Ρ.
861 4367 1036 4444 teynnam]
1053 4364 1177 4422 Cinnam
1189 4365 1221 4420 Ρ.

128 4447 142 4490 ἱ
154 4451 282 4531 lappam]
300 4453 418 4529 lappam
433 4451 465 4508 Ρ.

659 4567 680 4616 C
