3100 5142
302 395 377 476 336
658 391 775 468 Atilii
790 391 1053 466 Fortunalioni
1263 415 1360 462 aaa.
1380 415 1422 464 ιι.

274 581 497 684 suppellant.
541 577 601 653 De
626 577 829 654 sublatione
846 589 1035 652 econstant
1052 589 1089 650 et
1106 575 1287 674 positione
1315 576 1425 674 ‘quse

304 699 390 776 ersis
409 710 447 771 et
471 695 584 768 thesis
602 693 970 783 dicitur,⁸.¹1rmovi,
988 717 1035 766 ar
1051 692 1207 766 sublatio
1232 705 1288 764 est
1319 707 1424 765 tem·

303 839 431 914 porum
450 811 575 896 duum,
594 835 652 884 mn
665 810 703 884 vi
718 809 897 910 depositio
914 823 1120 910 temporum
1138 807 1265 881 duum.
1292 807 1426 882 Pedes

303 929 364 1026 qui
391 953 438 1003 ex
464 941 614 1024 utraque
640 941 741 1028 parte
766 926 866 1028 paria
888 939 1052 1026 tempora
1075 925 1211 998 babent
1232 921 1364 1020 ”ipsus
1387 939 1427 996 et

304 1045 377 1134 isos,
394 1043 472 1142 ¹qul
490 1041 683 1142 inaequalla
699 1043 838 1142 ripsross
856 1057 893 1116 et
908 1044 1030 1140 πάρισοι
1048 1040 1286 1142 appellantur.
1340 1039 1428 1112 De-

303 1159 436 1258 positio
452 1173 518 1248 est,
541 1185 612 1258 qua
633 1156 867 1259 lperspicitur
883 1183 956 1256 qua
982 1157 1102 1258 specie
1129 1169 1284 1230 metrum
1306 1157 1427 1229 finias

276 1289 373 1352 stur.
422 1274 671 1376 Depositionis
706 1301 836 1374 genera
870 1287 955 1348 sunt
985 1288 1174 1372 quattuor:
1210 1287 1273 1346 aut
1308 1273 1423 1346 enim

303 1393 563 1468 ¹¹acataleetum
591 1405 657 1480 est,
674 1390 821 1489 quando
838 1389 988 1490 plenum
1016 1401 1171 1464 metrum
1193 1388 1267 1462 sive
1283 1413 1425 1462 versus

304 1526 379 1586 est:
407 1525 470 1586 aut
486 1507 748 1594 catalecticum,
766 1506 912 1606 quando
929 1507 1067 1608 syllaba
1091 1504 1212 1580 deest:
1238 1519 1302 1579 aut
1331 1507 1425 1578 bra·

305 1626 608 1726 chycotalectum,
625 1623 771 1724 quando
796 1650 860 1723 pes
885 1621 1006 1698 deest:
1033 1635 1096 1696 aut
1123 1621 1423 1720 (hypercatalec-

305 1743 401 1836 tum)
415 1739 560 1839 quando
573 1767 638 1841 pes
650 1753 688 1814 et
701 1739 840 1838 syllaba
851 1737 963 1812 deest.
989 1737 1274 1834 (Acatalectom)
1286 1751 1347 1810 est
1361 1751 1422 1822 ut,

562 1857 775 1944 Aoetefintes
788 1855 910 1932 coemli,

304 1963 378 2038 duo
403 1964 499 2036 enim
527 1965 636 2062 pedes
661 1965 792 2065 integri
821 1965 1002 2065 integrum
1029 1977 1185 2039 metrum
1209 1963 1420 2048 dederunt,

308 2079 592 2178 (catalecticum)
613 2096 666 2171 ut,

564 2199 628 2272 Qui
642 2199 689 2262 sic
703 2219 818 2262 mansee
832 2197 964 2274 mellis,

306 2314 442 2414 syllaba
473 2313 574 2390 deest
601 2341 674 2414 quo
703 2315 823 2390 minus
851 2315 1031 2390 dimetron
1062 2316 1121 2390 sit.
1165 2314 1419 2415 (Hyperme-

306 2429 458 2528 lectum)
478 2445 529 2520 ut,

570 2547 665 2611 Vallis
673 2567 736 2634 per
750 2549 843 2624 imas,

278 2679 370 2756 opes
396 2670 433 2730 et
458 2657 596 2756 syllaba
620 2657 733 2746 deest,
762 2685 834 2756 quo
865 2658 985 2732 minus
1009 2657 1188 2732 dimetron
1216 2657 1274 2730 sit.
1327 2657 1417 2734 Has

307 2799 434 2846 omnes
453 2773 589 2873 species
607 2773 832 2848 inveniemus
850 2773 888 2848 in
910 2774 965 2848 his
989 2773 1124 2861 metris,
1146 2772 1239 2871 ¹quae
1265 2799 1329 2872 per
1353 2808 1418 2848 συ-

307 2884 412 2984 ζνγίας
430 2888 544 2978 basin,
562 2889 597 2962 id
621 2902 676 2962 est
693 2889 963 2988 ingressionem,
982 2889 1127 2962 babent.
1165 2890 1209 2962 In
1228 2888 1417 2987 dactylico

307 3031 402 3091 vero,
420 3007 476 3078 cui
506 3031 571 3078 nec
589 3031 652 3106 pes
676 3033 743 3080 nec
761 3006 898 3105 syllaba
919 3019 1037 3104 potest
1055 3006 1091 3082 in
1112 3005 1329 3105 ingressione
1345 3005 1416 3079 de-

307 3147 396 3207 esse,
415 3121 549 3222 quippe
567 3149 649 3196 cum
670 3121 746 3220 ejus
765 3121 990 3222 simplicibus
1009 3121 1161 3220 pedibus
1178 3121 1304 3195 mbasis
1322 3147 1418 3196 eon-

308 3251 390 3327 stet,
404 3264 476 3310 non
490 3237 559 3312 nisi
577 3243 811 3314 acatalectum
828 3237 987 3314 invenire
1002 3238 1221 3337 poterimus:
1247 3237 1329 3310 ideo
1346 3264 1415 3314 au·
1548 3220 1549 3255 l

308 3365 381 3424 tem
396 3351 574 3452 dactylica
597 3356 672 3428 sola
697 3355 922 3456 simplicibus
947 3353 1099 3456 pedibus
1125 3353 1415 3454 ”ingrediuntun

308 3465 478 3562 quoniam
498 3467 662 3568 dactylus
680 3483 716 3544 et
732 3469 913 3570 spondeus
939 3469 1183 3568 aequalitatem
1201 3483 1412 3570 temporum

350 3708 510 3780 ecoritiani]
527 3715 631 3766 comtos
647 3709 683 3766 V.
766 3709 891 3787 ‘qaue
904 3713 944 3788 el]
960 3733 1011 3789 qne
1025 3721 1052 3770 el
1065 3715 1102 3772 V.
1112 3711 1192 3772 Med.
1276 3715 1411 3790 ΕΔΜ]

309 3795 349 3845 est
363 3805 442 3844 anno
457 3787 493 3846 V.
562 3784 578 3828 h
593 3787 759 3866 aptioletici]
777 3795 894 3852 Vossius
908 3793 981 3872 apud
998 3795 1115 3852 Senten.
1131 3793 1166 3850 ad
1181 3793 1299 3853 Terent.
1314 3795 1410 3852 Maur.

310 3889 337 3946 p.
348 3886 397 3946 92.
408 3869 596 3945 Ἀρτιοληκτικοὶ
610 3881 639 3928 et
653 3889 718 3929 mox
731 3876 837 3950 πάρισοι.
906 3877 911 3913 ⁵
926 3879 973 3950 qui
986 3877 1126 3950 inequnlla
1137 3875 1234 3950 peritii
1247 3883 1275 3932 el
1285 3876 1409 3951 pariesi]

310 3969 363 4024 qao
377 3952 516 4026 inequalio
527 3952 646 4026 pepissos
660 3957 687 4007 el
698 3955 808 4027 pariens
821 3955 857 4012 V.
979 3951 990 4010 l
1002 3955 1181 4031 perspicitur]
1193 3957 1360 4032 prospicitur
1374 3957 1411 4012 V.

309 4027 520 4099 ὶὰκατάληποε
531 4037 570 4088 erl
585 4034 722 4104 quondam
742 4036 854 4108 plenam
875 4043 990 4094 metrum
1004 4039 1060 4094 rioe
1080 4055 1173 4094 versas
1192 4043 1240 4094 est.
1261 4045 1313 4096 oet
1326 4059 1412 4094 κατι-

309 4120 422 4178 ληκτικον
436 4119 476 4166 est
497 4118 527 4168 al
546 4121 625 4170 noete
637 4112 736 4190 sontes
749 4117 865 4173 cerulei.
887 4118 942 4174 dno
961 4118 1032 4174 enim
1049 4119 1132 4192 pedes
1152 4119 1254 4191 integri
1274 4121 1412 4192 integrans

310 4195 425 4245 metrum
440 4192 572 4250 dederant
585 4197 752 4264 καταλητικὸν
766 4203 797 4254 nl
812 4197 858 4271 qni
872 4215 968 4255 monas
989 4199 1096 4256 tenellis
1108 4201 1182 4256 deest
1196 4216 1250 4272 qao
1262 4201 1351 4256 mbos
1366 4199 1411 4254 di·
1431 4213 1434 4218 ·

310 4276 426 4326 metrum
440 4273 476 4328 sit
489 4275 708 4348 ypercolaleclon
722 4279 803 4336 suauis
820 4296 871 4356 per
890 4279 959 4334 imas
976 4297 1025 4354 pes
1038 4287 1078 4336 cst
1099 4279 1208 4352 syllaba
1220 4281 1294 4336 deest
1308 4281 1411 4353 quomi-

309 4369 362 4406 nus
375 4351 508 4410 disnetron
522 4357 566 4414 sit.
601 4357 663 4414 Hos
676 4359 728 4416 &a
858 4354 933 4434 lqne
950 4377 1001 4433 per
1015 4364 1132 4432 αυζηιες
1146 4361 1337 4432 ingressionem
1359 4360 1409 4416 lio-

312 4432 373 4488 benl
388 4431 423 4488 V·
511 4442 531 4469 '¹¹
547 4437 616 4494 basis
630 4445 732 4495 constet
747 4457 801 4495 non
815 4440 867 4494 nisi
880 4441 1062 4497 neotoleclom
1078 4441 1199 4496 invenire
1214 4439 1248 4494 V.
1342 4442 1411 4495 '‘in-

309 4513 484 4587 gredianlar]
501 4516 668 4587 ingredimur
683 4517 718 4573 V.
