3076 5140
127 428 210 481 eae.
226 422 281 480 ll.
385 407 450 480 De
462 407 659 508 generibus
675 417 872 482 mersurum
891 407 956 504 850.
1157 405 1226 497 169

128 591 243 690 prima
255 593 324 666 erit
333 591 525 666 duodecim
539 591 757 690 syllabarum
769 591 973 664 intrimetro
983 591 1142 678 versu,in
1153 615 1226 688 quo

130 721 189 781 aut
205 735 334 782 omnes
352 708 464 782 iambi
481 731 543 780 aut
556 705 704 804 spondei
719 705 870 780 admixti
891 705 1152 805 ‘reperienturz
1174 721 1227 794 ut,

227 823 306 898 Ibis
324 824 503 897 bibernis
519 823 617 895 inter
634 819 713 896 alta
729 821 885 894 nuvium.

1 1027 2 1038 ἵ
129 937 318 1012 Tredecim
346 953 466 1012 autem
493 937 714 1036 syllabarum
740 949 837 1024 sunt,
855 935 919 1035 qui
939 963 1051 1010 uuum
1069 925 1090 1010 e
1108 936 1256 1035 trisyl-⁸

130 1054 218 1128 labis
238 1053 370 1154 pedem
389 1053 442 1126 sui
467 1053 658 1126 dumtaxat
674 1051 826 1150 generis,
848 1053 910 1150 qui
936 1079 1001 1152 pro
1017 1052 1085 1126 loci
1105 1051 1230 1126 condi-

129 1171 227 1242 tione
257 1171 452 1256 evenerint,
482 1169 653 1254 dbabent,
681 1181 718 1240 et
746 1167 903 1266 reliquos
934 1193 954 1240 e
989 1166 1084 1240 binis
1120 1166 1229 1265 sylla·

130 1287 194 1373 bis,
212 1299 267 1374 ut,

229 1397 414 1500 Magnum
426 1399 634 1500 propinquo
649 1398 786 1474 scelere
802 1397 946 1472 vidistis
962 1397 1117 1472 domum
1211 1435 1214 1440 ·

130 1516 430 1602 Quattuordecim
449 1541 583 1606 vero,e
608 1515 741 1614 quibua
767 1513 841 1587 duo
866 1527 1050 1586 ternarum
1076 1513 1231 1612 syllaba-

130 1661 208 1708 rum
229 1633 493 1720 contineantur,
510 1646 562 1719 ut,

231 1749 330 1824 Erat
345 1749 487 1822 oriendi
503 1759 644 1846 tempus
658 1775 796 1823 aurora
813 1747 1025 1822 lomi-nibus.

131 1863 350 1948 Quindecim
371 1891 476 1965 porro
494 1865 726 1964 syllabarum,
739 1865 776 1938 in
795 1879 886 1962 quot
899 1891 954 1937 res
967 1879 1163 1954 ternarum,
1177 1893 1230 1938 re-

130 1980 220 2078 liqui
238 1978 390 2052 totidem
410 1995 495 2052 sunt
513 1981 691 2070 binarum,
709 1993 751 2052 ut
767 1995 834 2070 est,

231 2095 382 2195 Εᾳιιιιπι
397 2095 465 2170 sub
482 2095 726 2196 uurotujugu
744 2096 863 2170 medin
881 2097 1075 2196 bigemina.

132 2209 297 2286 Sedecim
326 2213 557 2312 syllabarum,
573 2240 657 2286 cum
679 2214 753 2290 duo
775 2213 885 2314 pedes
911 2215 1046 2288 babent
1064 2214 1260 2294 binarums

134 2327 366 2425 syllabarum,
382 2341 552 2426 quattuor
569 2341 689 2402 autem
708 2330 832 2417 trium,
851 2345 903 2418 ut,

233 2439 383 2516 Nebula
400 2443 609 2518 etenebrosa
629 2445 809 2520 Curriculo
826 2445 921 2520 mule
937 2444 1094 2520 roscida.

135 2556 405 2656 Septemdecim
433 2558 580 2658 syllabis
610 2560 672 2656 qui
703 2575 871 2636 constant
895 2559 1073 2634 rarissime
1095 2555 1232 2630 inveni-

134 2688 256 2762 untur,
281 2699 395 2746 unum
422 2674 520 2748 enim
550 2673 699 2748 omnino
724 2703 882 2776 eumque
905 2675 1140 2750 novissimum
1171 2674 1234 2746 ba·

135 2791 223 2862 beut
238 2789 369 2888 pedem
389 2790 565 2880 iambum,
584 2806 624 2865 ut
640 2805 706 2880 est,

234 2905 385 3002 Rapere
400 2907 521 2980 muria
538 2906 747 2983 ‘veterivola
764 2909 832 2982 deu
849 2909 919 2982 sibi
936 2908 1046 3006 cupit.

135 3020 229 3095 Sane
247 3021 379 3096 accidit
392 3049 650 3122 nonnunquam
668 3039 784 3124 utpro
797 3039 989 3124 anapaesto,
1004 3037 1065 3096 aut
1077 3020 1234 3118 dactylo,
1250 3050 1280 3084 ιο

137 3153 200 3212 aut
209 3137 371 3236 spondeo
384 3153 554 3236 quattuor
567 3141 690 3214 breves
704 3141 822 3240 primo
835 3140 926 3240 pede
937 3151 1129 3240 ponantur,
1141 3153 1235 3210 tam-

137 3279 260 3350 quam,
613 3343 617 3352 ι

236 3368 426 3469 Benpficia
443 3384 531 3470 &pro
547 3399 590 3446 re
607 3371 724 3446 colere
739 3369 913 3468 sapientis
929 3368 1003 3442 viri
1018 3376 1096 3440 est.-

138 3485 199 3583 qui
223 3499 287 3558 aut
304 3512 369 3584 per
386 3481 650 3586 lsynaloepben
669 3483 866 3569 scanditur,
884 3499 946 3557 aut
962 3482 1102 3556 duabus
1121 3481 1235 3554 brevi-

138 3602 204 3675 bus
222 3601 260 3674 in
277 3627 389 3674 unam
407 3601 552 3700 longam
572 3600 749 3699 copulatis
767 3599 977 3700 explicatur.
1005 3598 1089 3672 Hoc
1106 3623 1236 3696 genere
1253 3631 1279 3665 ιι

137 3743 319 3804 versuum,
337 3733 379 3790 ut
396 3742 503 3816 supra
519 3714 691 3806 diximus,
707 3715 846 3816 primus
867 3742 950 3788 usus
977 3729 1031 3788 est
1049 3713 1236 3788 Homerus

139 3832 177 3906 iu
190 3833 350 3932 Margite
368 3859 447 3921 suo,
462 3859 528 3906 uec
545 3847 666 3906 tamen
685 3845 803 3906 totum
822 3857 966 3906 carmen
986 3830 1038 3904 ita
1055 3829 1236 3928 digestum

138 3948 299 4049 perfecit,
311 3973 394 4022 uam
413 3949 553 4022 duobus
571 3949 778 4049 pluribusve
797 3946 1014 4022 hexametris
1028 3941 1238 4043 antepositis

179 4249 397 4327 ereperiuntur]
410 4246 585 4328 reperientur
598 4249 628 4306 P.
750 4242 900 4322 dhabent]
917 4245 1021 4304 babeat
1034 4246 1066 4303 P.
1108 4243 1239 4302 Correxit

140 4331 329 4390 Camerarius.
449 4341 465 4374 θ
478 4329 640 4404 tenebrosa]
656 4326 780 4386 tenebris
795 4327 828 4384 P.
939 4323 1123 4400 tcelerivou]
1140 4323 1239 4383 eeleri-

139 4411 233 4470 rolata
246 4413 277 4470 P.
360 4419 377 4466 8
391 4429 443 4490 pro
457 4408 500 4483 re]
516 4408 630 4488 proprie
642 4411 677 4467 P.
759 4405 777 4450 Β
790 4407 987 4484 synaloepben]
1004 4405 1171 4485 synalipben
1186 4405 1218 4463 P.

682 4527 703 4576 Z
