3012 5084
253 368 302 444 62
643 369 765 444 Marii
785 369 969 444 Victorini
1236 395 1310 444 arn.
1330 395 1355 445 1.

254 555 324 628 hoc
352 553 438 629 iacit
467 552 734 643 Ditrochaeum,
761 569 804 628 ut
833 556 1081 629 “Zenodorurs.
1147 555 1356 628 Consimilis

252 683 270 736 5
280 671 393 744 ferme
412 669 466 743 his
484 681 521 742 et
538 669 598 743 illa
617 669 823 742 lonicorum
849 670 1027 745 ordinatio
1045 685 1110 745 est.
1144 671 1242 744 Nam
1267 699 1357 770 prae-

253 787 422 860 euntibus
452 785 591 859 duabus
626 784 742 882 longis
773 784 945 881 subjecte
979 785 1060 860 duae
1090 788 1226 871 breves,
1244 787 1354 859 veluti

253 902 411 1003 spondeo
441 901 696 1004 'pyrrhichius
730 900 901 991 adnexus,
930 901 1094 977 Ionicum
1132 901 1191 974 ἀπὸ
1223 902 1357 996 μείζονος

207 1019 503 1119 nprocreabunt,
531 1031 571 1090 ut
593 1017 818 1091 Demetrius.
883 1017 1021 1090 Rursus
1049 1031 1190 1090 mutato
1215 1032 1358 1117 tempo-

253 1159 334 1206 rum
360 1133 444 1221 situ,
461 1157 543 1206 cum
571 1133 695 1204 breves
722 1132 760 1206 in
787 1133 904 1232 prima
932 1133 1028 1222 sede,
1046 1133 1206 1206 secunda
1232 1147 1354 1206 autern

254 1251 371 1348 longae
414 1249 695 1338 constituuntur,
730 1247 766 1322 id
801 1263 866 1332 est,
895 1249 1135 1347 ⁸pyrrhichin
1173 1247 1356 1348 spondeus

246 1363 396 1463 jugatus
431 1363 600 1436 lonicum
634 1362 691 1436 ἀπὸ
724 1362 887 1446 ἐλάσσονος
923 1364 1050 1463 gignit,
1079 1379 1119 1436 ut
1147 1363 1356 1437 Diomedes,

206 1511 238 1562 ⁴⁵
252 1479 489 1579 bSequuntur
506 1480 660 1553 Paeonici
683 1480 804 1580 pedes,
821 1505 972 1552 numero
990 1493 1171 1578 quattuor,
1188 1481 1250 1576 qui
1270 1495 1358 1551 sunt

252 1597 489 1696 ‘'pentasemi,
516 1597 670 1696 sescupli
694 1597 791 1668 enirn
819 1596 957 1669 ratione
983 1593 1230 1668 dconsistunt:
1259 1594 1358 1667 ideo-

252 1739 323 1810 que
349 1713 472 1786 metris
492 1713 642 1786 minime
669 1712 814 1785 inutiles
837 1712 1074 1785 aestimantur.
1117 1709 1188 1782 Sed
1206 1708 1356 1808 Epitn'ti

252 1828 338 1902 dicti
357 1831 405 1902 ob
423 1830 661 1927 adjectionem
681 1829 796 1902 tertiae
814 1828 938 1928 partis,
956 1852 1066 1926 quam
1093 1839 1179 1898 sunt
1197 1825 1357 1911 Poeones,

254 1945 454 2042 meritoque
472 1972 490 2018 a
510 1945 643 2018 Graecis
666 1945 718 2018 ita
740 1945 829 2018 dicti
848 1944 1012 2041 ἔπίτριτωε
1040 1967 1124 2015 narn
1153 1953 1238 2013 sunt
1265 1940 1358 2038 hep-

251 2061 393 2145 tasemi,
411 2060 507 2134 unde
534 2061 785 2160 tetrasyllabis,
803 2060 864 2158 qui
890 2073 974 2132 sunt
999 2083 1152 2132 numero
1169 2055 1292 2129 decem
1317 2069 1358 2128 et

252 2201 327 2265 sex,
340 2188 534 2273 equattuor
547 2189 686 2249 tantum
701 2176 805 2249 utiles
820 2189 1036 2264 asseruntur,
1048 2173 1084 2246 id
1098 2187 1163 2262 est,
1173 2172 1357 2246 choriam-

252 2293 319 2366 bus
337 2308 374 2365 et
391 2293 607 2392 antispastus
626 2292 839 2390 aequalitatis
853 2291 990 2364 ratione
1007 2303 1223 2378 constantes,
1236 2287 1297 2360 sed
1317 2303 1357 2359 et

251 2407 368 2480 lonici
385 2408 468 2498 duo,
487 2406 632 2482 ‘ceteris
651 2407 776 2481 decem
803 2434 877 2480 non
900 2406 988 2479 adeo
1011 2404 1241 2479 necessariis:
1268 2429 1354 2476 nam

251 2523 505 2598 ssditrochaeum
521 2539 558 2596 et
570 2523 770 2596 diiambum
791 2523 884 2596 inter
896 2521 1091 2621 disyllabos
1115 2520 1230 2618 inagis
1250 2533 1356 2618 aptos

206 2639 375 2716 r6haberi
402 2639 540 2714 volunt.
591 2639 708 2738 Igitur
736 2640 845 2714 Paeon
880 2638 1017 2737 primus
1045 2636 1123 2722 erit,
1149 2635 1207 2709 cui
1236 2635 1357 2733 prima

251 2757 371 2856 longa,
388 2771 458 2830 tres
483 2757 653 2830 continue
677 2757 801 2828 breves
827 2753 1051 2844 hadhaerent,
1068 2779 1114 2826 ex
1140 2753 1298 2826 trochaeo
1316 2765 1357 2824 et

205 2905 237 2956 47
252 2873 461 2972 pyrrhichio
488 2873 689 2972 copulatus,
718 2885 759 2943 ut
789 2869 976 2944 Cocitius.
1029 2868 1216 2942 Secundus
1244 2867 1355 2940 Paeon

250 2989 474 3088 praecedente
490 2989 601 3078 brevi,
614 3001 785 3086 sequente
802 2987 922 3084 longa,
939 2986 997 3059 cui
1016 2984 1256 3081 subjiciuntur
1272 2983 1357 3057 duae

250 3105 375 3176 breves
401 3131 445 3177 ex
473 3104 594 3177 iambo
624 3117 661 3176 et
693 3102 903 3202 pyrrhichio
930 3101 1155 3189 formabitur,
1182 3112 1222 3171 ut
1238 3097 1357 3171 Cane-

206 3249 238 3308 4⁸
249 3217 398 3314 pisonis.
439 3219 583 3292 Tertius
601 3245 621 3290 e
637 3219 777 3292 duabus
795 3218 974 3306 brevibus,
990 3217 1096 3313 longa
1116 3214 1232 3303 tertia,
1248 3239 1357 3312 quar-

252 3346 287 3405 ta
306 3335 402 3406 brevi
427 3335 564 3432 syllaba
582 3335 816 3434 compositus,
830 3361 876 3408 ex
895 3331 1105 3434 pyrrhichio
1125 3344 1162 3402 et
1184 3329 1357 3418 trochaeo,

205 3475 239 3528 49
252 3462 293 3520 ut
319 3446 513 3545 Epicurus.
578 3450 756 3535 Quartum
789 3465 910 3524 autem
938 3461 1065 3546 quarta
1092 3446 1212 3544 longo,
1237 3445 1355 3516 tribus

251 3564 418 3638 brevibus
432 3565 579 3663 syllabis
592 3566 629 3638 in
644 3567 760 3664 prima
775 3566 918 3664 regione
930 3563 1069 3664 positis,
1082 3588 1128 3636 ex
1142 3559 1357 3660 pyrrhichio

292 3801 308 3834 ¹
322 3793 498 3852 Zenodorus.
520 3791 688 3866 consimilis]
705 3791 880 3850 Zenodotus.
902 3811 966 3848 cuni
983 3787 1081 3848 similis
1096 3789 1127 3846 P.
1218 3784 1353 3860 rterme]

250 3869 348 3932 formae
364 3873 395 3930 P.
506 3873 692 3952 ²Pyrrichius
706 3875 846 3948 annexus]
863 3871 1023 3948 Pirrichyus
1037 3869 1169 3928 adnexus.
1253 3865 1356 3942 aPyr-

251 3951 352 4026 richio]
368 3953 502 4011 Pirrichio
517 3955 548 4011 P.
641 3951 842 4029 bsequuntur]
861 3963 996 4010 secuntur
1010 3951 1040 4009 P.
1147 3944 1352 4025 cpentasemi]

250 4033 402 4111 pentasirui
417 4035 449 4091 P.
540 4030 744 4108 deensissunt]
762 4032 920 4090 subsistunt
934 4033 964 4090 P.
1059 4039 1208 4106 equatuor
1222 4026 1351 4099 tantum]

250 4117 392 4207 quarituor
405 4142 515 4188 tautum
532 4129 615 4188 utiles
631 4132 660 4187 P.
742 4127 887 4204 fcaeteris]
903 4129 1004 4186 ceteris
1019 4129 1051 4185 P.
1119 4137 1137 4186 t
1150 4123 1353 4196 ditrochaeum]

250 4211 427 4350 iiihiiheum
443 4211 474 4268 P.
581 4209 596 4252 b
612 4210 770 4286 adhaerent]
789 4210 924 4269 adherent
938 4210 970 4266 P.
985 4219 1015 4266 et
1029 4225 1093 4266 rnox
1109 4205 1225 4263 trocheo
1240 4216 1270 4262 et
1285 4221 1354 4280 pyr-

291 4467 339 4522 44.
361 4447 493 4526 jugatus]
514 4451 632 4527 jugatur
658 4447 776 4506 Sauteu.
866 4461 915 4522 45.
949 4441 1077 4518 inutiles]
1105 4440 1189 4499 utiles
1232 4440 1354 4498 Santeu.

248 4531 316 4590 Ter.
330 4530 425 4588 Maur.
440 4551 469 4608 p.
484 4547 550 4588 121.
818 4525 885 4586 Ter.
899 4525 994 4584 Maur.
1010 4545 1039 4602 p.
1052 4539 1118 4596 123.
