3124 5120
150 425 234 476 car.
251 413 309 494 ¹7·
397 403 461 476 De
478 400 780 502 Metrorumfiae
795 428 860 477 seu
878 401 1057 476 clausula.
1209 415 1258 495 79

149 585 454 684 dextrorsumque
480 587 598 685 primo
624 586 855 686 tripudiando
871 587 959 676 ibat,
978 587 1079 684 (quia
1102 587 1255 660 coceium

149 701 380 775 dextrorsum
400 703 545 775 abortu
562 701 606 776 ad
625 728 793 776 occasum
812 703 995 800 volvitur,)
1015 701 1149 775 dehinc
1173 702 1259 774 sini-

150 830 330 890 strorsum
348 815 527 908 redibant,
538 818 554 866 ‘¹
564 817 858 915 quandoquidem
874 819 927 891 sol
945 819 1103 916 lunaque
1119 833 1157 892 et
1173 833 1255 892 ece·

151 947 226 1004 tera
253 932 405 1005 erratica
430 931 558 1022 sidera,
575 959 656 1030 quse
687 933 804 1007 Greci
828 935 986 1023 πλανήτας
1010 947 1152 1022 vocant,
1170 933 1258 1007 sini·

152 1061 326 1120 strorsum
356 1048 402 1119 ab
428 1073 558 1120 occasu
584 1048 629 1122 sd
656 1061 776 1122 ortum
800 1048 974 1122 feruntur.
1024 1049 1148 1122 Tertio
1173 1065 1304 1122 oon-16

152 1162 334 1234 sistebant
359 1159 563 1251 feruentes,
588 1163 674 1259 quia
700 1177 793 1236 terra
823 1164 933 1256 (circa
960 1190 1069 1263 quam
1098 1165 1255 1238 ‘celum

152 1283 308 1372 rotetur)
339 1277 539 1350 immobilis
569 1276 691 1350 medio
718 1291 789 1352 stat
820 1277 968 1351 mundo.
1031 1278 1090 1352 De
1119 1305 1191 1377 qua
1220 1306 1257 1351 re

151 1393 287 1466 Varius
310 1391 363 1465 sic
389 1390 577 1478 htmdidit,
600 1393 764 1490 primum
789 1393 883 1482 huic,
899 1395 1021 1468 narde
1044 1405 1180 1491 septem
1203 1405 1259 1467 est

153 1509 300 1581 interim
318 1505 434 1605 fides,
455 1509 623 1607 variique
656 1507 793 1582 indata·
820 1535 947 1583 uocum
974 1509 1081 1598 madi,
1098 1509 1148 1582 ad
1171 1535 1259 1608 quas

153 1624 282 1698 madi
311 1635 458 1698 resonat
491 1623 637 1714 ¹¹carior,
658 1651 728 1698 sua
758 1621 996 1705 revolventis
1024 1625 1064 1698 iu
1091 1624 1256 1723 uestigia.

153 1742 250 1814 Item
270 1754 309 1813 et
327 1741 457 1814 Varro:
1274 1737 1302 1786 ¹⁷

207 1855 318 1930 Vidit
334 1865 371 1928 et
385 1855 533 1929 etlceria
549 1855 724 1930 mundum
741 1857 945 1956 torquerier
961 1881 1043 1944 aas,

203 1971 261 2044 Et
276 1981 413 2068 septem
429 1971 573 2044 eternis
588 1975 745 2046 sonitum
764 1973 855 2046 dare
870 1973 1017 2047 vocibus
1032 1972 1146 2059 arbes,

202 2086 380 2159 Niteutes
396 2085 482 2158 aliis
498 2085 600 2171 alios,
620 2087 711 2184 (qna
727 2087 887 2162 maciaco
904 2088 998 2162 diois

202 2200 454 2296 ¹Lelitia’st,)
472 2211 514 2275 at
531 2211 619 2275 tunc
636 2201 743 2302 lange
756 2204 973 2302 gratissima
990 2201 1123 2276 Plcoebi

202 2318 377 2391 Dextera
393 2317 596 2392 consimiles
611 2319 810 2393 meditatur
825 2317 979 2392 reddere
994 2343 1108 2392 vaces.

150 2517 261 2596 css.
281 2513 431 2598 XVII.
479 2519 543 2599 De
562 2519 796 2600 Metrarum
819 2520 936 2626 mfiae
954 2545 1024 2600 seu
1044 2518 1236 2598 clausula.

202 2667 319 2762 Nunc
341 2666 386 2740 de
409 2681 619 2756 metrorum,
638 2682 745 2765 prout
771 2694 895 2742 versus
922 2665 1144 2768 processerit,
1170 2691 1258 2763 prae-

153 2783 292 2881 scripto
315 2797 352 2857 et
378 2783 543 2882 legitimo
570 2785 643 2856 tine
673 2783 904 2881 clausulaque
928 2783 1103 2856 dicemus.
1157 2779 1255 2854 Nam

153 2899 308 2970 metrica
329 2899 410 2997 lege
434 2899 473 2970 in
499 2899 573 2972 fine
598 2925 765 2973 versuum
794 2897 1053 2996 quadripartite
1075 2897 1259 2972 conclusio

152 3026 220 3101 est,
236 3039 304 3112 per
319 3039 427 3109 quam
447 3013 565 3086 exitus
583 3015 687 3088 metri
711 3029 895 3112 statusque
911 3013 1121 3104 dinoscitur,
1136 3026 1256 3086 utrum

152 3126 261 3226 pede,
278 3153 342 3200 seu
360 3127 554 3226 semipede,
570 3129 624 3201 vei
644 3129 791 3229 dipodia
808 3131 855 3204 sit
871 3131 1117 3204 terminatum.
1150 3127 1287 3203 Hanc2

153 3243 275 3316 Graeci
304 3246 496 3333 ”immuta
517 3259 666 3319 vocent:
692 3246 729 3320 id
756 3259 822 3336 est,
839 3271 921 3319 cum
951 3244 1154 3344 legitimum
1184 3271 1259 3317 mc·
1311 3239 1314 3246 ’

152 3373 252 3432 trum
284 3359 321 3431 in
350 3361 525 3460 ‘'syzygie
558 3361 760 3461 simplicem
796 3360 939 3461 pedem,
968 3361 1004 3432 in
1041 3359 1259 3458 monopodia

153 3502 254 3564 vero,
267 3473 305 3546 id
318 3493 384 3561 est,
398 3475 434 3548 in
452 3475 637 3575 Psimpiici
657 3476 760 3576 pede,
774 3476 949 3576 syllabam
968 3473 1097 3573 perdit.
1138 3471 1259 3569 Hujus
1274 3504 1288 3552 ³

194 3637 209 3669 θ
222 3625 327 3684 omum
339 3627 529 3703 dextrorsum]
542 3627 634 3710 epium
645 3627 822 3688 dextrorsum
835 3649 862 3706 q.
872 3627 906 3686 P.
916 3629 960 3685 An
973 3629 1102 3702 quoque?
1144 3622 1259 3703 “quan-

153 3723 326 3802 doquidem]
343 3709 427 3801 quim
443 3725 474 3782 P.
515 3726 796 3803 ecaetera-sydera]
813 3723 1039 3784 cetera-sidera
1053 3725 1084 3782 P.
1128 3721 1140 3767 f
1151 3741 1257 3781 canen-

153 3807 208 3879 do]
221 3816 359 3862 canentes
370 3807 402 3864 P.
427 3805 571 3882 sooelum]
589 3806 680 3890 epium
695 3807 728 3864 P.
808 3804 938 3880 htrudit]
955 3804 1071 3864 tradidit
1084 3805 1116 3864 P.
1186 3801 1259 3862 ¹ad·

153 3903 222 3978 diti]
241 3901 338 3960 addita
353 3903 385 3960 P.
465 3899 482 3944 ¹⁸
496 3903 591 3978 tenor]
607 3923 694 3963 canor
710 3903 740 3961 P.
832 3901 958 3964 lieston
972 3901 1169 3981 stat-longe]
1189 3901 1260 3959 ireti-

154 3983 194 4041 tia
212 3995 271 4040 stet
285 3980 371 4060 louge
385 3983 417 4040 P.
501 3993 525 4026 ¹¹¹
540 3985 609 4060 fine]
627 3985 684 4044 fine
697 4003 747 4042 seu
760 3983 888 4042 clausula
902 3984 935 4043 P.
1017 3994 1033 4026 ¹²
1046 3979 1197 4056 κατάληξιν]
1213 4007 1259 4039 κα-

153 4061 259 4128 eatstan
272 4063 305 4120 P.
388 4072 404 4105 ⁰
417 4061 542 4142 syzygia]
558 4065 691 4144 synzygis
705 4066 737 4124 P.
820 4061 995 4143 Psympiici]
1013 4061 1134 4142 simplici
1150 4063 1181 4120 P.

198 4206 245 4268 15.
264 4192 400 4260 redibant,
416 4211 566 4250 numerum
587 4205 687 4252 mutat.
729 4195 798 4251 diois
809 4192 971 4265 Lretitis'rt)
984 4198 1091 4248 altune
1103 4193 1259 4266 longepre-

155 4273 291 4331 COMM.
476 4314 478 4320 .
730 4275 833 4330 tissima
848 4273 944 4330 Plebi
960 4273 1087 4330 Dextera
1110 4273 1259 4329 couriuciles

198 4351 245 4410 16.
263 4350 381 4426 Varius]
398 4349 638 4411 VideWeiehert.
653 4353 688 4411 de
729 4355 823 4411 caedit.
851 4351 984 4410 COMM.
1042 4351 1115 4410 Vide
1138 4351 1256 4411 Anthoi.

156 4431 239 4490 ercii
254 4429 333 4488 Varii
347 4443 401 4488 etc.
417 4431 599 4492 Carminibus
623 4433 688 4491 Gri-
730 4435 793 4491 Lat.
820 4432 974 4490 Burmanni
1004 4433 1039 4490 Τ.
1063 4433 1103 4490 11.
1139 4451 1166 4509 p.
1188 4447 1257 4508 335.

156 4533 210 4570 mae
226 4511 315 4585 1836.
332 4530 360 4588 p.
375 4529 441 4568 roo.
729 4513 810 4572 Adde
820 4513 958 4571 Wuiiner.
975 4511 1009 4572 de
1026 4515 1058 4572 P.
1072 4513 1108 4570 T.
1125 4511 1258 4569 Varronis

199 4609 246 4668 17.
270 4591 362 4670 Lego,
382 4592 452 4649 aliar
475 4595 547 4668 (qua
569 4595 690 4651 marimo
731 4592 842 4652 Atacini
852 4592 1057 4652 ViteMooust.
1071 4591 1158 4666 1829.
1169 4609 1197 4668 p.
1210 4605 1257 4668 25.
