3124 5120
293 390 363 452 132
677 375 798 450 Marii
815 375 1003 450 Victorini
1255 395 1330 448 urs.
1347 397 1390 446 11.

262 576 463 662 spromptu
480 573 545 634 est.
578 559 687 634 Unde
703 558 810 632 datur
825 558 986 658 intellegi
1004 557 1159 632 eundem
1177 558 1307 659 pedem
1327 585 1393 659 per

291 679 507 752 solutionem
522 677 643 752 cretici
654 691 691 750 et
702 675 841 750 bacchii
854 701 1086 750 communem
1101 701 1179 748 esse
1192 675 1391 773 utriusque,

291 795 348 868 cui
367 821 432 894 par
448 793 647 890 similisque
662 793 793 866 setiam
808 792 869 866 hic
880 793 1087 891 rhythmus,
1100 790 1163 888 qui
1175 815 1220 864 ex
1231 791 1391 890 quinque

291 909 473 982 continuis
501 909 667 983 brevibus
686 907 831 1009 syllabis
857 921 1018 982 constat:
1046 921 1100 980 est
1121 905 1218 979 enim
1237 906 1390 980 totidem

291 1039 508 1124 temporum,
525 1038 615 1122 quot
632 1039 669 1098 et
686 1051 789 1124 paeon
807 1049 872 1124 pes
889 1039 926 1097 et
943 1023 1116 1098 bacchius
1133 1033 1171 1094 et
1187 1019 1392 1120 amphima-

292 1165 385 1227 crus,
403 1154 604 1237 tamquam,

341 1254 475 1330 bVolat
493 1255 593 1355 agile
605 1281 675 1354 per
693 1249 860 1358 oprffero
878 1256 980 1330 modo
995 1253 1126 1328 retulit
1143 1252 1244 1326 ebrio
1260 1253 1367 1326 cibos.

263 1373 341 1446 ⁹Et
359 1398 478 1445 rursus
496 1373 663 1471 exempla
680 1387 896 1472 repetemus.
947 1370 1028 1444 Erit
1044 1370 1240 1444 dimetrum
1258 1371 1392 1469 paeoni-

292 1515 375 1562 cum
394 1488 642 1561 catalecticum
664 1487 885 1585 hujusmodi,

492 1603 604 1676 Nunc
621 1604 723 1702 agite
741 1601 883 1676 caelites.

291 1719 510 1791 Trimetrum
532 1733 665 1806 autem,

491 1831 605 1906 Nunc
622 1835 723 1932 agite
739 1857 837 1906 nuuc
853 1831 1028 1929 tripudiis
1044 1829 1158 1904 ¹milrt’.

293 1946 403 2031 Quod
422 1947 684 2046 Phrynichium
704 1967 852 2022 vocatur
867 1959 1131 2036 tetrametrum,

392 2062 505 2136 Nunc
521 2065 667 2164 agitato
683 2067 805 2138 veniat
821 2089 951 2138 monus
968 2062 1019 2135 od
1033 2061 1098 2134 hoc
1114 2085 1269 2134 samum.

293 2179 561 2251 Pentametrum
581 2206 676 2268 vero,

297 2293 452 2383 Tollere,
452 2293 522 2392 fer
535 2295 694 2369 AEolica
708 2293 909 2394 Musigmu
921 2291 1105 2366 canticula
1118 2291 1237 2365 kooac
1253 2291 1393 2390 Tityro.

251 2409 386 2483 rol-laec
417 2409 445 2480 si
477 2411 689 2485 novissimos
715 2412 865 2486 creticos
891 2408 960 2482 ¹vel
995 2408 1159 2507 dactylos
1194 2407 1394 2495 subtrahas,

299 2529 398 2622 (nam
426 2539 463 2597 et
480 2526 625 2626 dactylo
643 2543 789 2628 propter
805 2525 1009 2600 novissimae
1026 2522 1299 2597 indifferentiam
1320 2547 1395 2595 me·

293 2656 388 2714 trum
408 2640 614 2739 clauditur,)
625 2643 851 2716 macatalecto
869 2655 985 2728 emnt,
999 2652 1038 2712 et
1054 2637 1252 2713 secuudum
1272 2637 1395 2736 appel-

293 2757 464 2830 lationem
512 2783 613 2830 suam
657 2757 886 2857 syzygismm
931 2781 1083 2828 numero
1124 2751 1394 2826 concludentur.

252 2907 277 2940 tt
295 2873 709 2946 Hexametrum-autem
735 2872 995 2970 Aristophanes
1021 2869 1227 2969 composuit
1251 2869 1335 2956 tale,
1354 2883 1395 2940 ut

294 2988 365 3060 sint
390 3014 533 3086 paeones
560 2989 666 3087 primi
686 3003 767 3079 tres,
784 3001 821 3061 et
838 2989 1074 3084 insequantur
1089 2983 1241 3060 totidem
1260 2981 1393 3073 cretici,
1467 3005 1475 3021 “

293 3117 495 3199 tamquam,

342 3219 399 3280 Ver
413 3237 510 3304 ogere
520 3237 687 3303 purpureo
701 3225 730 3280 te
750 3219 850 3282 Venus
865 3217 1025 3282 umoribus
1041 3215 1141 3280 ¹¹divo
1153 3215 1383 3303 pollcosjodct.

252 3362 279 3396 ιι
294 3326 365 3400 Sed
376 3341 413 3398 ct
425 3326 484 3399 hic
496 3339 702 3399 tetrameter
710 3327 892 3425 paeonicus
906 3327 1183 3412 catalecticus‚is
1192 3325 1394 3412 dumtaxat,

294 3443 355 3538 qui
376 3440 534 3514 maxime
552 3441 587 3512 in
606 3467 674 3514 usu
692 3457 757 3527 est,
774 3468 819 3514 ex
837 3443 943 3542 longa
961 3457 998 3515 et
1014 3443 1128 3514 tribus
1155 3440 1323 3516 brevibus
1349 3441 1395 3513 ab

294 3555 537 3655 Aristophane
555 3555 775 3654 compositus
793 3572 858 3646 est,
875 3572 984 3643 totus,
1003 3571 1044 3630 ut
1060 3556 1191 3644 ⁰vides,
1205 3583 1250 3629 ex
1270 3581 1396 3654 pceone

294 3672 424 3772 primo,
450 3670 579 3744 ultimo
609 3670 870 3770 amphimacro,
904 3672 1051 3773 syllabis
1081 3671 1228 3769 quidem
1264 3670 1395 3758 minor,

251 3823 280 3870 ῃ
295 3807 499 3886 temporum
527 3801 647 3859 tamen
671 3785 834 3860 totidem.
888 3788 997 3862 Unde
1020 3803 1057 3860 et
1079 3787 1271 3861 catalectus
1298 3784 1396 3860 vide-

294 3920 363 3994 tur,
379 3905 489 3978 veluti
509 3903 571 3994 sic,

398 4019 539 4092 Tiberis
543 4020 630 4117 jorn
642 4019 814 4116 placidus
831 4021 869 4094 in
887 4020 1006 4093 moria
1024 4017 1173 4092 inbitur.

334 4276 410 4334 rhic
426 4275 586 4356 rhythmus]
603 4278 689 4336 etiam
705 4278 747 4336 his
763 4279 920 4357 rythmisP.
1027 4275 1174 4336 hrotat-
1212 4275 1397 4354 caprifera—

293 4357 383 4431 ebria]
401 4357 562 4416 rorat-fer
575 4343 837 4481 sprmot‘era-erisP.
893 4357 975 4434 ime]
990 4357 1103 4417 mihiP.
1204 4377 1279 4415 nunc
1293 4377 1350 4414 om.
1364 4355 1396 4413 P.

292 4435 403 4513 linter]
422 4437 464 4495 vel
481 4439 513 4498 P.
617 4441 820 4514 macatalecta]
836 4438 1015 4498 acatalecuca
1029 4440 1061 4498 P
1163 4436 1296 4511 ndiruJ'
1288 4455 1350 4515 ipsa
1365 4435 1398 4492 P.

292 4517 412 4594 ⁰v1des]
431 4517 507 4578 dives
522 4521 551 4578 P.
