<?xml version="1.0" encoding="UTF-8"?>
<!DOCTYPE html PUBLIC "-//W3C//DTD XHTML 1.0 Transitional//EN"
    "http://www.w3.org/TR/xhtml1/DTD/xhtml1-transitional.dtd">
<html xmlns="http://www.w3.org/1999/xhtml" xml:lang="en" lang="en">
 <head>
  <title>
</title>
<meta http-equiv="Content-Type" content="text/html;charset=utf-8" />
  <meta name='ocr-system' content='tesseract 3.04.00' />
  <meta name='ocr-capabilities' content='ocr_page ocr_carea ocr_par ocr_line ocrx_word'/>
</head>
<body>
  <div class='ocr_page' id='page_1' title='image "./scriptoreslatin00gaisgoog_0261.png"; bbox 0 0 3076 5140; ppageno 0'>
   <div class='ocr_carea' id='block_1_1' title="bbox 35 320 1232 431">
    <p class='ocr_par' dir='ltr' id='par_1_1' title="bbox 35 320 1232 431">
     <span class='ocr_line' id='line_1_1' title="bbox 35 320 1232 431; baseline 0.008 -45"><span class='ocrx_word' id='word_1_1' title='bbox 35 406 36 431; x_wconf 14' lang='grc' dir='ltr'><strong>Χ</strong></span> <span class='ocrx_word' id='word_1_2' title='bbox 137 337 219 389; x_wconf 81' lang='lat' dir='ltr'><strong>ese.</strong></span> <span class='ocrx_word' id='word_1_3' title='bbox 237 332 267 389; x_wconf 91' lang='lat'><strong>1.</strong></span> <span class='ocrx_word' id='word_1_4' title='bbox 565 320 630 394; x_wconf 86' lang='lat' dir='ltr'><strong>De</strong></span> <span class='ocrx_word' id='word_1_5' title='bbox 640 321 806 418; x_wconf 80' lang='lat' dir='ltr'><strong>pedibus.</strong></span> <span class='ocrx_word' id='word_1_6' title='bbox 1160 335 1232 396; x_wconf 77' lang='lat'><strong>24³</strong></span> 
     </span>
    </p>
   </div>
   <div class='ocr_carea' id='block_1_2' title="bbox 133 500 1231 1171">
    <p class='ocr_par' dir='ltr' id='par_1_2' title="bbox 133 500 1231 1171">
     <span class='ocr_line' id='line_1_2' title="bbox 135 500 1230 604; baseline 0.005 -34"><span class='ocrx_word' id='word_1_7' title='bbox 135 513 284 572; x_wconf 85' lang='lat' dir='ltr'><strong>tractare</strong></span> <span class='ocrx_word' id='word_1_8' title='bbox 294 500 493 596; x_wconf 85' lang='lat' dir='ltr'><strong>judicastis,</strong></span> <span class='ocrx_word' id='word_1_9' title='bbox 511 503 666 576; x_wconf 81' lang='lat' dir='ltr'><strong>breviter</strong></span> <span class='ocrx_word' id='word_1_10' title='bbox 681 531 759 578; x_wconf 87' lang='lat' dir='ltr'><strong>esse</strong></span> <span class='ocrx_word' id='word_1_11' title='bbox 772 504 1064 604; x_wconf 88' lang='lat' dir='ltr'><strong>componendum</strong></span> <span class='ocrx_word' id='word_1_12' title='bbox 1078 503 1230 578; x_wconf 81' lang='lat' dir='ltr'>decrevi.</span> 
     </span>
     <span class='ocr_line' id='line_1_3' title="bbox 135 613 1231 718; baseline 0.005 -32"><span class='ocrx_word' id='word_1_13' title='bbox 135 613 203 686; x_wconf 83' lang='lat' dir='ltr'><strong>Sed</strong></span> <span class='ocrx_word' id='word_1_14' title='bbox 221 614 406 712; x_wconf 73' lang='lat' dir='ltr'><strong>&#39;quoniam</strong></span> <span class='ocrx_word' id='word_1_15' title='bbox 427 633 622 692; x_wconf 82' lang='lat' dir='ltr'><strong>metrorum</strong></span> <span class='ocrx_word' id='word_1_16' title='bbox 651 619 826 694; x_wconf 88' lang='lat' dir='ltr'><strong>rationem</strong></span> <span class='ocrx_word' id='word_1_17' title='bbox 854 619 1036 694; x_wconf 78' lang='lat' dir='ltr'><strong>sdicturos</strong></span> <span class='ocrx_word' id='word_1_18' title='bbox 1054 619 1152 718; x_wconf 90' lang='lat' dir='ltr'><strong>prius</strong></span> <span class='ocrx_word' id='word_1_19' title='bbox 1169 617 1231 692; x_wconf 88' lang='lat' dir='ltr'><strong>de-</strong></span> 
     </span>
     <span class='ocr_line' id='line_1_4' title="bbox 133 731 1229 828; baseline 0.004 -26"><span class='ocrx_word' id='word_1_20' title='bbox 133 744 187 802; x_wconf 85' lang='lat' dir='ltr'><strong>oet</strong></span> <span class='ocrx_word' id='word_1_21' title='bbox 204 731 314 828; x_wconf 83' lang='lat' dir='ltr'><strong>pedes</strong></span> <span class='ocrx_word' id='word_1_22' title='bbox 330 731 567 822; x_wconf 86' lang='lat' dir='ltr'><strong>considerare,</strong></span> <span class='ocrx_word' id='word_1_23' title='bbox 578 735 711 828; x_wconf 87' lang='lat' dir='ltr'><strong>quibus</strong></span> <span class='ocrx_word' id='word_1_24' title='bbox 728 749 814 808; x_wconf 88' lang='lat' dir='ltr'><strong>suut</strong></span> <span class='ocrx_word' id='word_1_25' title='bbox 826 735 984 808; x_wconf 87' lang='lat' dir='ltr'><strong>carmina</strong></span> <span class='ocrx_word' id='word_1_26' title='bbox 1001 731 1229 822; x_wconf 84' lang='lat' dir='ltr'><strong>modulanda,</strong></span> 
     </span>
     <span class='ocr_line' id='line_1_5' title="bbox 134 840 1228 936; baseline 0.005 -21"><span class='ocrx_word' id='word_1_27' title='bbox 134 840 200 915; x_wconf 77' lang='lat' dir='ltr'><strong>lde</strong></span> <span class='ocrx_word' id='word_1_28' title='bbox 236 846 361 916; x_wconf 90' lang='lat' dir='ltr'><strong>horum</strong></span> <span class='ocrx_word' id='word_1_29' title='bbox 397 873 562 934; x_wconf 88' lang='lat' dir='ltr'><strong>numero,</strong></span> <span class='ocrx_word' id='word_1_30' title='bbox 591 848 751 936; x_wconf 89' lang='lat' dir='ltr'><strong>nomine,</strong></span> <span class='ocrx_word' id='word_1_31' title='bbox 780 849 968 920; x_wconf 86' lang='lat' dir='ltr'>nominum</span> <span class='ocrx_word' id='word_1_32' title='bbox 999 847 1228 932; x_wconf 81' lang='lat' dir='ltr'><strong>derivatione,</strong></span> 
     </span>
     <span class='ocr_line' id='line_1_6' title="bbox 134 957 1229 1060; baseline 0.005 -32"><span class='ocrx_word' id='word_1_33' title='bbox 134 957 458 1056; x_wconf 84' lang='lat' dir='ltr'><strong>schematibusque,</strong></span> <span class='ocrx_word' id='word_1_34' title='bbox 487 987 596 1058; x_wconf 92' lang='lat' dir='ltr'><strong>quarn</strong></span> <span class='ocrx_word' id='word_1_35' title='bbox 627 962 810 1034; x_wconf 86' lang='lat' dir='ltr'><strong>verissime</strong></span> <span class='ocrx_word' id='word_1_36' title='bbox 837 961 1047 1060; x_wconf 72' lang='lat' dir='ltr'><strong>poterimus,</strong></span> <span class='ocrx_word' id='word_1_37' title='bbox 1077 961 1229 1034; x_wconf 80' lang='lat' dir='ltr'><strong>breviter</strong></span> 
     </span>
     <span class='ocr_line' id='line_1_7' title="bbox 133 1074 364 1171; baseline 0.009 -29"><span class='ocrx_word' id='word_1_38' title='bbox 133 1074 364 1171; x_wconf 79' lang='lat' dir='ltr'><strong>explicemus.</strong></span> 
     </span>
    </p>
   </div>
   <div class='ocr_carea' id='block_1_3' title="bbox 135 1271 1321 2328">
    <p class='ocr_par' dir='ltr' id='par_1_3' title="bbox 182 1271 1321 1520">
     <span class='ocr_line' id='line_1_8' title="bbox 450 1271 1321 1382; baseline 0.006 -30"><span class='ocrx_word' id='word_1_39' title='bbox 450 1271 553 1354; x_wconf 74' lang='lat' dir='ltr'><strong>Car.</strong></span> <span class='ocrx_word' id='word_1_40' title='bbox 577 1273 610 1354; x_wconf 94' lang='lat' dir='ltr'><strong>I.</strong></span> <span class='ocrx_word' id='word_1_41' title='bbox 642 1276 708 1356; x_wconf 86' lang='lat' dir='ltr'><strong>De</strong></span> <span class='ocrx_word' id='word_1_42' title='bbox 718 1275 903 1382; x_wconf 79' lang='lat' dir='ltr'><strong>pedibas.</strong></span> <span class='ocrx_word' id='word_1_43' title='bbox 1318 1376 1321 1382; x_wconf 21' lang='grc' dir='ltr'><strong><em>Ι</em></strong></span> 
     </span>
     <span class='ocr_line' id='line_1_9' title="bbox 182 1421 1229 1520; baseline 0.002 -28"><span class='ocrx_word' id='word_1_44' title='bbox 182 1421 276 1494; x_wconf 86' lang='lat' dir='ltr'><strong>Sunt</strong></span> <span class='ocrx_word' id='word_1_45' title='bbox 300 1421 410 1519; x_wconf 83' lang='lat' dir='ltr'><strong>igitur</strong></span> <span class='ocrx_word' id='word_1_46' title='bbox 435 1421 544 1520; x_wconf 89' lang='lat' dir='ltr'><strong>pedes</strong></span> <span class='ocrx_word' id='word_1_47' title='bbox 567 1423 627 1496; x_wconf 90' lang='lat' dir='ltr'><strong>alii</strong></span> <span class='ocrx_word' id='word_1_48' title='bbox 652 1421 833 1520; x_wconf 88' lang='lat' dir='ltr'><strong>disyllabi,</strong></span> <span class='ocrx_word' id='word_1_49' title='bbox 850 1422 910 1494; x_wconf 89' lang='lat' dir='ltr'><strong>alii</strong></span> <span class='ocrx_word' id='word_1_50' title='bbox 933 1423 1122 1520; x_wconf 75' lang='lat' dir='ltr'><strong>trisyllabi,</strong></span> <span class='ocrx_word' id='word_1_51' title='bbox 1140 1447 1229 1520; x_wconf 90' lang='lat' dir='ltr'><strong>quo-</strong></span> 
     </span>
    </p>

    <p class='ocr_par' dir='ltr' id='par_1_4' title="bbox 135 1535 1255 2328">
     <span class='ocr_line' id='line_1_10' title="bbox 135 1535 1228 1634; baseline 0.005 -28"><span class='ocrx_word' id='word_1_52' title='bbox 135 1561 213 1607; x_wconf 87' lang='lat' dir='ltr'><strong>rnm</strong></span> <span class='ocrx_word' id='word_1_53' title='bbox 233 1536 327 1610; x_wconf 86' lang='lat' dir='ltr'><strong>unde</strong></span> <span class='ocrx_word' id='word_1_54' title='bbox 343 1539 493 1610; x_wconf 89' lang='lat' dir='ltr'><strong>nomina</strong></span> <span class='ocrx_word' id='word_1_55' title='bbox 510 1537 665 1610; x_wconf 87' lang='lat' dir='ltr'><strong>deducta</strong></span> <span class='ocrx_word' id='word_1_56' title='bbox 682 1551 767 1610; x_wconf 91' lang='lat' dir='ltr'><strong>sunt</strong></span> <span class='ocrx_word' id='word_1_57' title='bbox 783 1535 989 1626; x_wconf 88' lang='lat' dir='ltr'><strong>doceamus,</strong></span> <span class='ocrx_word' id='word_1_58' title='bbox 1005 1550 1042 1608; x_wconf 90' lang='lat' dir='ltr'><strong>et</strong></span> <span class='ocrx_word' id='word_1_59' title='bbox 1058 1551 1148 1634; x_wconf 88' lang='lat' dir='ltr'><strong>quot</strong></span> <span class='ocrx_word' id='word_1_60' title='bbox 1165 1537 1228 1612; x_wconf 87' lang='lat' dir='ltr'><strong>ha·</strong></span> 
     </span>
     <span class='ocr_line' id='line_1_11' title="bbox 136 1649 1255 1752; baseline -0.002 -28"><span class='ocrx_word' id='word_1_61' title='bbox 136 1649 242 1724; x_wconf 81' lang='lat' dir='ltr'><strong>beant</strong></span> <span class='ocrx_word' id='word_1_62' title='bbox 259 1653 455 1726; x_wconf 80' lang='lat' dir='ltr'><strong>schemata.</strong></span> <span class='ocrx_word' id='word_1_63' title='bbox 482 1653 575 1726; x_wconf 86' lang='lat' dir='ltr'><strong>Sunt</strong></span> <span class='ocrx_word' id='word_1_64' title='bbox 591 1669 629 1726; x_wconf 89' lang='lat' dir='ltr'><strong>et</strong></span> <span class='ocrx_word' id='word_1_65' title='bbox 645 1678 690 1726; x_wconf 87' lang='lat' dir='ltr'><strong>ex</strong></span> <span class='ocrx_word' id='word_1_66' title='bbox 708 1651 893 1749; x_wconf 89' lang='lat' dir='ltr'><strong>disyllabis</strong></span> <span class='ocrx_word' id='word_1_67' title='bbox 910 1652 1102 1750; x_wconf 88' lang='lat' dir='ltr'><strong>geminatis</strong></span> <span class='ocrx_word' id='word_1_68' title='bbox 1119 1654 1227 1752; x_wconf 86' lang='lat' dir='ltr'><strong>pedes</strong></span> <span class='ocrx_word' id='word_1_69' title='bbox 1243 1688 1255 1722; x_wconf 76' lang='grc' dir='ltr'><strong><em>ι</em></strong></span> 
     </span>
     <span class='ocr_line' id='line_1_12' title="bbox 136 1767 1228 1868; baseline 0.005 -31"><span class='ocrx_word' id='word_1_70' title='bbox 136 1769 362 1865; x_wconf 80' lang='lat' dir='ltr'><strong>tetrasyllabi,</strong></span> <span class='ocrx_word' id='word_1_71' title='bbox 379 1795 532 1866; x_wconf 88' lang='lat' dir='ltr'><strong>quomm</strong></span> <span class='ocrx_word' id='word_1_72' title='bbox 550 1783 587 1842; x_wconf 91' lang='lat' dir='ltr'><strong>et</strong></span> <span class='ocrx_word' id='word_1_73' title='bbox 603 1769 752 1842; x_wconf 90' lang='lat' dir='ltr'><strong>nomina</strong></span> <span class='ocrx_word' id='word_1_74' title='bbox 773 1779 809 1840; x_wconf 92' lang='lat' dir='ltr'><strong>et</strong></span> <span class='ocrx_word' id='word_1_75' title='bbox 832 1767 1017 1840; x_wconf 78' lang='lat' dir='ltr'><strong>schemata</strong></span> <span class='ocrx_word' id='word_1_76' title='bbox 1034 1768 1228 1868; x_wconf 87' lang='lat' dir='ltr'><strong>subjunge·</strong></span> 
     </span>
     <span class='ocr_line' id='line_1_13' title="bbox 137 1881 1227 1986; baseline 0.005 -33"><span class='ocrx_word' id='word_1_77' title='bbox 137 1905 224 1954; x_wconf 90' lang='lat' dir='ltr'><strong>mus.</strong></span> <span class='ocrx_word' id='word_1_78' title='bbox 267 1883 374 1956; x_wconf 61' lang='lat' dir='ltr'><strong>*Sunt</strong></span> <span class='ocrx_word' id='word_1_79' title='bbox 391 1910 435 1956; x_wconf 86' lang='lat' dir='ltr'><strong>ex</strong></span> <span class='ocrx_word' id='word_1_80' title='bbox 453 1883 638 1986; x_wconf 87' lang='lat' dir='ltr'><strong>disyllabis</strong></span> <span class='ocrx_word' id='word_1_81' title='bbox 655 1897 692 1957; x_wconf 90' lang='lat' dir='ltr'><strong>et</strong></span> <span class='ocrx_word' id='word_1_82' title='bbox 708 1883 820 1958; x_wconf 92' lang='lat' dir='ltr'><strong>trium</strong></span> <span class='ocrx_word' id='word_1_83' title='bbox 838 1881 1056 1980; x_wconf 83' lang='lat' dir='ltr'><strong>syllabarum</strong></span> <span class='ocrx_word' id='word_1_84' title='bbox 1076 1884 1227 1982; x_wconf 91' lang='lat' dir='ltr'><strong>pedibus</strong></span> 
     </span>
     <span class='ocr_line' id='line_1_14' title="bbox 135 1997 1227 2098; baseline 0.002 -30"><span class='ocrx_word' id='word_1_85' title='bbox 135 1999 305 2096; x_wconf 89' lang='lat' dir='ltr'><strong>copulatis</strong></span> <span class='ocrx_word' id='word_1_86' title='bbox 330 1999 442 2098; x_wconf 86' lang='lat' dir='ltr'><strong>pedes</strong></span> <span class='ocrx_word' id='word_1_87' title='bbox 468 1999 687 2098; x_wconf 84' lang='lat' dir='ltr'><strong>syllabarum</strong></span> <span class='ocrx_word' id='word_1_88' title='bbox 714 1997 888 2094; x_wconf 87' lang='lat' dir='ltr'><strong>quinque,</strong></span> <span class='ocrx_word' id='word_1_89' title='bbox 905 2011 942 2070; x_wconf 86' lang='lat' dir='ltr'><strong>et</strong></span> <span class='ocrx_word' id='word_1_90' title='bbox 965 2023 1011 2070; x_wconf 83' lang='lat' dir='ltr'><strong>ex</strong></span> <span class='ocrx_word' id='word_1_91' title='bbox 1037 1997 1227 2098; x_wconf 89' lang='lat' dir='ltr'><strong>duplicatis</strong></span> 
     </span>
     <span class='ocr_line' id='line_1_15' title="bbox 136 2111 1227 2213; baseline 0 -29"><span class='ocrx_word' id='word_1_92' title='bbox 136 2114 325 2212; x_wconf 83' lang='lat' dir='ltr'><strong>trisyllabis</strong></span> <span class='ocrx_word' id='word_1_93' title='bbox 351 2114 461 2213; x_wconf 86' lang='lat' dir='ltr'><strong>pedes</strong></span> <span class='ocrx_word' id='word_1_94' title='bbox 487 2139 653 2190; x_wconf 86' lang='lat' dir='ltr'><strong>senarum</strong></span> <span class='ocrx_word' id='word_1_95' title='bbox 681 2113 913 2212; x_wconf 89' lang='lat' dir='ltr'><strong>syllabarum,</strong></span> <span class='ocrx_word' id='word_1_96' title='bbox 929 2111 974 2184; x_wconf 91' lang='lat' dir='ltr'><strong>de</strong></span> <span class='ocrx_word' id='word_1_97' title='bbox 999 2113 1130 2208; x_wconf 90' lang='lat' dir='ltr'><strong>quibus</strong></span> <span class='ocrx_word' id='word_1_98' title='bbox 1157 2139 1227 2184; x_wconf 91' lang='lat' dir='ltr'><strong>non</strong></span> 
     </span>
     <span class='ocr_line' id='line_1_16' title="bbox 136 2228 1051 2328; baseline 0.002 -30"><span class='ocrx_word' id='word_1_99' title='bbox 136 2230 281 2302; x_wconf 84' lang='lat' dir='ltr'><strong>arbitror</strong></span> <span class='ocrx_word' id='word_1_100' title='bbox 297 2257 376 2304; x_wconf 88' lang='lat' dir='ltr'><strong>csse</strong></span> <span class='ocrx_word' id='word_1_101' title='bbox 393 2231 630 2304; x_wconf 84' lang='lat' dir='ltr'><strong>necessarium</strong></span> <span class='ocrx_word' id='word_1_102' title='bbox 650 2228 865 2328; x_wconf 72' lang='lat' dir='ltr'><strong>¹¹diligenter</strong></span> <span class='ocrx_word' id='word_1_103' title='bbox 881 2228 1051 2300; x_wconf 91' lang='lat' dir='ltr'><strong>laborare.</strong></span> 
     </span>
    </p>
   </div>
   <div class='ocr_carea' id='block_1_4' title="bbox 455 2442 1257 2542">
    <p class='ocr_par' dir='ltr' id='par_1_5' title="bbox 455 2442 1257 2542">
     <span class='ocr_line' id='line_1_17' title="bbox 455 2442 1257 2542; baseline -0.002 -26"><span class='ocrx_word' id='word_1_104' title='bbox 455 2443 518 2516; x_wconf 89' lang='lat' dir='ltr'><strong>De</strong></span> <span class='ocrx_word' id='word_1_105' title='bbox 535 2442 727 2542; x_wconf 58' lang='lat' dir='ltr'><strong>disyllabis</strong></span> <span class='ocrx_word' id='word_1_106' title='bbox 738 2442 903 2540; x_wconf 77' lang='lat' dir='ltr'><strong>pedibus.</strong></span> <span class='ocrx_word' id='word_1_107' title='bbox 1243 2481 1257 2528; x_wconf 74' lang='lat'>3</span> 
     </span>
    </p>
   </div>
   <div class='ocr_carea' id='block_1_5' title="bbox 102 2571 1260 3592">
    <p class='ocr_par' dir='ltr' id='par_1_6' title="bbox 102 2571 1232 3131">
     <span class='ocr_line' id='line_1_18' title="bbox 182 2571 1232 2674; baseline -0.006 -26"><span class='ocrx_word' id='word_1_108' title='bbox 182 2575 364 2674; x_wconf 88' lang='lat' dir='ltr'><strong>Disyllabi</strong></span> <span class='ocrx_word' id='word_1_109' title='bbox 390 2573 499 2672; x_wconf 83' lang='lat' dir='ltr'><strong>podes</strong></span> <span class='ocrx_word' id='word_1_110' title='bbox 526 2589 611 2647; x_wconf 90' lang='lat' dir='ltr'><strong>sunt</strong></span> <span class='ocrx_word' id='word_1_111' title='bbox 636 2599 788 2648; x_wconf 86' lang='lat' dir='ltr'><strong>numero</strong></span> <span class='ocrx_word' id='word_1_112' title='bbox 815 2586 996 2670; x_wconf 90' lang='lat' dir='ltr'><strong>quattuor,</strong></span> <span class='ocrx_word' id='word_1_113' title='bbox 1022 2571 1117 2644; x_wconf 86' lang='lat' dir='ltr'><strong>¹ideo</strong></span> <span class='ocrx_word' id='word_1_114' title='bbox 1144 2599 1232 2668; x_wconf 85' lang='lat' dir='ltr'><strong>quo·</strong></span> 
     </span>
     <span class='ocr_line' id='line_1_19' title="bbox 137 2687 1232 2787; baseline 0.002 -29"><span class='ocrx_word' id='word_1_115' title='bbox 137 2687 229 2762; x_wconf 89' lang='lat' dir='ltr'><strong>niam</strong></span> <span class='ocrx_word' id='word_1_116' title='bbox 247 2716 320 2762; x_wconf 89' lang='lat' dir='ltr'><strong>una</strong></span> <span class='ocrx_word' id='word_1_117' title='bbox 337 2689 475 2787; x_wconf 90' lang='lat' dir='ltr'><strong>syllaba</strong></span> <span class='ocrx_word' id='word_1_118' title='bbox 492 2687 564 2760; x_wconf 90' lang='lat' dir='ltr'><strong>duo</strong></span> <span class='ocrx_word' id='word_1_119' title='bbox 584 2689 693 2762; x_wconf 90' lang='lat' dir='ltr'><strong>habet</strong></span> <span class='ocrx_word' id='word_1_120' title='bbox 713 2688 909 2775; x_wconf 86' lang='lat' dir='ltr'><strong>schemata,</strong></span> <span class='ocrx_word' id='word_1_121' title='bbox 926 2712 1012 2760; x_wconf 88' lang='lat' dir='ltr'><strong>narn</strong></span> <span class='ocrx_word' id='word_1_122' title='bbox 1039 2699 1101 2760; x_wconf 90' lang='lat' dir='ltr'><strong>aut</strong></span> <span class='ocrx_word' id='word_1_123' title='bbox 1123 2688 1232 2786; x_wconf 84' lang='lat' dir='ltr'><strong>longa</strong></span> 
     </span>
     <span class='ocr_line' id='line_1_20' title="bbox 136 2783 1232 2901; baseline 0.002 -27"><span class='ocrx_word' id='word_1_124' title='bbox 136 2819 187 2874; x_wconf 89' lang='lat' dir='ltr'><strong>cst</strong></span> <span class='ocrx_word' id='word_1_125' title='bbox 215 2817 278 2876; x_wconf 87' lang='lat' dir='ltr'><strong>aut</strong></span> <span class='ocrx_word' id='word_1_126' title='bbox 305 2783 445 2876; x_wconf 79' lang='lat' dir='ltr'><strong>brevis:</strong></span> <span class='ocrx_word' id='word_1_127' title='bbox 472 2803 554 2876; x_wconf 88' lang='lat' dir='ltr'><strong>duae</strong></span> <span class='ocrx_word' id='word_1_128' title='bbox 582 2803 728 2901; x_wconf 73' lang='lat' dir='ltr'><strong>syllaba</strong></span> <span class='ocrx_word' id='word_1_129' title='bbox 756 2815 927 2901; x_wconf 89' lang='lat' dir='ltr'><strong>quattuor</strong></span> <span class='ocrx_word' id='word_1_130' title='bbox 954 2801 1138 2874; x_wconf 84' lang='lat' dir='ltr'><strong>schemata</strong></span> <span class='ocrx_word' id='word_1_131' title='bbox 1169 2803 1232 2876; x_wconf 91' lang='lat' dir='ltr'><strong>ha-</strong></span> 
     </span>
     <span class='ocr_line' id='line_1_21' title="bbox 136 2917 1232 3016; baseline 0.002 -27"><span class='ocrx_word' id='word_1_132' title='bbox 136 2917 231 3003; x_wconf 88' lang='lat' dir='ltr'><strong>bent,</strong></span> <span class='ocrx_word' id='word_1_133' title='bbox 248 2945 334 2992; x_wconf 92' lang='lat' dir='ltr'><strong>nam</strong></span> <span class='ocrx_word' id='word_1_134' title='bbox 354 2933 417 2992; x_wconf 90' lang='lat' dir='ltr'><strong>aut</strong></span> <span class='ocrx_word' id='word_1_135' title='bbox 433 2920 549 2991; x_wconf 80' lang='lat' dir='ltr'><strong>ambre</strong></span> <span class='ocrx_word' id='word_1_136' title='bbox 567 2920 691 2992; x_wconf 88' lang='lat' dir='ltr'><strong>breves</strong></span> <span class='ocrx_word' id='word_1_137' title='bbox 709 2933 804 3006; x_wconf 87' lang='lat' dir='ltr'><strong>sunt,</strong></span> <span class='ocrx_word' id='word_1_138' title='bbox 818 2931 879 2990; x_wconf 90' lang='lat' dir='ltr'><strong>aut</strong></span> <span class='ocrx_word' id='word_1_139' title='bbox 894 2917 1011 2990; x_wconf 85' lang='lat' dir='ltr'><strong>amhae</strong></span> <span class='ocrx_word' id='word_1_140' title='bbox 1031 2917 1157 3016; x_wconf 71' lang='lat' dir='ltr'><strong>longae,</strong></span> <span class='ocrx_word' id='word_1_141' title='bbox 1170 2931 1232 2992; x_wconf 90' lang='lat' dir='ltr'><strong>aut</strong></span> 
     </span>
     <span class='ocr_line' id='line_1_22' title="bbox 102 3013 1114 3131; baseline 0.002 -27"><span class='ocrx_word' id='word_1_142' title='bbox 102 3013 113 3038; x_wconf 72' lang='grc'><em>’</em></span> <span class='ocrx_word' id='word_1_143' title='bbox 137 3035 204 3104; x_wconf 89' lang='lat' dir='ltr'><strong>una</strong></span> <span class='ocrx_word' id='word_1_144' title='bbox 223 3033 352 3119; x_wconf 88' lang='lat' dir='ltr'><strong>brevis,</strong></span> <span class='ocrx_word' id='word_1_145' title='bbox 371 3058 448 3105; x_wconf 91' lang='lat' dir='ltr'><strong>una·</strong></span> <span class='ocrx_word' id='word_1_146' title='bbox 460 3033 578 3131; x_wconf 86' lang='lat' dir='ltr'><strong>longa,</strong></span> <span class='ocrx_word' id='word_1_147' title='bbox 594 3047 657 3106; x_wconf 90' lang='lat' dir='ltr'><strong>aut</strong></span> <span class='ocrx_word' id='word_1_148' title='bbox 675 3059 745 3106; x_wconf 90' lang='lat' dir='ltr'><strong>una</strong></span> <span class='ocrx_word' id='word_1_149' title='bbox 763 3033 881 3130; x_wconf 82' lang='lat' dir='ltr'><strong>longa,</strong></span> <span class='ocrx_word' id='word_1_150' title='bbox 897 3057 970 3104; x_wconf 90' lang='lat' dir='ltr'><strong>una</strong></span> <span class='ocrx_word' id='word_1_151' title='bbox 987 3030 1114 3106; x_wconf 89' lang='lat' dir='ltr'><strong>brevis.</strong></span> 
     </span>
    </p>

    <p class='ocr_par' dir='ltr' id='par_1_7' title="bbox 134 3145 1260 3592">
     <span class='ocr_line' id='line_1_23' title="bbox 181 3145 1260 3248; baseline 0.002 -28"><span class='ocrx_word' id='word_1_152' title='bbox 181 3147 430 3245; x_wconf 75' lang='lat' dir='ltr'><strong>Pyrr-isichius</strong></span> <span class='ocrx_word' id='word_1_153' title='bbox 454 3173 518 3248; x_wconf 89' lang='lat' dir='ltr'><strong>pes</strong></span> <span class='ocrx_word' id='word_1_154' title='bbox 541 3174 561 3218; x_wconf 88' lang='lat' dir='ltr'><strong>e</strong></span> <span class='ocrx_word' id='word_1_155' title='bbox 587 3147 760 3220; x_wconf 75' lang='lat' dir='ltr'><strong>lnduabus</strong></span> <span class='ocrx_word' id='word_1_156' title='bbox 787 3145 954 3218; x_wconf 90' lang='lat' dir='ltr'><strong>brevibus</strong></span> <span class='ocrx_word' id='word_1_157' title='bbox 971 3160 1123 3231; x_wconf 88' lang='lat' dir='ltr'><strong>constat,</strong></span> <span class='ocrx_word' id='word_1_158' title='bbox 1141 3159 1260 3222; x_wconf 74' lang='lat' dir='ltr'><strong>tem-⁴</strong></span> 
     </span>
     <span class='ocr_line' id='line_1_24' title="bbox 134 3261 1231 3366; baseline 0.002 -32"><span class='ocrx_word' id='word_1_159' title='bbox 134 3289 259 3360; x_wconf 89' lang='lat' dir='ltr'><strong>porum</strong></span> <span class='ocrx_word' id='word_1_160' title='bbox 284 3262 414 3350; x_wconf 90' lang='lat' dir='ltr'><strong>duum,</strong></span> <span class='ocrx_word' id='word_1_161' title='bbox 431 3277 471 3336; x_wconf 92' lang='lat' dir='ltr'><strong>ut</strong></span> <span class='ocrx_word' id='word_1_162' title='bbox 494 3263 628 3336; x_wconf 79' lang='lat' dir='ltr'><strong>herus:</strong></span> <span class='ocrx_word' id='word_1_163' title='bbox 655 3263 717 3359; x_wconf 89' lang='lat' dir='ltr'><strong>qui</strong></span> <span class='ocrx_word' id='word_1_164' title='bbox 745 3261 958 3366; x_wconf 74' lang='lat' dir='ltr'><strong>aPymhica</strong></span> <span class='ocrx_word' id='word_1_165' title='bbox 982 3263 1079 3334; x_wconf 87' lang='lat' dir='ltr'><strong>lusus</strong></span> <span class='ocrx_word' id='word_1_166' title='bbox 1103 3289 1231 3360; x_wconf 84' lang='lat' dir='ltr'><strong>genere</strong></span> 
     </span>
     <span class='ocr_line' id='line_1_25' title="bbox 134 3377 1231 3474; baseline 0.004 -26"><span class='ocrx_word' id='word_1_167' title='bbox 134 3391 264 3450; x_wconf 81' lang='lat' dir='ltr'><strong>nomen</strong></span> <span class='ocrx_word' id='word_1_168' title='bbox 291 3377 443 3474; x_wconf 87' lang='lat' dir='ltr'><strong>accepit,</strong></span> <span class='ocrx_word' id='word_1_169' title='bbox 468 3377 553 3473; x_wconf 87' lang='lat' dir='ltr'><strong>quia</strong></span> <span class='ocrx_word' id='word_1_170' title='bbox 580 3377 650 3448; x_wconf 88' lang='lat' dir='ltr'><strong>hoc</strong></span> <span class='ocrx_word' id='word_1_171' title='bbox 674 3403 762 3448; x_wconf 91' lang='lat' dir='ltr'><strong>sono</strong></span> <span class='ocrx_word' id='word_1_172' title='bbox 786 3377 920 3450; x_wconf 85' lang='lat' dir='ltr'><strong>milites</strong></span> <span class='ocrx_word' id='word_1_173' title='bbox 944 3377 997 3450; x_wconf 88' lang='lat' dir='ltr'><strong>usi</strong></span> <span class='ocrx_word' id='word_1_174' title='bbox 1023 3377 1091 3450; x_wconf 73' lang='lat' dir='ltr'><strong>rub</strong></span> <span class='ocrx_word' id='word_1_175' title='bbox 1107 3380 1231 3468; x_wconf 79' lang='lat' dir='ltr'><strong>armis,</strong></span> 
     </span>
     <span class='ocr_line' id='line_1_26' title="bbox 134 3489 1258 3592; baseline 0.001 -29"><span class='ocrx_word' id='word_1_176' title='bbox 134 3503 194 3564; x_wconf 77' lang='lat' dir='ltr'><strong>nut</strong></span> <span class='ocrx_word' id='word_1_177' title='bbox 216 3492 275 3563; x_wconf 86' lang='lat' dir='ltr'><strong>ille</strong></span> <span class='ocrx_word' id='word_1_178' title='bbox 303 3489 365 3576; x_wconf 86' lang='lat' dir='ltr'><strong>ait,</strong></span> <span class='ocrx_word' id='word_1_179' title='bbox 383 3515 446 3588; x_wconf 92' lang='lat' dir='ltr'><strong>per</strong></span> <span class='ocrx_word' id='word_1_180' title='bbox 469 3490 594 3562; x_wconf 90' lang='lat' dir='ltr'><strong>ludum</strong></span> <span class='ocrx_word' id='word_1_181' title='bbox 620 3491 721 3563; x_wconf 84' lang='lat' dir='ltr'><strong>ciunt</strong></span> <span class='ocrx_word' id='word_1_182' title='bbox 737 3491 937 3566; x_wconf 84' lang='lat' dir='ltr'><strong>simulacro</strong></span> <span class='ocrx_word' id='word_1_183' title='bbox 950 3519 1094 3592; x_wconf 72' lang='lat' dir='ltr'><strong>pugna.</strong></span> <span class='ocrx_word' id='word_1_184' title='bbox 1149 3493 1258 3592; x_wconf 80' lang='lat' dir='ltr'><strong>lpsas</strong></span> 
     </span>
    </p>
   </div>
   <div class='ocr_carea' id='block_1_6' title="bbox 172 3774 1228 3858">
    <p class='ocr_par' dir='ltr' id='par_1_8' title="bbox 172 3774 1228 3858">
     <span class='ocr_line' id='line_1_27' title="bbox 172 3774 1228 3858; baseline 0.009 -25"><span class='ocrx_word' id='word_1_185' title='bbox 172 3774 345 3854; x_wconf 68' lang='lat' dir='ltr'><strong>squonhm]</strong></span> <span class='ocrx_word' id='word_1_186' title='bbox 362 3775 408 3834; x_wconf 78' lang='lat' dir='ltr'><strong>sie</strong></span> <span class='ocrx_word' id='word_1_187' title='bbox 423 3777 458 3834; x_wconf 93' lang='lat' dir='ltr'><strong>L.</strong></span> <span class='ocrx_word' id='word_1_188' title='bbox 480 3775 630 3836; x_wconf 87' lang='lat' dir='ltr'><strong>Putscbius</strong></span> <span class='ocrx_word' id='word_1_189' title='bbox 644 3781 718 3852; x_wconf 79' lang='lat' dir='ltr'><strong>quio.</strong></span> <span class='ocrx_word' id='word_1_190' title='bbox 871 3781 1039 3858; x_wconf 70' lang='lat' dir='ltr'><strong>edicturus]</strong></span> <span class='ocrx_word' id='word_1_191' title='bbox 1056 3787 1179 3842; x_wconf 80' lang='lat' dir='ltr'><strong>dicturus</strong></span> <span class='ocrx_word' id='word_1_192' title='bbox 1193 3783 1228 3842; x_wconf 91' lang='lat' dir='ltr'><strong>L.</strong></span> 
     </span>
    </p>
   </div>
   <div class='ocr_carea' id='block_1_7' title="bbox 24 3855 1231 4028">
    <p class='ocr_par' dir='ltr' id='par_1_9' title="bbox 24 3855 1231 4028">
     <span class='ocr_line' id='line_1_28' title="bbox 24 3855 1231 3936; baseline 0.009 -25"><span class='ocrx_word' id='word_1_193' title='bbox 24 3885 26 3922; x_wconf 65' lang='lat'>4</span> <span class='ocrx_word' id='word_1_194' title='bbox 134 3859 268 3914; x_wconf 79' lang='lat' dir='ltr'><strong>dicturum</strong></span> <span class='ocrx_word' id='word_1_195' title='bbox 285 3855 444 3915; x_wconf 81' lang='lat' dir='ltr'><strong>Potachius.</strong></span> <span class='ocrx_word' id='word_1_196' title='bbox 555 3855 623 3915; x_wconf 73' lang='lat' dir='ltr'><strong>hdo</strong></span> <span class='ocrx_word' id='word_1_197' title='bbox 638 3858 736 3916; x_wconf 90' lang='lat' dir='ltr'><strong>borum</strong></span> <span class='ocrx_word' id='word_1_198' title='bbox 753 3877 871 3919; x_wconf 86' lang='lat' dir='ltr'><strong>numero</strong></span> <span class='ocrx_word' id='word_1_199' title='bbox 887 3863 1016 3936; x_wconf 89' lang='lat' dir='ltr'><strong>nomine]</strong></span> <span class='ocrx_word' id='word_1_200' title='bbox 1033 3866 1110 3921; x_wconf 84' lang='lat' dir='ltr'><strong>dect</strong></span> <span class='ocrx_word' id='word_1_201' title='bbox 1125 3867 1231 3922; x_wconf 82' lang='lat' dir='ltr'><strong>nornine</strong></span> 
     </span>
     <span class='ocr_line' id='line_1_29' title="bbox 24 3934 1231 4028; baseline 0.007 -36"><span class='ocrx_word' id='word_1_202' title='bbox 24 3939 26 4028; x_wconf 30' lang='grc' dir='ltr'>ζ</span> <span class='ocrx_word' id='word_1_203' title='bbox 135 3956 190 3994; x_wconf 85' lang='lat' dir='ltr'><strong>our.</strong></span> <span class='ocrx_word' id='word_1_204' title='bbox 203 3937 240 3994; x_wconf 92' lang='lat' dir='ltr'><strong>L.</strong></span> <span class='ocrx_word' id='word_1_205' title='bbox 343 3934 432 3994; x_wconf 75' lang='lat' dir='ltr'><strong>isunt</strong></span> <span class='ocrx_word' id='word_1_206' title='bbox 446 3939 494 4011; x_wconf 84' lang='lat' dir='ltr'><strong>ex]</strong></span> <span class='ocrx_word' id='word_1_207' title='bbox 512 3937 558 3995; x_wconf 88' lang='lat' dir='ltr'><strong>Sic</strong></span> <span class='ocrx_word' id='word_1_208' title='bbox 573 3937 607 3994; x_wconf 94' lang='lat' dir='ltr'><strong>L.</strong></span> <span class='ocrx_word' id='word_1_209' title='bbox 628 3947 692 3996; x_wconf 80' lang='lat' dir='ltr'><strong>runt</strong></span> <span class='ocrx_word' id='word_1_210' title='bbox 706 3939 955 3999; x_wconf 80' lang='lat' dir='ltr'><strong>etarPutschios.</strong></span> <span class='ocrx_word' id='word_1_211' title='bbox 1052 3941 1231 4022; x_wconf 73' lang='lat' dir='ltr'><strong>¹‘diligenter</strong></span> 
     </span>
    </p>
   </div>
   <div class='ocr_carea' id='block_1_8' title="bbox 135 4015 1232 4176">
    <p class='ocr_par' dir='ltr' id='par_1_10' title="bbox 135 4015 1232 4176">
     <span class='ocr_line' id='line_1_30' title="bbox 135 4015 1229 4098; baseline 0.008 -27"><span class='ocrx_word' id='word_1_212' title='bbox 135 4015 272 4088; x_wconf 87' lang='lat' dir='ltr'><strong>laborare]</strong></span> <span class='ocrx_word' id='word_1_213' title='bbox 290 4017 338 4074; x_wconf 87' lang='lat' dir='ltr'><strong>Sic</strong></span> <span class='ocrx_word' id='word_1_214' title='bbox 352 4017 387 4074; x_wconf 94' lang='lat' dir='ltr'><strong>L.</strong></span> <span class='ocrx_word' id='word_1_215' title='bbox 410 4019 554 4092; x_wconf 80' lang='lat' dir='ltr'><strong>diligenter</strong></span> <span class='ocrx_word' id='word_1_216' title='bbox 567 4036 626 4076; x_wconf 92' lang='lat' dir='ltr'><strong>om.</strong></span> <span class='ocrx_word' id='word_1_217' title='bbox 642 4017 799 4088; x_wconf 79' lang='lat' dir='ltr'><strong>Putschius.</strong></span> <span class='ocrx_word' id='word_1_218' title='bbox 862 4019 950 4078; x_wconf 88' lang='lat' dir='ltr'><strong>lideo</strong></span> <span class='ocrx_word' id='word_1_219' title='bbox 965 4021 1114 4098; x_wconf 87' lang='lat' dir='ltr'><strong>quoniam]</strong></span> <span class='ocrx_word' id='word_1_220' title='bbox 1133 4023 1180 4081; x_wconf 89' lang='lat' dir='ltr'><strong>Sic</strong></span> <span class='ocrx_word' id='word_1_221' title='bbox 1197 4025 1229 4080; x_wconf 91' lang='lat' dir='ltr'><strong>L.</strong></span> 
     </span>
     <span class='ocr_line' id='line_1_31' title="bbox 135 4097 1232 4176; baseline 0.009 -24"><span class='ocrx_word' id='word_1_222' title='bbox 135 4098 265 4156; x_wconf 81' lang='lat' dir='ltr'><strong>idsoom.</strong></span> <span class='ocrx_word' id='word_1_223' title='bbox 283 4097 440 4154; x_wconf 87' lang='lat' dir='ltr'><strong>Putschius.</strong></span> <span class='ocrx_word' id='word_1_224' title='bbox 502 4107 526 4139; x_wconf 83' lang='lat'><strong>¹¹¹</strong></span> <span class='ocrx_word' id='word_1_225' title='bbox 541 4097 650 4154; x_wconf 84' lang='lat' dir='ltr'><strong>duabus</strong></span> <span class='ocrx_word' id='word_1_226' title='bbox 664 4098 808 4173; x_wconf 80' lang='lat' dir='ltr'><strong>brevibus]</strong></span> <span class='ocrx_word' id='word_1_227' title='bbox 825 4102 930 4158; x_wconf 83' lang='lat' dir='ltr'><strong>duobus</strong></span> <span class='ocrx_word' id='word_1_228' title='bbox 942 4103 1054 4176; x_wconf 75' lang='lat' dir='ltr'><strong>syllabis</strong></span> <span class='ocrx_word' id='word_1_229' title='bbox 1069 4103 1103 4160; x_wconf 92' lang='lat' dir='ltr'><strong>L.</strong></span> <span class='ocrx_word' id='word_1_230' title='bbox 1170 4115 1232 4162; x_wconf 74' lang='lat' dir='ltr'><strong>nut</strong></span> 
     </span>
    </p>
   </div>
   <div class='ocr_carea' id='block_1_9' title="bbox 24 4175 1221 4256">
    <p class='ocr_par' dir='ltr' id='par_1_11' title="bbox 24 4175 1221 4256">
     <span class='ocr_line' id='line_1_32' title="bbox 24 4175 1221 4256; baseline 0.013 -28"><span class='ocrx_word' id='word_1_231' title='bbox 24 4193 27 4228; x_wconf 57' lang='lat' dir='ltr'><strong>a</strong></span> <span class='ocrx_word' id='word_1_232' title='bbox 135 4175 179 4233; x_wconf 87' lang='lat' dir='ltr'><strong>ille</strong></span> <span class='ocrx_word' id='word_1_233' title='bbox 199 4190 250 4242; x_wconf 89' lang='lat' dir='ltr'><strong>art,</strong></span> <span class='ocrx_word' id='word_1_234' title='bbox 273 4195 324 4253; x_wconf 88' lang='lat' dir='ltr'><strong>per</strong></span> <span class='ocrx_word' id='word_1_235' title='bbox 344 4175 440 4233; x_wconf 87' lang='lat' dir='ltr'><strong>ludum</strong></span> <span class='ocrx_word' id='word_1_236' title='bbox 460 4175 539 4234; x_wconf 89' lang='lat' dir='ltr'><strong>ciunt</strong></span> <span class='ocrx_word' id='word_1_237' title='bbox 560 4177 708 4240; x_wconf 85' lang='lat' dir='ltr'><strong>simulacra</strong></span> <span class='ocrx_word' id='word_1_238' title='bbox 731 4181 845 4256; x_wconf 81' lang='lat' dir='ltr'><strong>pugnae]</strong></span> <span class='ocrx_word' id='word_1_239' title='bbox 871 4181 916 4238; x_wconf 78' lang='lat' dir='ltr'><strong>Ita</strong></span> <span class='ocrx_word' id='word_1_240' title='bbox 933 4182 1003 4239; x_wconf 86' lang='lat' dir='ltr'><strong>citat</strong></span> <span class='ocrx_word' id='word_1_241' title='bbox 1023 4201 1056 4240; x_wconf 87' lang='lat' dir='ltr'><strong>ex</strong></span> <span class='ocrx_word' id='word_1_242' title='bbox 1081 4183 1143 4242; x_wconf 88' lang='lat' dir='ltr'><strong>cod.</strong></span> <span class='ocrx_word' id='word_1_243' title='bbox 1165 4185 1221 4243; x_wconf 84' lang='lat' dir='ltr'><strong>MS</strong></span> 
     </span>
    </p>
   </div>
   <div class='ocr_carea' id='block_1_10' title="bbox 133 4257 1231 4508">
    <p class='ocr_par' dir='ltr' id='par_1_12' title="bbox 133 4257 1231 4508">
     <span class='ocr_line' id='line_1_33' title="bbox 137 4257 1230 4336; baseline 0.01 -25"><span class='ocrx_word' id='word_1_244' title='bbox 137 4257 266 4334; x_wconf 81' lang='lat' dir='ltr'><strong>Cujacius</strong></span> <span class='ocrx_word' id='word_1_245' title='bbox 286 4257 357 4314; x_wconf 89' lang='lat' dir='ltr'><strong>Obs.</strong></span> <span class='ocrx_word' id='word_1_246' title='bbox 379 4257 530 4315; x_wconf 84' lang='lat' dir='ltr'><strong>x111.10.</strong></span> <span class='ocrx_word' id='word_1_247' title='bbox 553 4271 582 4316; x_wconf 89' lang='lat' dir='ltr'><strong>et</strong></span> <span class='ocrx_word' id='word_1_248' title='bbox 599 4257 638 4316; x_wconf 80' lang='lat' dir='ltr'><strong>sic</strong></span> <span class='ocrx_word' id='word_1_249' title='bbox 660 4258 717 4316; x_wconf 83' lang='lat' dir='ltr'><strong>sere</strong></span> <span class='ocrx_word' id='word_1_250' title='bbox 739 4258 775 4316; x_wconf 91' lang='lat' dir='ltr'><strong>L.</strong></span> <span class='ocrx_word' id='word_1_251' title='bbox 797 4259 824 4315; x_wconf 90' lang='lat' dir='ltr'><strong>in</strong></span> <span class='ocrx_word' id='word_1_252' title='bbox 844 4279 900 4336; x_wconf 90' lang='lat' dir='ltr'><strong>quo</strong></span> <span class='ocrx_word' id='word_1_253' title='bbox 922 4272 1017 4318; x_wconf 86' lang='lat' dir='ltr'><strong>tamen</strong></span> <span class='ocrx_word' id='word_1_254' title='bbox 1032 4281 1153 4336; x_wconf 79' lang='lat' dir='ltr'><strong>pugnum</strong></span> <span class='ocrx_word' id='word_1_255' title='bbox 1173 4284 1230 4322; x_wconf 91' lang='lat' dir='ltr'><strong>non</strong></span> 
     </span>
     <span class='ocr_line' id='line_1_34' title="bbox 133 4334 1231 4414; baseline 0.008 -21"><span class='ocrx_word' id='word_1_256' title='bbox 133 4355 238 4410; x_wconf 70' lang='lat' dir='ltr'><strong>pugne.</strong></span> <span class='ocrx_word' id='word_1_257' title='bbox 261 4334 397 4414; x_wconf 87' lang='lat' dir='ltr'><strong>Virgilius</strong></span> <span class='ocrx_word' id='word_1_258' title='bbox 412 4337 482 4394; x_wconf 82' lang='lat' dir='ltr'><strong>AEn.</strong></span> <span class='ocrx_word' id='word_1_259' title='bbox 498 4340 534 4397; x_wconf 91' lang='lat' dir='ltr'><strong>V.</strong></span> <span class='ocrx_word' id='word_1_260' title='bbox 550 4339 619 4414; x_wconf 83' lang='lat'><strong>585.</strong></span> <span class='ocrx_word' id='word_1_261' title='bbox 638 4357 790 4413; x_wconf 74' lang='lat' dir='ltr'><strong>pugnaque</strong></span> <span class='ocrx_word' id='word_1_262' title='bbox 807 4342 876 4396; x_wconf 71' lang='lat' dir='ltr'><strong>cient</strong></span> <span class='ocrx_word' id='word_1_263' title='bbox 890 4343 1056 4398; x_wconf 77' lang='lat' dir='ltr'><strong>simulachro</strong></span> <span class='ocrx_word' id='word_1_264' title='bbox 1076 4343 1125 4398; x_wconf 81' lang='lat' dir='ltr'><strong>sul</strong></span> <span class='ocrx_word' id='word_1_265' title='bbox 1139 4349 1231 4404; x_wconf 76' lang='lat' dir='ltr'><strong>onnia.</strong></span> 
     </span>
     <span class='ocr_line' id='line_1_35' title="bbox 138 4415 1231 4508; baseline 0.007 -36"><span class='ocrx_word' id='word_1_266' title='bbox 138 4415 230 4474; x_wconf 78' lang='lat' dir='ltr'><strong>Edidit</strong></span> <span class='ocrx_word' id='word_1_267' title='bbox 244 4415 414 4484; x_wconf 84' lang='lat' dir='ltr'><strong>Pntschius;</strong></span> <span class='ocrx_word' id='word_1_268' title='bbox 437 4419 608 4495; x_wconf 81' lang='lat' dir='ltr'><strong>periodum,</strong></span> <span class='ocrx_word' id='word_1_269' title='bbox 626 4431 656 4474; x_wconf 86' lang='lat' dir='ltr'><strong>nt</strong></span> <span class='ocrx_word' id='word_1_270' title='bbox 671 4415 717 4475; x_wconf 89' lang='lat' dir='ltr'><strong>ille</strong></span> <span class='ocrx_word' id='word_1_271' title='bbox 731 4418 778 4508; x_wconf 77' lang='lat' dir='ltr'><strong>ait,</strong></span> <span class='ocrx_word' id='word_1_272' title='bbox 794 4421 1055 4479; x_wconf 81' lang='lat' dir='ltr'><strong>ciebantsimulucro</strong></span> <span class='ocrx_word' id='word_1_273' title='bbox 1063 4441 1231 4496; x_wconf 80' lang='lat' dir='ltr'><strong>pugnorum.</strong></span> 
     </span>
    </p>
   </div>
   <div class='ocr_carea' id='block_1_11' title="bbox 641 4511 724 4584">
    <p class='ocr_par' dir='ltr' id='par_1_13' title="bbox 641 4511 724 4584">
     <span class='ocr_line' id='line_1_36' title="bbox 641 4511 724 4584; baseline 0.048 -4"><span class='ocrx_word' id='word_1_274' title='bbox 641 4511 724 4584; x_wconf 74' lang='lat' dir='ltr'><strong>ria</strong></span> 
     </span>
    </p>
   </div>
   <div class='ocr_carea' id='block_1_12' title="bbox 0 0 1542 5140">
    <p class='ocr_par' dir='ltr' id='par_1_14' title="bbox 0 0 1542 5140">
     <span class='ocr_line' id='line_1_37' title="bbox 0 0 1542 5140; baseline 0 0"><span class='ocrx_word' id='word_1_275' title='bbox 0 0 1542 5140; x_wconf 95' lang='lat' dir='ltr'><strong> </strong></span> 
     </span>
    </p>
   </div>
  </div>
 </body>
</html>
