3012 5084
153 403 314 462 esaar.
588 389 653 463 De
668 389 841 466 Pedihn.
1216 407 1264 482 ⁵9

151 587 195 644 ut
214 573 430 648 Homerus.-
457 600 611 670 sequens
628 574 767 648 duabus
784 577 979 673 cutrinque
1009 574 1124 674 longis
1143 575 1262 648 media

150 688 252 762 brevi
277 704 486 788 temporum
513 691 675 788 quinque
700 692 877 782 scribitur,
895 718 976 789 quse
994 691 1113 765 Graeci
1133 693 1261 788 sparserit

149 819 298 894 vocant,
315 819 357 878 ut
374 806 570 880 Eumenes.
624 807 784 905 Uterque
813 823 933 881 autem
960 835 980 880 a
998 807 1259 907 compositione

149 935 363 1020 temporum
377 924 596 996 vocabulum
615 923 734 996 traxit.
788 923 933 996 Horum
951 923 1050 996 Arsia
1068 950 1110 996 ae
1126 923 1258 996 Thesis

149 1037 261 1136 longe
290 1038 385 1111 inter
414 1065 452 1111 se
477 1039 693 1137 discrepant.
757 1039 856 1112 Nam
888 1037 1192 1136 “amphibrachus
1220 1039 1257 1112 in
1288 1049 1293 1060 “

149 1153 275 1252 triplo,
285 1153 516 1242 creticus,eui
527 1154 573 1227 de
587 1169 693 1252 gente
706 1155 901 1230 inventoris
912 1179 1047 1226 nomen
1059 1169 1124 1242 est,
1136 1153 1171 1226 in
1186 1181 1258 1227 ses·

149 1269 264 1367 euplo
289 1283 483 1368 pensatur:
511 1269 556 1342 de
573 1297 694 1368 quare
716 1271 750 1342 in
780 1269 1022 1368 superioribus
1049 1269 1256 1369 plenissime

149 1381 291 1457 dictum
312 1399 379 1458 est
423 1386 508 1460 Hoc
525 1386 618 1486 pede
639 1389 865 1485 θέπορχῆματα
881 1385 1105 1458 constabant.
1158 1385 1256 1458 Inter
1271 1413 1303 1467 ²9

150 1499 231 1572 haec
248 1528 297 1572 ue
315 1503 496 1602 quispiam
516 1529 582 1576 nos
600 1517 661 1576 aut
678 1501 902 1601 ignoratione
915 1514 978 1572 aut
996 1499 1131 1573 incuria
1148 1499 1256 1598 ‘prse-

149 1617 292 1689 teriisse
320 1617 470 1691 forsitan
498 1633 613 1718 putet,
638 1617 735 1716 quod
766 1644 830 1716 per
859 1616 1072 1688 divisionem
1103 1631 1141 1688 et
1170 1643 1255 1690 con-

141 1733 378 1828 junctionem
406 1734 498 1808 inter
520 1762 558 1807 se
583 1749 787 1833 temporum
806 1747 843 1805 et
864 1731 1057 1830 rdisyltabi
1083 1731 1193 1830 pedes
1218 1732 1253 1804 in

148 1851 277 1922 metris
304 1851 559 1940 extendantur,
582 1851 758 1952 trisyllabi
786 1850 840 1922 vel
867 1848 1089 1946 tetrasyllabi
1113 1861 1254 1922 contra-

149 1964 300 2055 hantur,
326 1964 452 2063 hquod
482 1995 590 2066 supra
619 1968 751 2041 cursim
780 1965 894 2060 attigi,
921 1963 1154 2062 repetendum
1184 1964 1254 2036 hoc

149 2079 258 2152 uobis
286 2079 517 2154 iexistimavi.
579 2083 677 2154 Nam
706 2081 882 2155 ltrochaei
906 2107 968 2152 seu
987 2079 1096 2152 iambi
1125 2080 1299 2176 ¹longa30

147 2197 186 2268 in
217 2195 312 2269 duas
339 2199 462 2270 breves
490 2199 604 2271 divisa
637 2199 894 2272 mtribrachum
926 2196 1053 2294 pedem
1086 2195 1253 2268 efficient.

147 2313 347 2410 ”Adaeque
381 2313 418 2385 in
451 2314 622 2414 spondeo,
648 2316 764 2387 soluta
794 2314 829 2386 iu
861 2315 983 2384 breves
1018 2311 1113 2410 prior
1143 2312 1254 2409 longa

149 2442 391 2528 anapaestum,
408 2457 559 2528 sequens
585 2431 795 2528 ⁰dactylum
826 2429 1037 2528 procreabit.
1091 2427 1253 2524 Utraque

149 2559 272 2618 autem
304 2545 419 2618 divisa
443 2546 713 2645 tetrasyllabum
741 2573 761 2617 e
787 2558 983 2642 Pquattuor
1011 2544 1191 2631 brevibus,
1216 2542 1253 2614 id

149 2677 217 2747 est,
249 2660 647 2734 *Proeeleusmaticum
683 2661 812 2761 pedem
848 2661 1000 2744 dabunt,
1034 2658 1095 2756 qui
1132 2683 1252 2730 rursus

149 2791 277 2850 eontra
316 2791 330 2824 ¹
339 2779 550 2852 consociatis
585 2780 677 2850 inter
710 2805 747 2848 se
780 2777 947 2852 brevibus
990 2775 1033 2848 ad
1076 2775 1250 2870 originem

149 2904 383 2978 'revertetun
401 2892 436 2965 id
462 2909 528 2982 est,
546 2893 744 2993 spondeum
772 2891 1002 2964 reformabit:
1028 2889 1124 2988 quod
1149 2916 1253 2986 aeque

149 3007 345 3108 tdactylus
361 3023 399 3081 et
415 3023 627 3108 anapestus,
646 3007 811 3080 brevibus
829 3007 901 3080 suis
923 3008 960 3079 in
978 3007 1121 3104 longam
1141 3032 1253 3104 copu-

148 3124 243 3208 latis,
261 3123 423 3197 efficient
450 3125 657 3197 molossum.
702 3123 799 3196 Eum
818 3149 963 3221 quoque
980 3123 1089 3194 trium
1115 3135 1291 3206 utetra-31

149 3240 374 3338 syllaborum
394 3254 578 3339 parentem
598 3239 731 3339 pedum
750 3239 818 3312 'in
837 3251 1007 3339 promptu
1026 3251 1081 3310 est
1094 3263 1248 3310 cernere.

190 3519 368 3596 eutrinque]
390 3519 502 3598 utn‘que
523 3519 553 3576 P.
698 3513 965 3594 dhmphibnchus]
984 3511 1199 3592 Amphibrachis
1218 3513 1248 3570 P.

148 3603 343 3675 εὰηχῆματα
357 3601 539 3675 constabant]
556 3617 767 3674 amporam
782 3598 813 3656 P.
908 3593 1113 3673 lpmteriisse]
1131 3605 1247 3672 prater·

147 3685 205 3742 ine
219 3683 251 3741 P.
308 3680 510 3759 tdirsyllsbis]
528 3679 656 3756 disyllabi
670 3679 702 3737 P.
757 3676 876 3754 hqrrod]
892 3696 954 3753 qua
969 3677 1000 3733 P.
1052 3673 1245 3750 ¹existimari]

145 3764 288 3821 numan
302 3763 334 3821 P.
349 3763 393 3821 ed.
406 3764 487 3819 Cam.
555 3758 716 3834 ktrochaei]
734 3757 840 3816 trochei
858 3758 889 3815 P.
959 3753 1080 3836 ¹longa]
1100 3755 1199 3834 longas
1214 3757 1247 3814 P.

147 3853 172 3886 ¹²
186 3844 375 3920 tribrachum]
396 3843 555 3920 tribrachyn
577 3841 607 3898 P.
757 3850 773 3882 ¹¹
786 3837 924 3915 Adaeque]
949 3851 1057 3914 atraque
1073 3838 1102 3896 P.
1133 3837 1248 3913 adusque

145 3922 270 3984 correxit
284 3923 470 3982 Camerarius.
586 3920 772 3998 ⁰dsctylum]
788 3918 921 3976 dactilum
937 3919 968 3976 P.
1082 3918 1245 3995 equatuor]
1367 3935 1375 3948 ·

145 4018 282 4082 quaturor
298 4005 329 4062 P.
411 4002 738 4082 aproceleusmatieum]
757 3997 1023 4078 proceleumaticum
1038 3999 1069 4056 P.
1151 4007 1246 4054 'con-

145 4085 274 4161 sociatis]
293 4105 360 4143 nam
374 4085 488 4144 sociatis
502 4083 533 4141 P.
598 4083 791 4155 ⁸revertetur]
808 4093 962 4138 revertatur
975 4079 1006 4137 P.
1079 4077 1243 4155 tamayus]

144 4165 265 4224 dactilus
279 4167 311 4224 P.
407 4177 424 4208 ¹¹
439 4163 694 4242 tetrasyllaborum]
713 4161 952 4239 tetrasyllabarum
969 4161 999 4218 P.
1095 4169 1117 4200 ¹
1131 4179 1245 4238 promp-

144 4249 221 4322 tum]
237 4246 435 4326 inpromptum
451 4247 483 4317 P,

186 4454 234 4510 28.
256 4451 423 4526 ὑπορχήματα
444 4450 611 4508 Nuonesius
630 4468 675 4528 ap.
753 4445 963 4522 toreumati]
982 4443 1244 4523 Legerepetendam

147 4533 265 4592 Saoten.
281 4533 317 4591 ad
330 4533 451 4591 Terent.
466 4532 562 4590 Maur.
577 4551 604 4608 p.
615 4547 666 4608 97.
718 4531 767 4586 hoc
781 4529 856 4587 nohis
867 4529 1028 4586 mutuanti.
1051 4523 1203 4582 CAMER.

766 4639 821 4696 12
