3076 5140
307 433 380 496 210
694 415 815 492 Marii
833 415 1021 492 Victorini
1262 437 1337 488 sis.
1355 436 1411 490 ιν.

305 605 406 704 pitur
421 631 441 681 o
455 629 485 702 g
501 615 538 678 et
554 628 588 692 r,
602 599 687 698 quis
701 627 843 700 semper
856 599 983 676 ultima
1002 598 1190 699 syllabast
1205 597 1244 671 in
1255 597 1411 696 integro,

307 734 344 796 et
370 719 408 794 in
434 731 627 804 commoto,
652 717 752 794 omni
779 717 858 814 lege
884 717 926 790 tit
948 716 1070 804 libera,
1095 741 1158 790 seu
1185 713 1286 812 ‘quis
1310 713 1412 814 prius

307 861 451 910 comma
474 859 750 930 nonnunquam,
770 845 934 932 utsupra
955 829 1126 922 diximus,
1142 829 1275 905 cretico
1292 829 1414 908 'clau-

227 1001 233 1012 ·
307 949 415 1024 ditur.

263 1082 295 1141 ar
359 1065 496 1148 Quarta
522 1088 619 1136 nuno
648 1089 668 1136 a
699 1063 801 1136 nobis
835 1064 972 1164 species
1001 1061 1241 1152 inchoabitur,
1268 1087 1343 1137 non
1369 1075 1413 1140 ut

308 1179 469 1278 superior
492 1178 663 1278 perplexa
687 1206 753 1257 nec
780 1179 984 1280 multiplex,
1002 1179 1105 1276 cujus
1126 1191 1225 1255 tonse
1251 1179 1319 1251 sub
1341 1178 1412 1250 hoc

308 1321 411 1370 versu
430 1293 511 1372 talis
529 1293 672 1371 existit:

462 1411 623 1484 Carmen
639 1435 752 1484 move
768 1411 918 1484 dedistis
934 1438 954 1484 o
975 1411 1165 1486 camena.

308 1525 405 1600 Nam
431 1525 592 1616 detracto
617 1526 733 1623 primo
749 1541 930 1607 commate
954 1553 1074 1606 versus
1102 1525 1214 1614 heroi,
1237 1524 1413 1624 supererit

309 1641 457 1742 dipodia
482 1667 503 1714 o
530 1641 719 1727 Comoenro,
744 1642 822 1716 baec
845 1643 973 1717 incisio
997 1642 1103 1716 tertio
1128 1639 1287 1719 trocheo
1312 1651 1414 1715 'ter-

311 1771 480 1842 minatus
498 1781 561 1842 sic,

464 1870 622 1949 Carmen
637 1898 749 1948 suave
766 1874 925 1952 dedistis.

265 2003 296 2066 ⁸⁵
310 1987 369 2062 De
386 2014 458 2085 quo
476 1987 512 2060 in
532 1987 649 2086 primo
666 1990 849 2072 volumine
868 1989 1087 2089 plenissime,
1099 1989 1192 2067 iuter
1207 1988 1293 2068 alias
1311 1985 1414 2062 hemi

311 2129 433 2179 versus
451 2116 581 2192 tomas,
597 2103 768 2194 diximus,
786 2104 909 2201 ¹cujus
930 2123 967 2183 et
984 2105 1192 2206 exemplum
1220 2103 1315 2205 apud
1333 2103 1416 2178 Vir-

310 2217 440 2317 gilium
457 2231 621 2292 nostrum
640 2219 864 2296 ostendimus
884 2221 964 2310 hoe,

466 2341 664 2438 lrzsandom
681 2346 825 2444 regino.

311 2473 409 2548 Nam
437 2474 577 2547 residua
603 2474 669 2547 sibi
700 2489 800 2574 parte
827 2474 966 2572 adjecta
997 2473 1247 2549 hexametrum
1278 2471 1416 2564 tdabit,

316 2616 653 2782 81ς’ίίινηιθηιειιαυε
669 2705 821 2780 dedistis
842 2703 1079 2803 Olympiades
1094 2703 1203 2778 'miii
1219 2703 1356 2778 Mnsre.

269 2869 301 2920 so
314 2845 499 2930 Similiter,

414 2959 614 3062 Infandum
631 2960 763 3060 regina
768 2958 883 3057 jubes
896 2983 1074 3036 reuocare
1090 2959 1260 3033 dolorem.

314 3101 466 3200 Adjects
491 3100 589 3173 enim
621 3101 779 3173 trocbaeo
805 3099 909 3173 tertia
931 3099 1046 3172 brevis
1071 3099 1201 3199 pedem
1227 3067 1416 3200 daitylum

316 3231 431 3288 metro
449 3213 614 3301 reddidit,
634 3241 675 3288 ac
698 3241 762 3287 sua
779 3241 922 3288 versum
942 3215 1021 3314 lege
1038 3215 1225 3288 conclusit.

271 3354 301 3414 87
366 3330 506 3411 Quinta
524 3347 642 3403 sutem
662 3328 973 3429 ⁸hendecasyllabi
1000 3330 1135 3431 species
1155 3331 1317 3404 admixto
1335 3359 1420 3406 ana-

317 3457 429 3542 paesto
455 3444 641 3518 Sotadium
670 3445 755 3516 facit
778 3459 946 3518 metrum.
1000 3445 1097 3519 Nam
1128 3446 1155 3518 si
1184 3461 1266 3520 ante
1294 3447 1421 3552 dacty-

317 3560 407 3650 lum,
424 3559 485 3658 qui
504 3573 585 3658 post
602 3559 803 3658 spondeum
827 3561 1034 3634 solemniter
1051 3563 1086 3636 iu
1107 3563 1177 3636 hoe
1195 3589 1296 3637 versu
1315 3565 1421 3664 poni-

316 3689 386 3762 tur,
412 3674 657 3776 banapaestum
686 3675 826 3766 inferas,
877 3677 1066 3750 Sotadium
1092 3693 1247 3752 metrum
1275 3682 1421 3785 propria

320 3788 565 3864 modulatione
582 3791 765 3863 formabis.
806 3791 887 3864 Erit
903 3793 1091 3891 ceuemplo
1109 3819 1229 3866 versus
1248 3795 1319 3880 hic,

472 3903 631 3978 Carmen
648 3903 820 3979 Pierides
837 3907 975 3980 dobunt
990 3931 1142 3980 sorores.

273 4059 305 4108 88
319 4045 420 4118 Huic
438 4045 466 4118 si
486 4043 656 4140 adjeceris
674 4044 810 4143 lepido,
821 4046 883 4146 qui
902 4062 958 4119 est
975 4060 1189 4146 anapaestus,
1205 4049 1297 4125 inter
1314 4077 1423 4150 spon·

359 4235 463 4312 tquta]
481 4257 538 4314 qus
551 4238 581 4294 P.
683 4237 902 4312 lconcluditur]
918 4237 1058 4297 clauditur
1073 4239 1104 4296 P.
1200 4241 1421 4318 'terminaturJ

320 4365 463 4424 tenninati
479 4367 510 4423 Ρ.
574 4377 589 4410 ¹
604 4371 683 4445 cujus
697 4369 740 4443 et]
755 4380 784 4426 et
798 4387 856 4426 om.
873 4369 904 4425 P.
976 4368 1098 4444 idabit]
1113 4319 1192 4430 didit
1207 4371 1237 4428 P.
1323 4383 1337 4414 ²
1354 4373 1423 4431 mihi

320 4446 420 4525 musae]
438 4446 508 4504 mihi
521 4467 579 4505 om.
596 4447 628 4504 P.
711 4460 726 4492 ⁸
740 4447 987 4526 hendecasyllabo]
1005 4451 1211 4530 endecasyllabi
1224 4453 1255 4511 P.
1322 4449 1339 4495 b
1353 4473 1422 4511 ana·

320 4529 452 4603 pastum]
467 4541 617 4604 anapestus
633 4529 662 4585 P.
745 4529 916 4606 sexcuplo]
932 4531 1065 4608 exempla
1079 4532 1111 4590 P.
