3124 5120
318 409 364 472 88
700 397 822 472 Marii
844 397 1031 472 Victorini
1297 425 1371 476 urs.
1390 425 1416 476 1.

316 579 531 654 Theocritus
552 579 797 678 Syracusanus
817 581 994 672 observat,
1012 584 1172 682 exceptis
1199 585 1324 684 paucis
1342 611 1418 659 ver-

318 695 439 768 siculis
457 693 650 790 dequibus
669 695 706 768 in
723 721 891 793 processu
909 695 1083 770 dicemus.

348 891 450 974 Car.
472 891 564 972 XX.
605 895 670 976 De
688 920 882 976 concursu
901 909 940 978 et
958 895 1157 978 collisione
1175 897 1382 978 vocalium.

366 1042 599 1116 Obseruando
618 1044 798 1142 praecipue
816 1043 852 1116 in
872 1044 994 1116 metris
1021 1043 1217 1116 litterarum
1237 1046 1415 1118 vocalium

317 1157 410 1230 inter
431 1183 469 1230 se
489 1157 638 1246 collisio,
654 1183 735 1253 quoe
761 1156 933 1232 trifariam
952 1157 1084 1246 evenit,
1101 1157 1137 1230 id
1154 1171 1220 1246 cst,
1238 1183 1301 1256 per
1323 1171 1417 1231 lm-

316 1272 458 1363 alcrqlip,
471 1271 617 1358 ἔκθλιψιν,
631 1271 863 1364 evacualum,
875 1271 928 1346 vel
946 1271 1144 1366 'mmipeom
1156 1297 1310 1369 quarum
1323 1273 1417 1346 inter

288 1415 355 1474 ‚se
375 1385 574 1460 differentia
595 1385 676 1459 talis
700 1399 765 1458 est.
816 1386 916 1459 Nam
941 1387 1188 1478 σνκιλιιφῆοεῑ,
1211 1413 1293 1462 cum
1323 1387 1417 1460 inter

315 1501 404 1576 duas
420 1500 580 1598 loquelas
597 1499 748 1574 duarum
767 1501 947 1575 vocalium
964 1527 1160 1576 concursus
1185 1505 1333 1578 alteram
1351 1504 1417 1576 eli-

315 1617 388 1690 dit:
414 1616 450 1688 id
468 1629 535 1703 est,
553 1641 637 1688 cum
655 1613 737 1688 duee
754 1629 871 1715 partes
888 1615 1059 1690 orationis
1074 1617 1125 1692 ita
1141 1631 1284 1707 cocum,
1301 1633 1342 1692 ut
1364 1619 1416 1692 al-

315 1745 390 1805 tera
408 1732 443 1804 in
462 1730 623 1804 vocalem
641 1729 792 1815 desinat,
805 1743 842 1801 et
859 1729 969 1802 altera
987 1730 1138 1831 incipiat
1155 1760 1176 1808 a
1192 1734 1328 1808 vocali:
1352 1747 1404 1824 ut,

314 1963 371 2036 lte
514 1861 593 1936 Hic
609 1863 718 1937 lassa
734 1863 871 1937 AEoec
887 1863 1020 1936 stabul.

374 1989 423 2048 m,

512 2057 732 2159 Priamique
749 2069 910 2132 euertere
924 2069 1081 2158 gentem.

285 2193 395 2287 3Ncc
412 2208 534 2267 tamen
552 2193 730 2293 putaveris
748 2192 949 2289 quamlibet
965 2205 1007 2266 *e
1018 2192 1158 2266 duabus
1170 2191 1280 2266 eximi
1297 2217 1413 2290 posse,

314 2309 374 2382 illa
400 2309 497 2382 enim
521 2335 602 2406 quae
627 2309 843 2406 supervenit,
870 2310 1026 2408 priorem
1052 2335 1195 2409 semper
1219 2308 1413 2395 bexcludit,

285 2451 385 2525 4non
417 2427 514 2525 prior
540 2439 761 2523 sequentem.
798 2422 964 2513 Ἐκθλιψις
980 2440 1100 2500 autem
1118 2427 1175 2500 vel
1201 2425 1336 2522 ἕκτριψκ
1356 2427 1413 2514 fit,

315 2567 397 2614 cum
415 2539 496 2614 duoe
520 2541 612 2614 inter
628 2567 666 2612 se
686 2538 861 2613 dictiones
879 2539 967 2613 dure
985 2555 1235 2614 concurrentes
1253 2541 1410 2638 aliquam

313 2657 477 2756 pluresve
506 2656 683 2728 vocalium
711 2680 795 2728 cum
822 2655 1033 2729 consonanti
1060 2655 1272 2728 edumtanat
1294 2655 1412 2755 expri-

315 2785 438 2844 munt:
462 2783 515 2859 ut,

363 2884 528 2960 Mullum
543 2883 610 2958 ille
626 2893 662 2957 et
679 2882 964 2984 terriajoclutus
981 2892 1017 2956 et
1034 2883 1120 2958 ullo.

312 3001 421 3090 ltem,

361 3113 601 3189 “Circumdut
617 3114 874 3212 necquicquam
888 3111 1048 3185 humeris
1060 3122 1096 3186 ct
1107 3110 1239 3186 inutile
1240 3107 1410 3211 serrum.

283 3229 539 3328 ὅΣυνεκφῶνησις
560 3254 654 3316 vero,
671 3253 753 3300 cum
771 3227 853 3299 duoe
878 3227 1017 3300 vocales
1040 3227 1076 3298 in
1102 3251 1209 3300 unam
1234 3225 1409 3324 syllabam

311 3355 500 3440 coguntur,
517 3367 598 3438 quae
623 3355 774 3439 possunt
797 3339 947 3414 duarum
972 3341 1190 3438 syllabarum
1213 3340 1333 3412 locum
1356 3337 1413 3410 di-

311 3457 395 3530 visae
409 3455 601 3554 complere,
612 3455 731 3528 ‘nulla
743 3454 933 3528 dumtaxat
946 3454 1155 3554 interposita
1168 3467 1411 3528 consonante:

311 3597 395 3645 cum
415 3570 620 3646 ‘Phaethon
646 3571 682 3642 in
707 3583 826 3644 metro
853 3569 907 3642 sio
927 3571 1149 3658 enuntiatur,
1165 3584 1207 3642 ut
1228 3595 1275 3642 ex
1292 3567 1413 3667 trisyl-

311 3689 394 3762 labo
409 3686 559 3760 nomine
576 3684 815 3784 ‘disyllabum
833 3683 961 3756 faciat:
989 3687 1051 3774 ita,

413 3801 507 3878 Ουηι
524 3813 560 3876 te
576 3799 784 3902 hflagranti
799 3797 1100 3901 dejecilfiulminc
1115 3797 1301 3871 Phellon.

350 4029 538 4104 lunamque]
553 4028 691 4104 matralia
705 4027 736 4084 P.
750 4023 834 4083 etsie
849 4043 925 4082 mox.
1040 4019 1218 4096 δυναίμην]
1234 4023 1362 4096 emlpoo
1377 4019 1411 4078 P.

310 4117 326 4150 ⁸
339 4126 355 4164 e
369 4107 492 4180 duabus]
508 4107 617 4165 duabus
630 4106 660 4163 P.
770 4101 786 4148 b
799 4101 936 4176 excludit]
951 4101 1083 4160 excludat
1096 4101 1128 4158 P.
1230 4099 1410 4174 eduntaxat]

310 4187 459 4246 dumtaxat
472 4187 505 4246 P.
609 4185 624 4224 ⁴
638 4183 793 4243 Circuodat
807 4183 992 4259 nequicquam
1008 4181 1147 4254 humeris]
1164 4179 1330 4238 circumdat
1343 4197 1410 4255 neq.

310 4285 394 4344 quum
409 4266 513 4325 umeris
527 4265 561 4324 P.
592 4267 663 4323 Mox
677 4284 762 4342 supra
774 4281 839 4322 aero
852 4281 914 4318 cum
928 4259 1059 4338 sliquida
1072 4279 1158 4318 manu
1170 4258 1256 4316 reteri
1271 4257 1411 4334 scripturn

309 4359 361 4414 est,
376 4346 454 4422 quod
467 4345 560 4426 legere
573 4363 693 4420 nequeo.
745 4355 760 4389 θ
773 4341 933 4414 dumtaxat]
949 4341 1028 4398 nulla
1040 4339 1186 4398 dumtaxat
1201 4339 1233 4394 P.
1292 4335 1410 4394 lPlnae·

309 4426 393 4501 thon]
412 4427 488 4484 Phae
501 4427 534 4484 P.
549 4425 593 4483 ed.
609 4426 688 4482 Cam.
794 4419 1010 4494 sdissytlabon]
1026 4419 1182 4496 disyllabon
1197 4419 1231 4476 P.
1327 4413 1411 4474 ¹*llu-

308 4505 563 4584 grauti-lulmine
578 4503 728 4577 Phaethon]
746 4499 1069 4581 flagrantem-flumine
1085 4499 1205 4556 Phanou
1225 4497 1258 4554 P.
