3082 5140
150 337 283 398 surb.
572 317 825 396 DcPedihas.
1177 336 1246 399 431

149 505 218 578 bus
243 502 395 602 vestigia
424 502 590 578 sisterent
614 495 673 578 ect
700 501 856 577 reductis
887 501 1064 588 manibus,
1090 500 1252 602 dingenti

150 623 320 708 clamore,
335 645 416 716 quae
428 620 664 707 vibraverant‚
679 619 751 692 tela
763 618 966 716 jaciebantr
993 645 1074 715 quas
1092 646 1147 693 res
1166 620 1252 697 huic

151 737 247 812 melo
263 735 487 835 eingenitum
507 762 640 811 nornen
659 735 859 832 acquisivit.

199 853 399 926 Ternarum
420 851 641 950 syllabarum
661 864 747 924 sunt
765 851 824 924 hi:
1266 875 1295 926 ιτ

202 968 393 1066 Dactylus,
409 993 518 1064 quem
539 968 656 1042 Graeci
674 965 837 1040 ’πολιτικὸν
855 966 1047 1068 appellant.
1098 967 1253 1042 Constat

151 1111 197 1158 ex
215 1085 347 1182 slonga
371 1097 408 1158 et
429 1082 569 1157 duabus
591 1084 771 1173 brevibus,
789 1097 993 1182 temporum
1012 1096 1193 1182 quattuor,
1210 1097 1252 1158 ut

152 1199 342 1276 Romulae
394 1199 429 1272 A
454 1196 578 1272 htactu
604 1198 798 1297 digitorum
826 1198 956 1285 dictus,
982 1225 1091 1296 quem
1119 1199 1163 1274 ad
1189 1226 1252 1274 ex-

151 1314 378 1418 primendam
402 1314 528 1412 organi
558 1314 841 1388 modulationem
865 1312 1071 1388 ¹faberrime
1095 1315 1252 1408 adlemrn·

75 1527 78 1532 ,
152 1434 260 1517 bant;
288 1431 343 1504 vel
370 1432 416 1506 ab
439 1430 549 1504 Idaeis
567 1430 746 1528 Dactylis,
764 1456 855 1527 quos
878 1429 1030 1534 Curetas
1046 1431 1119 1504 sive
1136 1431 1252 1530 Cory-

153 1549 279 1622 bantes
296 1561 412 1647 poetae
428 1547 669 1647 appellabant.
707 1545 761 1618 Hi
780 1571 936 1644 namque
953 1547 991 1620 iu
1010 1547 1128 1622 insula
1143 1547 1252 1622 Creta

151 1665 283 1738 Jovem
312 1661 547 1738 custodiendo
572 1690 619 1736 ne
646 1663 767 1762 vagitu
803 1689 841 1736 se
873 1663 1042 1763 parvulus
1075 1663 1253 1763 proderet,

152 1781 252 1856 lusus
276 1780 481 1878 excogitato
508 1805 649 1878 genere,
667 1779 839 1878 clypeolis
868 1779 979 1852 reneis
1001 1779 1095 1855 inter
1111 1807 1252 1855 secon-

153 1907 347 1984 currentes,
374 1894 507 1970 tinnitu
539 1894 634 1970 lraris
661 1894 743 1968 illisi
774 1894 982 1993 rhythmica
1010 1895 1118 1970 etiam
1149 1896 1252 1996 pedis

153 2011 287 2111 dactyli
318 2009 581 2110 compositione
610 2009 769 2084 celavere
800 2035 924 2083 vocem
955 2010 1116 2084 infantis.
1180 2011 1250 2086 Sed
1267 2037 1296 2087 ra

153 2125 349 2202 nativitatis
374 2151 498 2202 eorum
526 2141 674 2216 ¹¹¹causa,
693 2139 733 2198 ut
752 2126 940 2200 vetustatis
958 2124 1166 2202 fabulositas
1190 2127 1253 2200 do-

153 2255 222 2332 cet,
240 2242 316 2316 haec
341 2241 452 2314 fuisse
477 2239 651 2314 traditur.¹
690 2241 809 2316 Aiunt
826 2242 945 2342 Opem
966 2241 1003 2316 in
1021 2241 1124 2316 Idam
1151 2267 1254 2314 mon-

153 2371 227 2432 tem
255 2357 382 2430 insulae
405 2356 522 2430 Cretae
539 2355 713 2456 fugiendo
736 2357 906 2444 delatam,
925 2383 1052 2431 manus
1079 2383 1160 2430 suas
1185 2357 1254 2430 im-

153 2474 317 2573 posuisse
344 2485 544 2548 memorata
571 2473 698 2562 monti,
721 2488 757 2548 et
785 2474 836 2546 sic
862 2473 1036 2548 infantem
1069 2470 1250 2572 [ripsum]

153 2587 318 2676 edidisse,
341 2601 401 2662 ⁰et
425 2613 470 2660 ex
502 2588 570 2662 hac
602 2613 774 2662 manuum
803 2587 1037 2688 impressione
1066 2588 1253 2662 emersisse

154 2704 304 2778 Curetas
332 2705 406 2776 sive
424 2703 661 2801 Corybantes,
678 2729 768 2800 quos
793 2731 815 2778 a
840 2703 973 2778 montis
998 2702 1146 2776 nomine
1173 2715 1253 2776 eta

154 2821 326 2916 qualitate
348 2819 431 2894 facti
459 2818 576 2892 Idoeos
597 2818 775 2918 Dactylos
803 2820 1023 2918 Pappellant.
1075 2819 1156 2892 Hos
1174 2819 1253 2916 qui-

153 2934 236 3007 dam
265 2949 336 3007 tres
362 2947 504 3032 putant,
522 2935 583 3032 qui
608 2933 718 3006 Lares
746 2961 822 3008 esse
845 2934 1253 3021 creduntur,‘1Damna·

154 3075 315 3136 nreneus,
342 3050 515 3135 Astbeus‚
544 3049 747 3147 Pyrrichos.
800 3049 900 3125 Dicti
928 3049 987 3124 olai
1013 3059 1067 3124 τῶν
1092 3059 1188 3149 κορῶν,
1215 3051 1251 3124 id

194 3277 207 3310 ⁶
222 3267 356 3342 reductis]
374 3275 402 3324 et
415 3269 534 3325 redactis
547 3269 618 3324 AB.
632 3267 704 3325 Ven.
897 3265 913 3310 ‘¹
927 3267 1048 3346 ingenti]
1065 3270 1202 3343 iugeratim
1217 3271 1250 3326 A.

152 3347 353 3428 cingentium]
369 3351 537 3422 ingentiora
551 3351 584 3407 A.
600 3352 716 3406 iaticum
735 3349 767 3408 B.
781 3351 810 3406 in
822 3351 973 3424 genitivum
988 3350 1060 3407 Veu.
1159 3346 1252 3405 swar-

514 3443 530 3474 (l

152 3495 219 3550 arel»
232 3493 391 3572 appellant]
405 3495 488 3570 politi
501 3444 552 3550 coir
563 3496 671 3568 pellant
682 3497 717 3552 A.
837 3505 854 3550 8
868 3495 958 3573 prima
970 3495 1067 3575 longa]
1085 3497 1168 3570 longa
1181 3496 1252 3554 AB.

151 3571 169 3616 ¹²
184 3575 289 3648 tractu]
306 3583 382 3632 tacta
397 3575 467 3633 AB.
509 3575 584 3631 Tum
598 3578 701 3633 dictam
717 3576 788 3635 Ven.
883 3574 892 3618 ¹
907 3577 1057 3636 faberrime
1071 3577 1250 3640 affectabant.

152 3655 197 3712 rel
212 3656 248 3712 ab
263 3655 346 3714 lrlaeis
361 3655 502 3734 Dactylis]
517 3655 677 3732 salicrrime
697 3657 931 3732 adsectabantael
944 3661 1021 3716 abita
1035 3661 1073 3716 eis
1086 3659 1202 3730 dactylis
1215 3659 1250 3714 A.

141 3734 297 3811 satiante
309 3737 382 3794 Ven.
519 3733 947 3814 tauritanae-appellabant]
963 3737 1250 3811 mrtbaater—appcl-

153 3818 214 3872 laat
227 3817 263 3873 B.
278 3819 429 3875 coribantes
443 3819 516 3874 Veu.
629 3815 639 3858 1
651 3817 713 3875 reris
727 3817 791 3876 illisi
806 3818 978 3892 rhitbonica]
993 3821 1056 3875 aris
1070 3819 1111 3874 ari
1124 3815 1252 3872 rithmica

151 3897 224 3954 AB.
240 3901 302 3955 aris
314 3901 367 3955 nisi
382 3899 511 3955 rithmica
526 3899 598 3955 Ven.
674 3909 699 3940 Β
712 3917 850 3966 caussam,
866 3911 977 3957 vetusta
990 3896 1153 3956 fabulositas
1167 3895 1253 3952 docet

151 3977 226 4034 banc
233 3977 333 4053 luisse]
346 3997 430 4037 caasa
439 3987 472 4036 ut
479 3982 622 4037 uetustatis
623 3978 795 4055 fabulositas
802 3983 879 4036 docet
888 3981 944 4036 hac
945 3981 1037 4055 juisse
1050 3979 1167 4034 traditas
1178 3976 1251 4049 (tra-

150 4061 229 4115 ditur
242 4059 292 4132 B.)
309 4061 379 4118 AB.
464 4071 480 4102 ¹¹
490 4059 598 4138 ipsum]
615 4079 673 4116 om.
687 4063 722 4116 A.
764 4069 780 4102 ⁰
790 4071 819 4116 et
830 4078 864 4116 ex
876 4061 1025 4133 manuum]
1041 4066 1069 4115 et
1079 4077 1111 4115 er
1125 4057 1177 4115 har
1189 4075 1251 4114 ma.

151 4157 236 4195 naum
247 4143 415 4214 immersione
427 4143 463 4198 Β.
538 4151 554 4196 1²
569 4140 760 4218 appellumnt]
776 4141 918 4214 appellant
935 4141 1004 4198 AB.
1020 4141 1163 4214 appeteret
1175 4137 1250 4196 Ven.

150 4219 408 4282 qDamnemcneus
416 4223 527 4279 Acmon
540 4219 655 4278 Celruus
665 4219 735 4278 dicti
744 4222 794 4277 ἀπὸ
803 4221 865 4294 aas]
878 4223 968 4278 Domi
976 4223 1134 4278 tremerem
1144 4220 1253 4277 artheus

146 4301 304 4374 pyrrichius
321 4305 391 4361 dicti
403 4321 456 4378 apo
471 4311 519 4359 toa
532 4303 567 4359 A.
589 4303 818 4367 damiamaeauu,
834 4302 951 4369 artheus,
963 4305 1099 4378 pyrricrrs,
1113 4303 1179 4359 dicti
1199 4319 1253 4376 apo

152 4388 200 4436 toa
217 4401 308 4450 coroa,
328 4386 412 4442 idest
422 4383 556 4458 formosis
569 4383 602 4440 Β.
631 4384 879 4440 Damimamitiaas
894 4385 994 4442 Astera
1015 4385 1175 4460 Pyrrirhtus
1187 4385 1253 4440 dicti

150 4463 200 4518 ael
214 4470 261 4519 τῶν
276 4465 349 4524 Ven.
