3100 5142
222 401 296 466 318
576 383 694 462 Atilii
709 383 971 460 domanam
1196 407 1280 470 aas.
1299 408 1330 458 1.

396 573 460 640 cot
474 591 538 636 non
552 569 656 636 dictus
670 569 889 660 Hyla-spem,

223 713 289 786 par
304 699 359 759 est
376 683 474 774 huic,

395 799 496 864 Ham
510 797 615 862 laeam
630 797 687 862 tibi
701 797 819 862 dedico.

224 926 376 999 sequens
394 915 514 1010 autem
537 925 693 987 comma,

394 1017 441 1082 Et
455 1017 592 1082 Lunata
608 1013 717 1092 Datos,

225 1101 321 1192 huic,

396 1219 609 1306 Coruecroque
623 1217 755 1304 Pn'ape.

223 1337 311 1412 Non
337 1339 462 1438 ignoro
480 1349 600 1410 autem
619 1333 745 1408 variari
763 1333 898 1434 primas
916 1349 952 1409 et
978 1335 1152 1411 secundas
1170 1337 1325 1438 syllabas

223 1455 409 1554 utriusque
435 1455 471 1528 in
500 1453 671 1552 ¹Priapeo
696 1451 899 1541 commatis,
928 1465 969 1526 ut
994 1453 1103 1527 modo
1133 1456 1180 1528 ab
1203 1455 1325 1528 iambo

223 1571 385 1672 incipiat,
403 1569 512 1642 modo
531 1569 576 1641 ab
593 1566 773 1650 trochaeo3
799 1581 986 1664 tanquam,

308 1687 409 1750 Hunc
424 1687 528 1750 lucum
544 1685 601 1748 tibi
616 1683 723 1746 dedico
736 1703 938 1772 cmuecropue
954 1685 1086 1772 Priape.

223 1787 259 1844 et

261 1825 271 1856 s
309 1871 442 1934 *Libens
455 1869 511 1932 hoc
525 1869 583 1932 etti
597 1867 715 1944 dedho,
730 1865 829 1930 libem
842 1876 949 1931 comte
963 1867 1093 1955 Priape.

180 2019 208 2066 ¹3
223 1997 321 2070 Nem
348 2009 386 2068 et
412 1992 744 2090 hendecasyllabus‚
765 2019 873 2089 quem
903 1993 1119 2068 Phalaecium
1142 2021 1325 2084 vocamus,

224 2111 317 2212 apud
345 2110 511 2206 antiquos
538 2123 699 2181 auctores
722 2107 848 2180 eodem
875 2109 985 2181 modo
1010 2112 1147 2184 solebat
1167 2111 1325 2212 incipere

223 2228 308 2300 alias
335 2253 356 2300 a
382 2223 553 2324 sponde0,
571 2223 656 2297 alias
683 2223 729 2294 ab
747 2221 914 2308 iambico,
933 2225 1018 2298 elias
1041 2228 1256 2314 atrochae03
1283 2243 1325 2300 ut

223 2343 319 2444 apud
336 2341 558 2430 bCatullum,
578 2338 900 2436 hendecasyllabos
918 2340 1127 2439 aspondeo,

395 2459 514 2524 Passer
528 2457 650 2522 delteiae
666 2477 743 2523 meoe
751 2455 878 2542 puelle.

224 2598 244 2644 a
261 2570 432 2657 trochaeo,

395 2685 498 2751 Aaao
510 2686 600 2750 moso
608 2686 736 2773 pomae
749 2681 930 2769 epotam.

224 2791 270 2863 ab
287 2789 419 2878 iambo,

397 2919 492 2984 Meas
506 2939 571 2984 esse
585 2921 710 3008 aliquid
718 2933 836 3011 putare
849 2941 968 3008 nugas.

225 3081 306 3154 quae
327 3055 451 3130 omnis
473 3083 602 3154 genera
621 3057 910 3159 hendecasyllabi
929 3055 1106 3145 Catullus,
1122 3071 1159 3130 et
1176 3058 1326 3158 Sappho

225 3185 261 3244 et
278 3173 506 3244 Anacreonta
522 3185 560 3244 et
577 3173 664 3246 alios
691 3189 853 3248 auctores
881 3185 1037 3260 secutus,
1052 3197 1125 3244 non
1151 3187 1324 3271 tanquam

225 3287 353 3360 vitiosa
369 3285 505 3372 vitavit,
523 3287 584 3360 sed
600 3301 770 3388 tanquam
791 3289 954 3386 legitima
971 3289 1132 3362 inseruit.
1168 3289 1229 3366 Ex
1246 3290 1327 3386 qui-2

226 3405 293 3477 bus
324 3403 496 3499 quoniam
525 3403 695 3504 Priapeus
725 3405 894 3494 nascitur,
922 3431 1067 3484 necesse
1096 3419 1151 3480 est
1179 3404 1324 3480 easdem

227 3517 360 3592 habeat
375 3517 573 3591 varietates.

186 3663 216 3710 η
277 3630 415 3714 Quarta
430 3629 558 3702 divisio
576 3647 631 3704 est
648 3633 937 3734 hendecasyllabi
956 3635 1049 3718 talis,

400 3762 507 3826 Casto
519 3784 599 3848 quaa
614 3785 804 3830 veneramen
817 3765 875 3830 bbo
888 3787 1022 3832 sorores.

225 3897 323 3972 Nam
352 3897 488 3997 cpriore
515 3913 696 3971 commate
721 3900 969 3974 Callimachus
996 3899 1032 3971 in
1055 3899 1327 3998 epigrammati-

203 4259 206 4268 Ι
266 4195 281 4226 ¹
297 4187 575 4309 Priapeioyl’riapeo
584 4187 620 4246 V.
640 4189 717 4246 Tum
730 4189 804 4268 vulg.
816 4197 957 4250 commate.
1014 4199 1030 4232 ⁸
1043 4197 1069 4248 ct
1083 4189 1328 4264 Libens-Priape

199 4275 202 4284 '
226 4283 285 4324 om.
301 4265 335 4322 V.
464 4269 618 4344 Catullum]
636 4268 724 4327 Addit
739 4270 773 4326 V.
790 4271 1022 4344 Endecaeyllabus
1036 4289 1054 4326 a
1068 4271 1195 4344 spondeo.
1228 4270 1328 4326 Passer

227 4347 323 4404 delicie
337 4364 394 4403 mee
403 4349 504 4422 puelle,
519 4369 538 4406 a
554 4351 671 4408 trocheo.
792 4346 825 4392 bb
840 4369 856 4407 o
870 4350 975 4408 inserui
988 4369 1053 4408 cum
1070 4349 1206 4407 Sautenio
1220 4350 1255 4407 ad
1269 4349 1327 4408 Te·

227 4437 299 4484 rent.
314 4427 408 4484 Maur.
427 4447 454 4505 p.
469 4445 538 4503 373.
620 4441 634 4473 ⁰
651 4433 781 4506 proprio]
798 4433 895 4506 priora
907 4431 943 4486 V.
964 4443 995 4488 et
1015 4431 1055 4488 sic
1076 4429 1327 4498 cornsantenius,

226 4506 348 4566 Necnon
357 4509 530 4584 poematibus
545 4529 595 4588 pro
609 4507 869 4598 epigrammatibus,
886 4508 958 4584 ‚Mos
970 4509 1034 4588 dedi
1044 4531 1115 4588 pars
1126 4530 1178 4592 pro
1188 4530 1253 4586 por.
1319 4563 1322 4568 .
