3124 5120
304 343 371 408 118
689 329 815 404 Marii
835 327 1018 402 Wctoaeani
1269 355 1345 406 ure.
1362 356 1418 406 rr.

553 505 819 604 Curproperas
835 503 1001 577 amando.

257 631 408 717 nouod
439 629 581 704 silentio
608 628 683 702 dari
712 626 809 700 haud
838 653 964 727 passus
992 652 1085 700 sum.
1136 627 1239 701 Sicut
1267 643 1304 702 et
1332 629 1415 705 hoc

299 749 586 848 &heptametrum
599 741 1412 843 catalecticumchoriambicumpurum,quod

299 861 549 964 Phrynichum
568 861 762 950 comicum,
779 873 962 933 auctorem
986 859 1063 956 ejus
1090 860 1174 932 artis
1200 861 1410 948 tradidisse,

298 993 335 1052 et
352 979 405 1052 sui
424 977 581 1051 nominis
602 976 843 1076 appellatione
865 975 1023 1073 signasse
1040 975 1177 1048 dicunt.
1229 975 1327 1050 Nam
1348 991 1410 1050 est

298 1097 380 1186 tale,

331 1225 1386 1291 mmuzmrmmnmmmmmmobmmua

298 1335 404 1408 Ultra
437 1359 548 1432 quam
585 1332 834 1432 proceritatem
866 1327 1151 1402 choriambicum
1189 1356 1259 1402 non
1294 1329 1404 1403 facile

297 1449 412 1549 possis
430 1448 619 1548 repperire.

462 1646 681 1728 Cn».V11.
712 1647 777 1727 De
796 1659 923 1728 metro
942 1645 1229 1756 Aratthpustico.

345 1797 428 1871 Scio
441 1795 615 1896 quosdam
632 1823 739 1895 super
752 1797 939 1897 antispasti
956 1797 1075 1897 specie
1089 1797 1292 1898 recipienda
1306 1799 1400 1872 inter

297 1940 425 1987 novem
445 1928 638 2012 prototypa
656 1911 851 1986 dubitasse.
902 1913 1002 1986 Nam
1029 1939 1107 1986 raro
1125 1913 1318 1987 admodum
1338 1941 1398 1988 ve·

295 2045 387 2102 teres
405 2030 588 2127 integrum
607 2055 653 2102 ex
671 2055 715 2101 eo
731 2055 888 2118 carmen,
904 2028 1002 2126 quod
1026 2029 1072 2101 sit
1090 2044 1215 2102 natura
1232 2031 1394 2103 scabrum

294 2147 388 2218 inter
405 2144 597 2243 rhythmos
616 2157 724 2243 atque
742 2171 919 2244 asperum,
937 2144 1182 2244 composuisse
1205 2145 1396 2244 perhiben-

266 2275 362 2334 atur.
414 2260 549 2332 Verum
569 2285 654 2332 cum
682 2257 777 2331 idem
806 2259 882 2358 pari
907 2260 1132 2357 cognatione,
1149 2286 1221 2357 qua
1246 2273 1283 2332 et
1305 2260 1396 2334 inter

294 2403 331 2448 se
357 2376 416 2450 alii
443 2374 552 2475 pedes
570 2373 763 2472 dequibus
789 2373 1053 2474 supradictum
1071 2388 1136 2464 est,
1154 2401 1236 2448 cum
1261 2376 1395 2449 cchori-

293 2493 401 2566 ambo
427 2492 627 2590 copuletur,
656 2489 832 2588 siquidem
860 2489 1077 2589 antispastus
1107 2489 1245 2564 duabus
1272 2493 1394 2565 utrim-

293 2633 363 2706 que
381 2607 547 2680 brevihus
565 2605 654 2680 duas
680 2607 806 2704 longas
833 2605 870 2678 in
898 2605 1019 2678 medio
1036 2607 1121 2679 sitas
1149 2607 1289 2692 habeat,
1308 2607 1393 2678 cho-

291 2723 450 2797 riambus
477 2735 597 2795 autem
616 2721 756 2795 duabus
774 2721 955 2820 utrimque
972 2721 1091 2821 longis
1110 2721 1245 2795 medias
1272 2723 1391 2793 breves
1456 2708 1460 2717 ¹

291 2851 422 2926 teneat,
440 2851 680 2910 consentanea
696 2835 834 2910 ratione
851 2837 972 2910 locum
991 2837 1108 2911 eidem
1131 2837 1392 2911 auctoritatem-

290 2978 360 3048 que
378 2953 471 3025 inter
491 2953 714 3052 principalia,
732 2951 767 3024 id
786 2967 840 3025 est
858 2951 1105 3052 primiformia,
1122 2979 1251 3025 novem
1272 2967 1391 3035 metra,

290 3067 367 3164 ipsa
394 3067 592 3166 parilitatis,
618 3095 690 3165 qua
720 3067 835 3141 linter
864 3095 901 3140 ae
931 3081 1147 3167 congruunt,
1172 3069 1390 3168 contempla-

261 3179 400 3269 atione,
427 3181 678 3256 vindicandam
708 3209 786 3256 esse
811 3183 991 3256 dixerunt.
1054 3183 1152 3267 Quid
1179 3211 1263 3283 crgo
1290 3209 1390 3283 super

291 3295 360 3367 hoc
380 3294 416 3366 in
434 3293 585 3369 dubium
608 3298 746 3396 primos
773 3313 935 3372 auctores
953 3298 1151 3389 deduxerit,
1175 3299 1315 3398 plenius
1341 3325 1389 3371 re-

289 3410 414 3484 feram.
467 3411 687 3512 Conjugatio
718 3415 918 3516 antispasti,
948 3429 989 3490 ut
1010 3418 1109 3490 Juba
1139 3427 1258 3488 noster
1286 3427 1389 3513 atque

289 3524 350 3598 alii
369 3525 578 3600 Graecorum
598 3528 806 3628 opinionem
835 3533 947 3606 secuti
975 3533 1143 3618 referunt,
1162 3557 1233 3604 non
1253 3555 1389 3630 semper

289 3642 338 3714 ita
355 3659 567 3742 perseverat,
587 3661 626 3718 ut
647 3647 683 3719 in
707 3647 884 3746 pn'ncipio
902 3647 1003 3748 pedis
1029 3649 1170 3722 iambus
1188 3646 1386 3721 collocetur.

328 3819 564 3894 therametrum]
581 3832 771 3898 eptametrum
787 3823 818 3880 P.
881 3824 1007 3900 ¹poclo]
1025 3825 1122 3902 proclo
1138 3825 1169 3882 P.
1233 3833 1249 3866 ⁸
1262 3819 1383 3898 Thyoei]

286 3897 590 4052 {pptqqqqupq'pelss
675 3901 753 3977 bde]
770 3917 800 3961 et
815 3903 847 3961 P.
911 3903 1155 3980 ⁰Choriambico]
1174 3902 1345 3962 Choriambo
1357 3903 1385 3958 P.

331 4125 375 4166 12.
391 4108 502 4186 Thyoni
517 4111 583 4184 δια]
609 4111 642 4167 ln
661 4112 816 4170 hexametri
859 4125 965 4180 autem,
980 4113 1130 4174 odoriferae
1148 4112 1256 4172 arboris
1276 4131 1383 4179 nornen,

285 4187 467 4246 choriambici
483 4190 613 4268 exemplo
625 4191 750 4250 abundat
762 4193 817 4270 ayl—
858 4195 934 4252 unde
955 4197 1036 4262 θυῑνὸς,
1059 4195 1136 4272 quod
1164 4193 1299 4252 Horatius
1323 4213 1384 4251 con-

284 4267 349 4326 laba
372 4267 400 4325 in
422 4269 545 4348 Thyoni,
570 4272 647 4348 quod
670 4284 700 4330 et
727 4271 817 4350 ipsum
859 4286 949 4332 tracte
970 4276 1042 4333 dixit
1071 4277 1167 4350 Thyna
1188 4294 1285 4334 raerce.
1329 4275 1384 4332 ct-

284 4347 819 4510 {tlttlltttt'l,tttt'tttttt
859 4355 959 4412 aaa.
