2970 5134
31 422 140 466 car.
166 420 238 465 xt.
425 405 478 468 De
492 413 592 468 metro
608 405 721 469 Ionicn
734 407 865 470 minore.
1132 411 1197 474 555

35 585 54 616 θ
68 573 146 636 Ex
179 595 261 637 uno
281 573 375 638 etiam
391 573 502 638 lonico
523 574 714 660 major-odet
734 574 861 640 duobus
879 573 1034 658 trocbreis,
1048 577 1114 642 sire
1130 593 1225 644 tro-4

41 673 164 740 cbaeo
182 690 224 740 et
241 674 376 764 spondio
390 676 500 742 sithoc
514 691 648 740 metrum
664 676 725 742 ita:

459 781 646 858 Allumfcror
658 791 690 839 ut
703 785 839 840 modeste.

327 971 409 1035 Cnr.
427 971 495 1034 XI.
517 971 587 1034 eDe
601 981 698 1036 metro
712 973 821 1038 lonico
835 975 968 1038 minore.

114 1089 219 1151 Cum
240 1108 314 1150 vero
335 1085 490 1151 lmetrum
513 1102 545 1150 et
565 1086 820 1168 choriambicum,
838 1103 870 1156 et
890 1087 1139 1177 antispasticum,
1162 1106 1195 1157 et

62 1189 240 1253 Ionicum
255 1211 275 1252 a
288 1189 416 1276 majore,
439 1189 519 1253 sicut
540 1189 743 1266 ostendimus,
765 1193 809 1257 ita
830 1191 965 1280 propriis
986 1207 1193 1258 contexantur

62 1290 240 1376 pedibus,
254 1307 302 1370 ut,
316 1291 375 1356 nisi
393 1291 620 1358 conclusionem
641 1292 768 1358 aliunde
789 1294 953 1381 accipiant,
966 1293 1125 1381 inelegans
1142 1311 1192 1360 at·

66 1415 144 1478 que
158 1393 334 1458 borridum
349 1393 399 1468 sit,
414 1393 515 1458 solum
536 1417 575 1459 ex
596 1393 645 1460 bis
658 1395 775 1474 metris,
789 1419 862 1483 quse
876 1381 1126 1482 quadrisyllabns
1141 1419 1192 1460 re·

6 1483 12 1492 ⁵
68 1494 212 1581 cipiunt
236 1495 343 1582 pedes,
359 1497 503 1574 Ionicum
517 1520 536 1562 a
551 1496 669 1562 minore
691 1520 749 1562 suo
773 1521 807 1562 se
827 1497 908 1585 pede
929 1497 974 1562 its
994 1499 1110 1585 explet,
1131 1511 1194 1562 eut
1269 1520 1272 1526 ’
1311 1507 1315 1514 ’

5 1656 6 1675 ,
71 1597 342 1664 additamentum
368 1597 438 1662 non
456 1597 762 1686 requirataliorum.
810 1599 864 1665 Fit
885 1599 967 1664 enirn
993 1621 1032 1664 ex
1055 1614 1220 1686 quatuorr
1299 1666 1303 1674 ,

77 1699 208 1764 Ionicis
224 1699 398 1764 minoribus
412 1701 475 1764 ita:

271 1806 356 1862 Vocat
369 1823 467 1874 omnm,
484 1807 553 1864 bono
560 1809 647 1882 justia
659 1825 710 1864 auc
722 1825 827 1881 semper
840 1809 907 1864 deas
920 1807 1022 1884 adfert.

82 1907 177 1971 Huic
192 1921 296 1972 metro
311 1905 413 1994 neque
427 1909 587 1996 spondius,
603 1931 704 1994 neque
718 1908 874 1998 dactylus,
892 1909 1020 1998 hneque
1036 1909 1222 1978 trochoeuss
1281 1924 1287 1931 “

82 2009 284 2096 adjungitur.
330 2009 501 2074 Penultimi
518 2011 601 2074 enim
622 2010 712 2096 pedis
733 2025 890 2098 postrema
908 2011 1028 2100 syllaba
1042 2024 1074 2077 et
1088 2009 1220 2076 ultimi4

8 2193 11 2198 Ι
84 2111 209 2198 priores
234 2111 308 2176 duae
333 2111 494 2199 dactylum
519 2125 675 2190 resonant,
701 2113 885 2200 posteriores
906 2135 982 2178 vero
1003 2114 1077 2178 duee
1098 2135 1192 2202 spon-

86 2213 177 2280 dium
193 2213 243 2278 vel
259 2215 442 2280 trochaeum.
479 2217 593 2302 anue
607 2215 648 2280 de
661 2237 754 2280 cauea
768 2216 828 2280 hoc
843 2231 977 2280 metrum
993 2216 1190 2294 suavitatem,
1204 2247 1218 2295 5

92 2419 215 2477 Versum
229 2417 484 2495 corruptissimum,
497 2435 549 2476 nec
564 2417 622 2476 ulls
701 2419 774 2474 eur
792 2435 848 2474 ano
868 2417 964 2490 stiunt]
991 2417 1062 2476 Haec
1082 2417 1191 2476 &navit

4 2539 6 2544 ι
94 2512 174 2576 parte
196 2498 249 2578 legi
274 2498 425 2576 propositae
445 2497 619 2556 satisfacien-
661 2498 739 2574 prior
771 2498 856 2554 Paris.
911 2497 946 2553 ln
982 2496 1095 2574 reliquis
1129 2511 1190 2556 erat

95 2591 164 2646 tem,
199 2578 239 2636 ita
272 2579 394 2647 exhibui,
429 2592 460 2636 ut
494 2577 525 2635 in
553 2579 618 2635 MS.
662 2579 771 2634 Errant
785 2580 878 2634 etiam.
901 2577 1020 2634 HEUS.

5 2733 6 2736 Ἴ
96 2659 219 2736 Guelpb.
236 2658 348 2737 legitur.
389 2658 471 2716 Nihil
492 2657 539 2716 bic
559 2657 620 2736 opis
702 2654 717 2700 ‘¹
747 2667 780 2714 el
813 2658 917 2714 dacem
947 2658 1083 2731 trocheis]
1134 2657 1189 2715 Pa-

98 2739 219 2797 adiertur
242 2758 258 2797 e
282 2738 359 2797 libris
383 2738 475 2818 regiis,
500 2757 619 2816 qnorum
662 2737 708 2795 ris.
737 2757 793 2795 sec.
819 2745 847 2794 et
870 2740 904 2794 de
927 2739 1031 2796 duobus
1057 2738 1187 2794 trocheis.

100 2819 173 2897 prior
198 2818 274 2878 dedit
303 2821 415 2878 Samo
444 2821 512 2877 bono
534 2822 622 2894 magis
663 2819 780 2877 HEUS.
988 2859 990 2866 .
1088 2855 1095 2867 -

92 2901 215 2976 fructur,
229 2903 316 2958 cltum
329 2901 414 2978 feror
427 2910 460 2957 ut
472 2903 617 2958 mudule:
699 2901 761 2956 ene
770 2901 855 2955 metro
865 2899 958 2954 [onim
967 2898 1083 2971 minore]
1094 2898 1188 2955 Voca-

102 2980 169 3038 alter
182 2982 318 3041 Sacrorum
333 2984 438 3040 bonum.
481 2982 548 3038 Pars
568 2999 616 3038 cc·
659 2979 757 3037 bulum
782 2987 868 3036 metro
892 2977 1047 3054 sGuelph.
1075 2989 1106 3035 et
1133 2979 1187 3034 Pa.

104 3061 166 3138 pitis
179 3059 258 3134 hujus
272 3061 454 3130 intercidisse,
469 3059 617 3119 omnibus·
659 3062 706 3117 ris·
728 3079 770 3137 pr.
789 3060 878 3118 abest.
909 3059 1025 3118 HEUS.
1055 3067 1061 3078 '

105 3161 155 3217 que
176 3141 316 3200 codicibus
339 3141 445 3199 nostris
474 3143 528 3198 hoc
555 3141 619 3198 loco
700 3137 713 3181 ἲ
740 3148 858 3197 mmmm
892 3147 918 3196 et
956 3138 1183 3212 vcltcricndicum]

106 3220 188 3279 standi
200 3221 281 3280 func
295 3220 402 3280 ridetur
422 3221 486 3278 tulis
507 3223 631 3278 aberra·¹
659 3220 840 3298 interjectam
855 3220 931 3277 inter
945 3220 1005 3276 baec
1020 3217 1185 3296 particulam

109 3303 145 3358 tio
164 3301 258 3360 librarii
280 3300 407 3375 alicujus,
422 3300 513 3378 qualis
535 3319 619 3378 supre
659 3299 787 3357 et¹Paris.
807 3299 883 3376 prior
901 3297 1031 3356 extrudit
1073 3298 1187 3356 Deinde

109 3401 132 3440 c.
145 3381 193 3440 1x.
207 3397 232 3458 5.
262 3381 412 3440 Parisiensi
426 3381 551 3439 secundo
567 3399 619 3437 no·
659 3382 909 3454 momimnsticum
918 3378 1044 3455 Guelph.
1059 3377 1186 3436 etPnris.

110 3463 169 3520 cuit.
210 3462 400 3540 rdscrpsern
426 3461 544 3519 Mallius
572 3460 618 3520 hic
659 3477 715 3518 sec.
741 3460 965 3518 malefecerunt
992 3459 1186 3533 anapesticum.

113 3561 207 3599 uersum
227 3542 345 3620 aliquem
367 3543 423 3601 hoc
444 3541 548 3620 [edum
566 3561 620 3599 nn·
663 3539 781 3598 HEUS.

114 3641 197 3680 mern:
218 3625 291 3680 Tenc
309 3626 348 3680 sic
364 3641 436 3698 puer
454 3624 543 3680 oetltrn
563 3623 620 3679 ruit
701 3629 775 3678 tut
800 3620 1030 3693 odditcmmmm]
1062 3619 1187 3696 Guelph.

113 3706 228 3778 equoris
240 3706 336 3761 nuum.
366 3703 541 3780 Sequebatur
554 3701 619 3760 novi
660 3709 694 3758 at
708 3703 911 3759 dictcmentem.
935 3699 1051 3758 HEUS.

116 3785 186 3841 metri
210 3783 365 3852 declaratio,
393 3782 422 3840 in
456 3783 532 3840 hunc
561 3783 620 3840 sere
701 3779 718 3824 ¹¹
744 3799 836 3856 neque
851 3781 984 3838 trotdaeua
1006 3778 1182 3853 otljungitar]

117 3864 230 3921 modum:
253 3867 298 3922 Er
312 3865 398 3920 tribus
415 3865 513 3920 loricis
528 3861 617 3935 mojo-
661 3863 789 3938 Uterque
817 3861 904 3918 Paris.
942 3877 1028 3934 neque
1056 3859 1187 3915 trocleas

116 3946 178 4001 silus
200 3947 275 4001 etium
303 3952 330 4002 et
357 3945 460 4002 duobus
487 3945 618 4011 trochleis,
660 3945 823 4000 ectrinsecus
856 3941 1027 4014 adjungitur.
1078 3937 1186 3996 Adver-

117 4026 162 4081 rine
183 4027 286 4082 nucleo
313 4033 340 4083 et
359 4025 482 4100 spondin,
494 4026 535 4102 stt
557 4027 618 4081 itu:
661 4022 737 4081 binni
764 4015 937 4078 'cetrinsecus
966 4039 983 4077 a
1008 4017 1119 4086 Mallio,
1149 4037 1186 4076 an

119 4105 211 4162 Surum
234 4107 311 4173 bono,
334 4109 441 4180 magnis
455 4104 553 4180 fruor,
576 4106 618 4161 ol-
658 4099 844 4183 grammatico
871 4101 1028 4178 profectum
1049 4097 1097 4167 sit,
1120 4098 1187 4157 licet

121 4191 167 4242 tum
171 4185 249 4262 ferar,
264 4197 297 4243 ct
308 4190 436 4244 modeste.
469 4187 617 4251 Preterea,
659 4185 796 4241 affirmare
821 4191 975 4259 procerte
999 4197 1057 4258 nou
1085 4178 1185 4247 ausim,

120 4264 163 4323 nisi
179 4265 254 4334 fallor,
269 4266 465 4346 designaverat
484 4277 616 4332 metrum,
659 4276 766 4329 tamen,
783 4275 814 4320 ut
833 4263 869 4320 cb
886 4261 1040 4338 interprete
1058 4258 1185 4317 additum

120 4345 184 4419 cujus
197 4349 241 4404 hoc
255 4365 317 4405 esse
330 4346 425 4425 potuit
438 4345 615 4424 exemplum:
659 4362 722 4402 esse
755 4343 878 4412 credam,
912 4339 1023 4399 animus
1055 4338 1184 4398 inclinat.

123 4427 212 4501 Magnis
226 4427 322 4504 fruor,
352 4431 440 4485 altum
464 4426 558 4502 seror,
588 4434 619 4482 ot
660 4423 777 4483 HEUS.

122 4509 223 4564 modeste.
241 4507 360 4566 HIlUS.
