2980 5142
261 383 333 444 444
713 365 904 440 Diomedis
1226 385 1378 436 mm.

440 545 531 620 Cae.
551 543 620 618 lx.
662 543 726 618 De
744 567 934 618 comme
950 567 1181 618 canemus.

313 663 441 764 Elegia
473 675 528 734 eat
560 687 704 734 carmen
739 661 984 760 compositum
1021 661 1241 735 hexametro
1272 685 1381 734 versu

265 793 561 880 pentametroque
574 775 738 850 laltemie
756 777 870 850 vicem
890 776 1036 876 positis:
1064 791 1116 867 ut,

393 894 540 958 Divitior
553 893 638 958 aliur
637 890 1003 980 fidvoribiloongrrot
1016 914 1110 970 auro,

458 995 506 1060 Et
521 1003 623 1058 teneat
636 995 713 1058 malti
716 991 973 1082 jogera¹mutta
986 995 1054 1058 ruli.

266 1105 374 1190 Quod
401 1133 515 1206 genus
536 1105 705 1180 carminis
731 1107 911 1205 praecipue
937 1107 1156 1206 scripserunt
1173 1105 1274 1204 apud
1302 1105 1383 1178 Ro-

266 1248 394 1296 manoe
413 1221 617 1322 Propertius
635 1237 672 1296 et
685 1221 852 1296 Tibullus
870 1235 906 1293 et
921 1221 1057 1308 Gallus,
1076 1221 1208 1293 imitati
1227 1223 1381 1296 Grecos

267 1339 536 1414 Callimachum
564 1353 599 1412 ct
628 1337 909 1436 “Euphorionem
956 1337 1084 1436 Elegia
1110 1352 1233 1410 autem
1267 1337 1382 1424 dictu,

269 1457 343 1530 slve
373 1459 478 1552 ”cupri
503 1453 537 1528 ri
566 1453 599 1528 eb
627 1457 729 1552 λέγειν
755 1453 825 1534 τοὺς
854 1461 1037 1540 τεθκιῶτας,
1068 1453 1156 1548 (lere
1182 1455 1284 1526 enlm
1316 1453 1382 1526 de·

269 1573 475 1646 functorum
502 1570 624 1642 laudes
644 1570 713 1644 hoc
736 1569 895 1642 carmine
922 1569 1378 1670 ⁰comprelrendebantur,)

270 1689 343 1760 aive
377 1685 436 1758 riri
465 1694 517 1758 τοῦ
544 1685 657 1770 ἐλέους,
687 1683 722 1756 id
751 1701 806 1756 eat
835 1683 1075 1772 miseratione,
1104 1685 1203 1783 quod
1241 1689 1379 1780 mm

243 1803 390 1876 rGraeci
418 1829 480 1876 seu
499 1803 623 1896 ἐλεγεῖα
639 1802 708 1874 icto
727 1817 842 1874 metro
860 1789 1158 1898 scriptitaverunt.
1208 1801 1282 1874 Cui
1301 1801 1379 1898 opi-

272 1919 369 1992 nioni
401 1917 602 1991 consentire
630 1916 771 1990 videtur
796 1917 1008 2004 lHoratiua
1038 1917 1118 2014 rqui
1148 1917 1192 1988 ad
1222 1918 1376 1990 Albium

272 2033 460 2106 Tibullum
486 2031 681 2132 elegiarum
707 2046 888 2105 auctorem
918 2033 1087 2118 scribens,
1118 2033 1164 2104 ab
1187 2059 1241 2120 ea,
1266 2059 1377 2130 quam

272 2150 430 2222 diximus
471 2147 709 2234 miseratione,
741 2145 862 2248 elegos
896 2147 1121 2220 miserabiles
1153 2147 1273 2233 ‘dicit
1310 2149 1377 2220 boc

275 2265 395 2352 mod0,

792 2361 868 2426 Neu
883 2363 1075 2427 miserabiles

575 2465 733 2530 Decantee
747 2465 862 2552 elegos.

276 2591 386 2694 Apud
414 2589 599 2664 Romanos
617 2605 738 2664 autem
757 2590 794 2664 id
812 2617 969 2680 carmen,
984 2591 1082 2690 quod
1100 2619 1184 2665 cum
1205 2594 1380 2666 lamenta-

276 2710 375 2782 tione
393 2720 596 2780 extremum
618 2719 726 2804 atque
754 2706 922 2780 ultimum
943 2721 1085 2780 mortuo
1102 2708 1289 2796 accinitur,
1306 2709 1383 2780 Ne-

277 2825 336 2898 nia
353 2823 494 2908 dicitur,
521 2823 620 2920 ‘rapit
644 2821 679 2894 ri
702 2821 825 2910 νείατον,
844 2821 879 2894 ld
904 2835 957 2894 est
981 2823 1131 2920 ἕσχαπονε
1159 2823 1254 2896 unde
1278 2838 1317 2896 et
1343 2823 1382 2895 in

278 2939 421 3014 chordis
439 2952 622 3012 extremus
640 2963 769 3010 nervus
788 2937 1010 3038 nappellatus
1027 2951 1082 3012 est
1099 2941 1182 3028 νήτη.
1224 2937 1324 3011 Nam
1344 2953 1383 3012 et
1488 2947 1489 2971 ¹

318 3193 329 3252 l
351 3195 525 3270 alternatim]
542 3197 657 3254 alternis
676 3198 761 3252 ricem
779 3195 849 3252 A.B.
872 3197 981 3252 alterna
1001 3199 1058 3253 elce
1072 3197 1105 3252 C.
1125 3199 1162 3252 ad
1182 3199 1295 3254 maican
1310 3196 1385 3254 Ven.

281 3275 459 3355 kcongerat]
469 3285 593 3336 conterat
601 3277 669 3334 A.B.
681 3283 821 3333 construat
829 3275 864 3332 C.
908 3271 916 3316 ¹
929 3294 1031 3355 magna
1039 3275 1106 3352 coli]
1119 3279 1208 3333 inulta
1216 3279 1267 3334 mli
1274 3277 1383 3334 ΑΜ.

282 3365 302 3394 ¹¹¹
316 3357 543 3434 Euphorionem]
564 3357 717 3432 Euforione
728 3355 798 3414 A.B.
812 3353 1005 3430 Eusoreonum
1019 3359 1052 3414 C.
1116 3367 1131 3398 ²
1143 3373 1217 3432 puro
1231 3366 1260 3414 to
1276 3399 1384 3416 ......

273 3437 340 3514 sere
354 3437 389 3496 C.
411 3437 698 3510 ‹tntyru-ttrtven
754 3436 1077 3510 ⁰comprelrendebuntur
1089 3441 1144 3494 rior
1157 3457 1211 3514 opo
1225 3447 1255 3495 tu
1271 3479 1383 3496 ......

283 3519 353 3572 idem
374 3519 546 3574 miseratione
558 3519 591 3575 C.
614 3517 873 3592 comprehendebant
893 3519 949 3573 aine
969 3541 1018 3573 m·
1037 3525 1080 3574 rot·
1101 3523 1157 3574 ἱλεῦ
1179 3519 1206 3574 id
1220 3527 1260 3576 ert
1272 3521 1385 3574 mineru-

285 3600 365 3662 tione,
380 3615 406 3670 q.
423 3605 533 3670 turenae
546 3601 655 3677 graectq.
671 3609 780 3672 rtem
797 3599 850 3653 icto
864 3605 951 3653 metro
963 3599 1186 3672 comptitaverunt
1201 3599 1274 3656 Ven.
1298 3600 1385 3654 Greci

284 3682 445 3752 terrimo.
459 3677 611 3738 Santeniua
631 3677 666 3735 ad
680 3679 796 3736 'serent
811 3677 904 3734 Maur.
921 3697 948 3753 p.
964 3677 1032 3750 306.
1156 3680 1278 3752 Ρθρῆκυς
1291 3675 1385 3736 Greci
1486 3687 1487 3690 ’

286 3757 341 3817 icto
357 3771 446 3816 metro
460 3756 702 3834 scriptitaverunt]
722 3759 833 3814 tlrrenur
851 3761 945 3830 grecia
959 3777 992 3814 ea
1007 3761 1050 3814 eiu
1064 3761 1116 3814 irto
1130 3767 1235 3816 metron
1248 3761 1386 3834 scriptito·

286 3847 383 3900 verunt
398 3839 472 3896 A.B.
532 3849 548 3893 ‘1
563 3837 697 3896 Horatius
711 3837 757 3915 qni
773 3837 821 3910 ad]
840 3840 951 3894 Orutiur
965 3857 1026 3894 cum
1040 3841 1078 3895 uri
1093 3839 1127 3896 B.
1143 3841 1188 3896 Sc.
1246 3839 1319 3916 rqui
1333 3837 1382 3912 nd]

288 3919 543 3996 quiom.C.l‘'en.
626 3917 721 3974 ⁸dicir
736 3919 803 3992 hnc]
821 3921 887 3974 dicit
901 3926 927 3974 et
943 3919 992 3974 buc
1006 3919 1041 3976 C.
1130 3919 1441 3994 qubrlr'lwrl'

288 3999 406 4073 ἔσχατον.
441 4000 480 4057 Et
494 4000 537 4072 in]
557 4000 690 4073 paratoni
703 3999 788 4056 elbon
803 4000 832 4054 id
846 4006 885 4054 ert
899 3999 1025 4056 carnoten
1041 4001 1113 4056 unde
1131 4008 1160 4056 et
1179 4003 1207 4056 in
1221 4001 1255 4058 A.
1275 4007 1389 4074 purato-

288 4083 384 4137 niaton
398 4083 427 4136 id
441 4089 480 4138 ert
494 4079 630 4138 ercboton.
647 4079 718 4134 uncle
732 4087 758 4134 et
778 4081 804 4136 in
819 4079 890 4136 Bo.
921 4079 992 4136 Mox
1013 4083 1138 4136 ertrenn'r
1152 4083 1185 4138 C.
1202 4093 1232 4138 et
1245 4089 1322 4140 necte
1342 4097 1386 4136 su·

291 4178 380 4234 praec.
396 4179 464 4216 nene
477 4173 507 4217 et
521 4159 548 4218 in
565 4179 652 4238 trrarg.
668 4157 704 4216 al.
716 4177 807 4216 necue.
931 4169 948 4200 ⁰
969 4159 1126 4236 appellatus
1139 4173 1183 4218 ert
1196 4162 1266 4231 ήη.
1303 4161 1349 4218 Sic
1361 4171 1389 4215 et

292 4237 380 4312 elegia
395 4237 504 4296 videtur
518 4235 710 4318 cognominari
733 4251 855 4296 tractum
869 4239 957 4316 quod]
980 4241 1135 4314 appellatur
1154 4250 1194 4297 ert
1212 4249 1344 4298 nretennm
1365 4247 1391 4296 et

291 4317 389 4388 elegia.
408 4319 485 4387 (nam
500 4327 526 4375 et
540 4321 640 4394 elegia)
657 4328 777 4376 extrema
798 4327 906 4376 mortuo
920 4321 1095 4378 occinebotur
1115 4324 1184 4380 sicut
1204 4325 1297 4379 inenia
1317 4323 1387 4378 ideo·

292 4413 343 4474 que
358 4395 391 4450 ob
405 4399 499 4454 eadem
513 4401 600 4472 elegia
614 4403 720 4456 videtur
735 4407 852 4454 tractum
867 4403 1053 4472 cognominari
1067 4405 1139 4478 qnod
1154 4403 1224 4462 A.B.
1240 4415 1270 4462 ct
1284 4402 1342 4462 sere
1355 4402 1387 4457 C.

294 4475 340 4534 Sic
353 4493 410 4532 onr.
420 4475 493 4531 Ven.
508 4477 599 4554 quiet
614 4489 732 4538 tractum
747 4481 940 4552 cognominari.
