2970 5134
229 409 444 496 Scriptorum
458 407 577 494 aliquot
592 417 730 472 utimum
745 411 991 496 oporpoamotio.
1102 409 1164 474 561

37 574 345 652 Animadverti,
368 575 445 640 vitio
472 575 670 662 glutinatoris
690 578 756 663 jam
783 578 885 664 priseo
908 595 1047 664 tempore
1072 600 1169 642 mem·

17 699 141 742 ranas
161 676 304 742 misere
319 678 463 764 trajectas
482 703 559 752 esse,
574 701 655 766 quas
673 694 776 744 tamen
792 680 875 744 facili
896 680 1021 768 negotio
1035 681 1067 746 in
1082 680 1167 745 ordi-

17 801 83 842 am
105 801 238 844 suum
261 779 381 867 redegi,
396 781 555 868 suppetias
569 781 783 846 adserentibus
803 783 950 863 numeris,
965 806 1046 870 quos
1059 783 1090 847 in
1106 783 1169 848 line

17 898 155 946 atavae
190 883 379 969 cujuslibet
402 884 533 986 paginae,
548 907 660 948 manua
683 885 813 972 antiqua
835 885 1051 972 adscripscrat.
1106 885 1169 950 His

17 983 202 1048 »rdinatis
229 983 389 1062 intellexi,
411 1001 535 1050 centum
561 987 731 1075 nonaginta
755 1003 787 1051 et
809 987 951 1074 quinque
970 987 1057 1064 folia,
1073 1003 1170 1075 atque

17 1084 109 1148 ideo
140 1085 320 1172 majorem
347 1103 467 1174 partem
491 1088 615 1169 codicis,
637 1089 692 1176 qui
719 1088 862 1153 ducentis
890 1113 928 1154 ac
952 1089 1169 1177 duodeviff‘nti

16 1186 171 1272 paginis
187 1203 388 1276 compactus
401 1205 458 1265 est,
473 1191 630 1256 vindicare
649 1191 707 1256 sibi
722 1191 865 1278 Pompeii
879 1192 1073 1280 grammatici
1086 1183 1170 1257 com-

16 1289 255 1354 mentarium
271 1289 304 1354 in
321 1305 487 1378 utramque
503 1293 619 1357 marti
633 1309 744 1358 artem.

75 1391 188 1456 Nihil
219 1393 304 1458 mihi
326 1393 448 1460 dehoc
471 1393 552 1460 libro
573 1397 745 1474 constabat,
769 1395 827 1460 nisi
848 1396 933 1482 quod
957 1419 995 1459 ex
1022 1397 1072 1460 Io.
1088 1395 1167 1462 Alb.

23 1493 195 1558 Fabricii
214 1495 410 1562 bibliotheca
427 1498 537 1562 batim
551 1499 731 1578 didiceram,
746 1498 926 1563 Carrionem
942 1521 980 1562 eo
994 1520 1087 1562 usum
1104 1521 1169 1562 ease
1268 1515 1270 1521 ’

28 1595 69 1659 in
94 1596 312 1662 bibliotheca
334 1599 523 1679 Coloniensi,
547 1601 808 1686 Putschlumque‚
828 1622 929 1686 quum
952 1599 1170 1686 grammaticos
1217 1655 1220 1662 .

34 1722 123 1762 suos
139 1699 274 1777 ederet,
290 1701 493 1788 apographon
517 1703 587 1788 ejus
607 1703 724 1766 frustra
744 1701 932 1788 quaesivisse.
976 1700 1050 1764 Veri
1071 1700 1170 1766 simile

39 1800 232 1886 putabam,
250 1801 337 1867 hunc
355 1803 459 1890 ipsum
475 1804 674 1891 Pompeium,
689 1827 750 1868 nou
767 1807 909 1884 Festum,
923 1805 1008 1892 quod
1025 1803 1170 1870 Fabricio

44 1903 84 1966 in
109 1904 337 1992 supplement.
353 1907 395 1971 ad
418 1907 560 1973 biblioth.
578 1909 646 1972 Lat.
664 1906 718 1971 lib.
732 1907 792 1972 IV.
809 1929 877 1994 cap.
889 1910 918 1970 ό.
934 1929 966 1994 p.
980 1909 1053 1992 763.
1068 1907 1169 1972 visum

48 2021 115 2085 est,
131 2006 245 2072 dicere
259 2009 475 2074 Theodult'um
491 2009 749 2074 Aurelianensem
765 2008 825 2074 hoc
838 2009 992 2100 carmine:

191 2114 232 2172 Er
246 2117 327 2172 modo
341 2114 511 2190 Pompeium,
527 2117 656 2182 inodora,
674 2117 795 2181 Donate,
811 2116 939 2188 legebam.

107 2216 186 2292 Quo
208 2227 352 2302 tempore
374 2219 545 2306 Pompeius
568 2217 782 2296 vixerit,.nihil
803 2217 881 2281 dum
905 2217 1036 2302 reperio,
1052 2239 1090 2280 ex
1105 2240 1171 2303 quo

61 2316 141 2381 satis
159 2316 327 2384 manifecte
338 2321 483 2407 cognosci
497 2337 603 2408 queat.
648 2322 831 2397 Varronem,
847 2321 1015 2397 Caesarem,
1032 2319 1171 2384 Plinium

66 2419 234 2505 majorem,
261 2421 415 2500 Probum,
442 2426 595 2509 Capram,
617 2425 640 2487 J
645 2423 750 2501 ubam,
775 2421 1014 2499 Terentianum,
1042 2421 1170 2508 Apollo-

69 2521 158 2585 nium
183 2521 449 2604 Alexandrinum,
470 2524 557 2604 alios,
578 2548 617 2589 ex
641 2547 777 2611 quorum
801 2523 923 2611 scriptis
944 2519 1002 2590 sira
1022 2524 1171 2592 hauserit.

72 2624 206 2690 candide
226 2625 351 2690 laudat:
375 2627 430 2691 sed
452 2627 619 2714 scriptoris,
633 2626 689 2713 qui
712 2625 864 2690 recentior
883 2625 933 2704 sit,
950 2649 1062 2691 nomen
1077 2627 1108 2691 in
1124 2626 1173 2690 hia

76 2749 246 2808 occurrere,
268 2751 330 2792 non
356 2729 492 2794 memini.
538 2733 694 2794 Praeterea
715 2728 839 2793 odorari
861 2727 935 2792 mibi
963 2729 1082 2807 videor,
1100 2732 1172 2794 Ser·

80 2829 177 2908 vium,
194 2831 334 2918 Sergium
349 2847 381 2898 et
396 2832 640 2910 Cassiodorium,
656 2853 756 2916 quum
777 2830 809 2894 in
830 2831 993 2896 Donatum
1017 2855 1173 2897 commen-

85 2944 230 3011 taremur,
243 2933 355 2998 abcubi
367 2933 409 2998 ad
427 2933 567 3022 Pompeii
577 2947 787 2997 commentum
799 2933 981 3021 respexisse,
991 2957 1030 2999 ex
1046 2935 1170 3000 eodem-

87 3056 150 3120 que
162 3035 342 3100 Cledonium
355 3059 416 3100 non
433 3035 519 3100 nulla
532 3035 563 3098 in
579 3048 677 3099 artem
694 3057 780 3099 suam
796 3035 960 3102 derivasse.

132 3135 212 3200 Illud
234 3159 346 3224 magno
369 3137 561 3224 grammatici
585 3137 682 3202 nostri
708 3137 791 3202 malo
815 3139 937 3216 accidit,
959 3139 1048 3226 quod
1073 3137 1172 3202 codex

95 3238 378 3326 Guelpherbytaaus
398 3240 559 3305 librarium
580 3225 748 3326 pesiimum
764 3255 874 3305 nactus
887 3255 945 3317 est,
958 3241 1051 3327 cujus
1071 3239 1171 3326 impe·

98 3341 161 3406 ritis
172 3340 272 3412 omissa
290 3356 363 3406 sunt
381 3341 455 3421 alia,
469 3343 530 3407 alia
552 3343 762 3408 miserandum
785 3343 818 3406 in
841 3342 968 3407 modum
991 3341 1171 3428 depravata.

101 3443 211 3510 Mederi
228 3445 352 3532 quidem
377 3445 427 3510 his
447 3445 652 3510 incommodis
676 3445 776 3510 voluit
800 3460 953 3510 corrector
976 3443 1101 3532 aliquis,
1116 3441 1172 3530 qui

102 3545 189 3610 multa
204 3547 364 3635 supplevit,
379 3548 472 3637 plura
490 3549 640 3614 correxit:
665 3549 725 3634 sed)
739 3548 875 3636 plurima
898 3549 1015 3614 intacta
1035 3547 1173 3635 reliquit,

105 3671 154 3712 nec
164 3671 261 3736 pauca,
271 3675 344 3738 quae
357 3665 505 3738 corrupta
519 3665 619 3730 erant,
634 3651 849 3716 emendatione
870 3651 1088 3739 intempestiva
1105 3673 1171 3714 ma·

107 3749 148 3836 gis
159 3750 238 3816 etiam
250 3753 406 3839 pervertit.

147 3854 198 3917 Per
215 3853 263 3918 has
287 3854 378 3919 tricas
401 3856 478 3942 quia
502 3856 646 3921 videbam
674 3856 840 3921 difficulter
861 3855 1021 3920 enisurum
1048 3877 1124 3932 esse,
1148 3854 1173 3918 si

112 3955 170 4042 quis
187 3956 355 4044 Pompeium
377 3982 396 4022 e
417 3959 523 4024 codice
547 3976 652 4024 nostro
675 3958 889 4044 descripturus
909 3971 1000 4033 esset,
1018 3955 1173 4042 optimum

115 4057 208 4123 lactum
233 4059 387 4124 credebam
417 4059 539 4146 potiora
564 4074 701 4136 enotare,
726 4082 836 4144 eaque,
863 4057 1011 4141 neglectis
1033 4055 1173 4142 reliquis,

117 4183 174 4246 qua
185 4161 267 4224 miuus
290 4160 430 4226 utilitatis
448 4160 595 4225 habitura
611 4161 801 4238 viderentur,
816 4161 848 4224 in
870 4183 962 4224 usum
981 4160 1176 4246 antiquitatis

119 4261 285 4326 studiosorum
308 4262 491 4349 producere.
539 4265 584 4326 Et
598 4263 664 4350 jam
689 4263 821 4326 feceram
845 4262 969 4327 initium
988 4262 1174 4351 excerpendi

121 4386 158 4441 ea,
168 4385 224 4449 qua
235 4364 302 4428 mihi
317 4365 451 4430 maxime
466 4365 641 4452 placebant,
658 4387 756 4452 quum
773 4377 918 4450 reputare
930 4385 1059 4433 mecum
1081 4365 1175 4452 coepi,

124 4466 277 4530 temerarium
297 4489 372 4548 esse,
387 4467 581 4554 quicumque
597 4467 654 4532 sibi
670 4465 866 4554 persuadeat,
882 4489 915 4530 se
929 4466 961 4530 in
976 4465 1031 4532 tali
1050 4467 1178 4553 negotio

126 4566 174 4632 sire
185 4589 273 4653 magna
292 4569 460 4636 offensione
483 4570 609 4651 versari,
623 4585 719 4656 atque
743 4567 831 4634 utilia
853 4569 894 4633 ab
916 4568 1081 4634 inutilibus
1103 4569 1178 4634 satis

616 4693 672 4752 4C
