3124 5120
169 409 251 460 cae.
273 399 330 476 17.
400 383 773 484 DeMetroramfiae
788 409 852 460 aera
870 386 1046 462 claranda.
1224 401 1267 460 ει

165 569 302 652 ¹Quod
319 569 356 642 in
374 569 475 642 omni
495 595 623 668 genere
645 581 842 645 metrorum
865 571 1123 644 observabitur.
1176 569 1272 644 Rur·
1288 595 1314 632 ¹¹

165 709 240 770 aaa,
265 699 309 758 ut
333 684 503 782 exempla
533 684 640 756 etiam
670 711 716 760 cx
744 686 801 760 bis
830 686 964 774 metria,
988 712 1069 784 quoe
1100 686 1271 786 conjuga-

163 801 327 872 tionibus
361 799 586 898 gradiuntur,
618 801 852 899 proferamus,
879 825 963 874 cum
992 801 1037 875 ad
1071 801 1266 901 perfectam

162 915 456 1012 conjugationem
492 941 556 1013 pes
590 915 729 1014 integer
755 916 868 1007 deest,
899 917 966 992 erit
1000 918 1269 1018 bmchycatale-

164 1043 289 1102 cmm:
316 1047 356 1103 ut
372 1045 428 1103 cat
445 1030 516 1104 hoc
532 1043 793 1119 tetrametrum,

218 1143 316 1221 Quis
332 1169 404 1218 noa
420 1144 569 1218 adultas
584 1145 755 1220 detrabat
771 1171 875 1220 ramo
890 1145 1106 1244 voluptates.

164 1258 295 1332 Habet
322 1259 420 1332 enim
447 1271 519 1332 tres
547 1260 701 1358 integras
726 1260 1008 1359 conjugationes,
1033 1273 1070 1334 et
1098 1273 1262 1356 quartam
1280 1279 1309 1317 ¹¹

163 1399 238 1446 nno
255 1373 351 1471 pede
368 1373 576 1446 breviorem.
626 1375 887 1450 catalecticum
907 1389 1040 1462 autem,
1055 1399 1138 1450 cum
1161 1387 1265 1472 ‘per-

162 1487 268 1561 fectae
286 1489 532 1586 conjugationi
560 1515 633 1562 non
656 1515 719 1588 pes
742 1489 804 1564 aad
831 1489 969 1588 syllaba
986 1501 1206 1588 amputatur,
1222 1501 1264 1563 ut

163 1617 219 1676 est
248 1603 321 1675 boc
350 1615 611 1693 tetrametrum,
637 1605 747 1678 habet
775 1604 873 1678 enim
900 1618 1065 1700 quartam
1093 1603 1263 1700 conjuga·

161 1717 316 1806 tionem,
331 1743 405 1790 una
421 1717 560 1816 syllaba
578 1719 795 1794 breviorem:

212 1831 395 1906 acerno
410 1831 581 1929 Neptune
594 1843 727 1924 rector,
743 1833 888 1908 ‘conse
907 1834 1056 1908 latorum
1068 1844 1210 1931 potens.

159 1947 414 2022 Acatalectum
432 1959 565 2032 autem,
578 1948 649 2034 cui,
662 1962 703 2022 ut
719 1975 825 2048 supra
841 1949 1012 2038 diximus,
1026 1975 1143 2048 neque
1159 1947 1261 2022 deest
1277 1983 1305 2033 ι,

160 2062 206 2135 ad
224 2063 404 2159 integram
422 2061 710 2160 conjugationem
735 2089 852 2160 neque
875 2063 1035 2138 abundat
1051 2065 1260 2163 quicquam,

160 2191 203 2250 ut
218 2192 278 2250 est
296 2177 366 2252 boc
381 2176 597 2266 trimetrum,

340 2291 480 2364 Amare
494 2291 576 2366 nolo
591 2317 660 2365 nec
674 2289 822 2366 ddolare
840 2289 975 2366 Clinia.

159 2405 509 2505 Hypercatalectum
525 2431 707 2494 vcro,cum
722 2403 765 2478 ad
778 2405 952 2504 integram
967 2403 1258 2502 conjugationem
1275 2431 1304 2480 ¹⁴

159 2547 234 2594 una
252 2520 413 2594 abundat
429 2521 577 2616 syllaba,
592 2534 635 2594 ut
650 2533 706 2594 cst
723 2518 792 2594 hoc
809 2520 1027 2608 trimetrum,

213 2633 367 2710 Caduca
383 2651 399 2690 e
403 2635 534 2734 populi
551 2661 649 2710 como
662 2634 891 2736 glaucajam
903 2661 974 2732 per
990 2659 1111 2734 agros.

160 2750 233 2824 Sed
263 2765 377 2824 metra
406 2751 522 2849 magis
547 2749 705 2847 gaudent
726 2749 941 2824 catalecticis
958 2747 1259 2822 conclusionibus·
1275 2772 1303 2823 ¹⁵

160 2865 310 2964 Proprie
327 2877 448 2938 autam
472 2864 635 2948 iambica,
652 2877 766 2938 metra
787 2861 971 2962 ¹gaudent
995 2862 1198 2936 acatalectis
1222 2877 1259 2936 et

159 2981 379 3056 catalecticis
404 2993 441 3052 et
471 2979 767 3079 hypercatalectis
804 2976 1107 3064 conclusionibus,
1136 2977 1260 3050 adver-

158 3111 286 3169 santur
313 3109 431 3168 autcm
458 3095 794 3192 brachycatalectis:
821 3092 1002 3166 trochaica
1018 3117 1101 3164 vero
1127 3091 1258 3190 hyper-

158 3211 346 3284 catalectis
387 3209 521 3306 ejectis,
561 3209 717 3284 residuas
759 3209 1006 3282 conclusiones
1048 3206 1257 3282 admittunt.

158 3324 418 3398 Choriambica
438 3337 559 3398 autem
583 3341 618 3396 et
644 3323 902 3423 &antispastica
928 3321 1053 3397 iisdem
1081 3321 1303 3397 conclusi-16

157 3441 306 3526 onibus,
327 3439 457 3536 quibua
480 3437 590 3510 etiam
614 3438 779 3523 iambica,
797 3439 973 3526 laetantur,
992 3438 1110 3512 ionica
1134 3451 1256 3512 autem

159 3553 381 3628 ¹¹trochaicis
397 3553 682 3652 depositionibus
708 3555 898 3640 sociantur,
915 3566 953 3624 et
976 3551 1059 3624 ideo
1085 3551 1258 3652 hyperca-

158 3667 325 3742 talectica
342 3667 412 3740 illis
432 3693 541 3740 exosa
565 3679 660 3740 sunt.
709 3663 921 3762 ¹Dactylica
944 3691 1029 3738 vero
1054 3679 1090 3738 et
1116 3693 1258 3766 anapae·

159 3783 250 3855 stica
268 3781 383 3880 magia
401 3783 602 3856 acatalectis
619 3781 852 3854 delectantur.

198 3966 214 3998 ¹
230 3954 330 4030 Quod]
347 3954 394 4032 qui
408 3955 440 4013 Ρ.
543 3952 714 4030 ⁸perlectos]
737 3951 860 4030 perfecte
874 3951 905 4008 Ρ.
1007 3945 1168 4024 lectula]
1189 3951 1254 4008 Ca·

159 4035 219 4094 rule
232 4037 266 4092 Ρ.
349 4033 625 4108 annuntiatorum]
643 4031 842 4090 conaelitorum
858 4031 889 4087 P.
961 4027 1096 4104 ddolero]
1114 4029 1211 4088 dolore
1223 4031 1255 4088 P.

157 4114 283 4193 ‘populi
297 4133 381 4172 coma
392 4115 504 4194 glauca]
519 4112 660 4190 poplicum
675 4111 791 4192 aglaum
805 4111 837 4166 P.
852 4109 895 4167 ed.
908 4111 990 4166 Cam.
1088 4107 1251 4188 lgaudent]

156 4195 295 4273 plaudent
308 4195 340 4252 P.
421 4191 646 4270 tantiapmtics]
664 4190 831 4266 antispatica
847 4191 877 4246 P.
966 4187 983 4231 ¹¹
998 4187 1161 4263 trochaicis]
1178 4189 1256 4245 thro-

155 4274 241 4333 micis
257 4274 293 4332 Ρ.
375 4271 558 4350 ¹Dactylica]
574 4271 714 4329 Dactilica
727 4271 757 4327 P.

202 4415 248 4470 ¹4·
271 4391 532 4471 ngesicutpaulo
546 4405 611 4470 post
624 4411 684 4449 car·
724 4409 802 4447 coma
815 4391 916 4464 glauco
924 4387 988 4460 jam
1000 4407 1050 4465 per
1063 4405 1155 4460 agroc
1187 4387 1253 4444 CA·

157 4496 224 4536 men
258 4471 420 4540 adducitur,
450 4473 560 4530 Caduca
588 4473 685 4546 populi
726 4465 1254 4546 MER.v.Lib.lIl.p.165.sd.Cornrn.

785 4588 814 4634 M
