3124 5120
134 421 220 472 tae.
236 415 273 473 5.
509 399 573 472 De
589 410 704 474 metro
725 401 933 476 Troclrot'co.
1182 417 1249 478 11³

357 683 462 764 Car.
485 683 535 766 V.
574 688 639 768 De
658 701 785 770 metro
813 689 1039 772 Troeluico.

187 831 445 904 Trochaicum
466 847 621 907 metrum
640 835 784 908 eosdem
813 835 922 936 pedes
945 863 1035 934 quos
1059 851 1095 911 et
1122 837 1253 912 iambi·

137 973 224 1018 cum
253 947 420 1046 recipere
445 949 677 1023 manifestum
700 964 766 1040 est,
792 951 917 1026 eadem
941 954 1039 1026 enlm
1064 953 1252 1051 utriusque

139 1064 338 1162 progenies
356 1077 422 1151 est,
439 1083 594 1166 excepto
609 1066 800 1140 dumtaxat
820 1067 954 1157 iambo,
970 1067 1078 1142 simili
1102 1069 1197 1142 inter
1214 1095 1251 1141 se

139 1179 412 1253 contrarietatis
434 1182 583 1271 ratione,
600 1209 670 1280 qua
687 1196 724 1254 et
745 1183 893 1256 trochaei
920 1183 957 1256 in
985 1184 1107 1256 iambo
1129 1183 1252 1256 exclu-

140 1295 295 1368 duntur.
349 1297 583 1394 Quamquam
595 1297 845 1388 Terentianus,
864 1325 935 1370 non
954 1299 1180 1398 paenitendus
1196 1299 1278 1370 ἱππ-ι

142 1423 199 1483 ter
228 1425 373 1484 ceteros
403 1413 487 1484 artis
523 1415 681 1487 metricae
717 1429 853 1503 auctor,
887 1413 1012 1487 sedulo
1045 1415 1281 1512 refrngetur.·

143 1525 247 1599 Nam
283 1527 480 1601 secundam
515 1528 634 1602 sedem
672 1530 708 1602 in
743 1530 927 1603 trochaico
957 1555 1059 1602 versu
1093 1529 1254 1601 trimetro

143 1641 350 1714 acatalecto
366 1643 465 1716 velut
480 1643 680 1742 legitimam
708 1645 830 1718 iambo
853 1645 1028 1744 adsignat,
1045 1671 1128 1718 cum
1156 1642 1252 1715 idem

142 1759 194 1828 ab
211 1757 374 1831 iambico
392 1773 508 1832 metro
525 1761 722 1834 trochaeum
741 1761 943 1834 excluserit.
982 1761 1154 1834 Praeterea
1167 1785 1279 1840 cums

145 1873 290 1945 videret
310 1898 356 1945 ex
378 1873 542 1948 trimetro
567 1876 722 1949 iambico
748 1876 886 1972 adjecta
915 1875 1031 1976 prims
1056 1876 1163 1972 longa
1187 1899 1252 1972 per

147 1989 329 2076 ἐπιπλοκὴν,
346 1988 384 2061 id
410 2003 464 2063 est
484 1990 756 2088 ampleadonem,
784 1991 829 2064 de
855 2017 927 2088 qua
952 2017 1059 2090 supra
1084 1989 1249 2062 'dictum

145 2121 216 2194 est,
252 2105 477 2179 trochaicum
505 2131 645 2179 versum
678 2107 857 2205 integrum
891 2105 1125 2205 'propagari
1159 2119 1251 2176 tam-

142 2247 275 2318 quam,

304 2319 375 2394 Est
390 2320 488 2394 celer
498 2321 673 2418 phaselus
690 2322 755 2396 ille
771 2348 875 2422 quem
892 2320 1034 2394 videtis.

146 2453 251 2527 Nam
269 2451 421 2554 dempta
438 2455 575 2553 syllaba
593 2465 647 2528 est
662 2454 754 2527 redit
772 2451 816 2526 ad
834 2454 1010 2526 iambum.
1046 2451 1145 2548 Ergo
1163 2449 1281 2528 iam-4

147 2571 186 2642 bi
221 2569 346 2641 locum
386 2569 423 2642 in
461 2569 531 2643 hoc
562 2571 739 2644 trochaeus
773 2570 954 2642 obtinuit:
992 2569 1067 2668 pari
1104 2567 1253 2656 ratione,

145 2685 312 2756 detracta
340 2711 459 2756 rursus
483 2685 622 2774 eadem,
647 2685 713 2758 erit
735 2685 921 2758 iambicus.
972 2683 1044 2757 Sed
1071 2697 1107 2756 et
1132 2683 1252 2756 omnis

147 2799 356 2872 trochaicus
379 2827 502 2898 purus,
520 2800 554 2872 id
580 2815 697 2874 estex
721 2827 760 2872 se
781 2799 1015 2898 compositus,
1041 2813 1189 2898 accepta
1213 2799 1251 2872 in

147 2914 332 3013 principio
347 2941 468 2987 versus
487 2915 583 2987 brevi
602 2915 740 3014 syllaba
766 2913 962 2988 iambicum
992 2929 1145 2990 metrum
1172 2913 1252 2988 red-

144 3028 223 3101 det.
277 3027 380 3101 Idem
408 3045 444 3101 et
468 3029 711 3102 translationis
734 3031 966 3129 syllabarum,
987 3057 1070 3104 cum
1095 3031 1251 3103 initiales

148 3143 194 3215 ad
219 3145 344 3232 linem,
361 3144 415 3216 vel
442 3145 567 3217 finales
593 3145 637 3218 ad
666 3145 807 3218 initium
835 3173 956 3218 versus
982 3147 1253 3234 transferuntur,

147 3257 324 3343 efficiens,
350 3259 408 3332 ”si
438 3261 545 3357 longa
572 3259 606 3332 in
634 3262 778 3334 brevem
810 3261 953 3334 feratur.
1012 3261 1085 3335 YAt
1111 3263 1280 3343 iambuss

149 3375 355 3446 'contrario
381 3376 451 3448 situ
477 3391 683 3476 temporum
717 3376 861 3460 tardior,
886 3375 980 3448 unde
1006 3377 1037 3450 ei
1064 3377 1185 3462 etiam,
1214 3393 1253 3450 ut

147 3487 300 3586 quidam
325 3503 467 3589 putant,
485 3490 640 3564 inditum
659 3517 793 3564 nomen
812 3505 878 3580 est,
895 3491 1017 3564 iambo
1033 3493 1091 3564 ἀπὸ
1113 3501 1164 3564 τοῦ
1190 3491 1253 3563 Ιι’έ-

149 3637 208 3688 ιω,
226 3603 264 3676 id
288 3619 342 3676 est
365 3606 431 3693 ire,
457 3605 689 3705 '’appellato:
716 3605 876 3678 admittit
901 3623 937 3678 et
963 3607 1251 3707 amphimacrum

150 3719 189 3790 in
215 3719 426 3794 catalectico
451 3747 555 3793 versu
582 3721 766 3809 ultimum,
784 3737 819 3792 et
847 3723 1004 3794 maxime
1032 3723 1067 3793 in
1094 3721 1254 3812 comicis,

151 3849 302 3934 propter
328 3835 533 3908 novissimae
558 3835 704 3934 syllabae
736 3835 1021 3909 indifferentiam.
1071 3835 1283 3911 Claudum⁶

152 3965 272 4024 autem
294 3950 328 4023 id
347 3965 514 4040 metrum,
533 3951 568 4023 id
593 3966 646 4024 est
673 3977 816 4041 scazon,
832 3951 881 4023 ita
906 3955 980 4038 fiet,
998 3951 1025 4022 si
1054 3949 1253 4048 spondeum

152 4065 189 4138 iu
217 4068 347 4142 ultima
372 4069 519 4168 dipodia
538 4095 659 4142 versus
686 4067 883 4140 catalectici
904 4065 1101 4137 tetrametri
1130 4091 1255 4138 secun-

191 4291 207 4324 V
220 4283 343 4359 dictum]
360 4284 466 4343 dictum
481 4298 525 4343 est
539 4287 569 4344 P.
672 4295 695 4326 W
709 4285 867 4362 prorogari]
885 4283 1031 4362 propagari
1046 4285 1078 4340 l'.
1200 4293 1216 4324 ¹
1230 4284 1254 4342 si

152 4361 250 4441 longa]
268 4363 353 4442 longa
367 4367 398 4422 P.
520 4376 537 4421 5
552 4369 591 4424 At
603 4365 734 4440 lambos]
752 4365 791 4422 Et
805 4364 915 4422 iambus
930 4365 960 4421 P.
1084 4373 1098 4404 ²
1113 4362 1255 4436 contraria

152 4444 236 4582 m]
244 4445 398 4582 'contrario
411 4445 448 4504 sit
462 4459 494 4504 nt
508 4447 542 4504 P.
639 4456 655 4489 Β
668 4447 742 4520 ἰέναι]
759 4469 811 4503 enai
825 4447 856 4502 P.
952 4441 968 4488 b
982 4443 1138 4520 appellato]
1156 4443 1254 4522 appel·

691 4645 718 4692 0
