3012 5084
313 403 356 464 ts
542 427 544 432 ·
696 389 819 464 Marii
838 389 1023 464 Wctorini
1289 413 1384 463 nus.
1412 413 1448 462 r.

310 573 403 648 inter
421 601 447 648 n
472 571 524 646 ¹ct
546 597 575 671 g
601 572 762 646 medium
790 587 892 648 sonet
914 574 1011 648 vocis
1037 573 1241 674 producta:
1267 599 1368 662 non,
1393 585 1449 644 ut

310 689 388 763 aliis
415 687 568 775 videtur,
594 687 689 760 inter
717 713 753 760 m
778 703 814 762 et
837 715 882 762 n:
914 691 1086 786 quoniam
1115 690 1150 762 in
1182 688 1447 788 copulatione

310 803 528 904 syllabarum
555 799 786 874 familiarium
813 817 850 876 et
868 805 973 878 nobis
996 802 1162 877 habenda
1184 805 1275 877 ratio
1296 817 1379 892 est,
1410 829 1445 874 n

310 945 420 1017 quam
443 945 474 1018 g
498 917 617 1016 potius
644 917 817 1007 scribetis,
842 945 1110 1018 nmrnuaquam,
1132 946 1362 1020 quanquam,
1394 933 1444 991 et

267 1033 454 1118 56similia.
490 1033 589 1106 Nam
617 1032 645 1104 si
673 1031 826 1107 interm
855 1049 891 1108 et
916 1061 941 1108 n
965 1050 1059 1108 esset
1080 1035 1276 1134 disputatio
1296 1034 1439 1118 nobis,

312 1177 392 1250 quae
411 1151 446 1222 in
466 1149 543 1222 aliis
561 1147 708 1246 quidem
726 1151 855 1240 verbis,
872 1149 931 1223 '‘in
959 1151 1173 1250 supradictis
1200 1164 1324 1224 autem
1345 1175 1437 1221 non

312 1279 378 1352 est,
396 1262 623 1338 commodius
641 1263 748 1336 credo
766 1279 906 1338 acturos
932 1266 1043 1339 fuisse
1068 1280 1222 1365 receptae
1247 1265 1437 1338 ¹auctori-

312 1381 396 1455 tatis
414 1381 519 1468 viros,
537 1379 566 1453 si
591 1380 685 1454 hanc
708 1381 827 1479 potius
853 1380 1041 1454 redderent
1065 1381 1254 1470 rationem,
1271 1405 1319 1452 ne
1338 1378 1433 1451 duae

312 1511 431 1597 partes
448 1494 629 1584 orationis,
647 1521 727 1593 quae
747 1495 884 1592 junctis
901 1523 1006 1570 voces
1024 1495 1261 1584 confundunt,
1278 1493 1432 1591 integre

313 1612 514 1686 scribantur
524 1623 597 1684 tam
610 1611 780 1696 ”deindo
791 1637 899 1709 quam
914 1638 988 1684 non
1000 1611 1106 1696 unde,
1118 1611 1214 1700 inde,
1224 1623 1262 1683 et
1274 1609 1430 1700 similia,

313 1728 423 1800 etiam
441 1725 561 1824 ”quod
583 1726 620 1798 in
642 1726 684 1799 iis
702 1727 864 1815 vocibus,
877 1753 959 1824 quae
979 1727 1144 1800 ultimam
1164 1727 1299 1800 habeut
1318 1751 1368 1814 m,
1394 1724 1426 1798 si

314 1857 485 1942 sequatur
500 1869 525 1915 n
543 1855 704 1916 mutatur
720 1869 756 1916 m
773 1842 810 1915 in
828 1869 864 1932 n,
881 1857 923 1915 ut
939 1869 1023 1917 cum
1043 1843 1248 1934 Hannibal,
1261 1842 1426 1938 Hiemp-

271 1981 302 2034 ⁵⁷
314 1957 383 2032 sol.
409 1956 517 2030 ⁰Jam
538 1955 636 2032 aliud
655 1969 710 2029 est
725 1957 820 2046 sciit,
837 1956 934 2030 aliud
951 1959 1081 2033 scivit.-
1103 1961 1200 2032 scire
1215 1957 1312 2031 enim
1332 1955 1425 2028 facit

314 2075 480 2158 sciscere,
499 2072 617 2158 idest,
638 2071 777 2168 jubere,
799 2072 968 2172 praebere.
1018 2073 1106 2145 Non
1123 2072 1247 2146 omniu
1263 2069 1424 2144 rotunda

316 2200 392 2261 rata
418 2199 502 2260 sunt
525 2211 608 2260 cum
636 2185 653 2258 l
675 2200 712 2259 et
735 2211 758 2258 r
782 2185 955 2285 geminari
983 2185 1111 2276 solent,
1137 2186 1304 2284 quotiens
1327 2185 1423 2257 ratio

244 2309 245 2314 ’
317 2329 390 2376 non
417 2315 592 2402 repugnat
618 2301 757 2373 aurium
785 2327 884 2388 sono,
901 2316 944 2375 ut
967 2302 1003 2375 in
1024 2301 1136 2388 nullo,
1154 2303 1191 2375 iu
1208 2326 1337 2375 ome:
1359 2324 1424 2373 cu-

317 2415 433 2491 melus
449 2441 545 2502 vero,
555 2428 591 2487 et
604 2414 756 2512 loquela,
768 2431 804 2488 et
821 2417 1005 2515 lquereln
1018 2432 1055 2491 et
1070 2417 1234 2504 modula,
1247 2429 1284 2490 et
1301 2415 1420 2490 nitela

273 2566 304 2632 5⁸
320 2559 392 2606 uno
410 2531 426 2604 l
441 2529 627 2603 scribenda
645 2543 740 2618 sunt,
758 2543 823 2604 ‘lut
839 2558 913 2606 uno
929 2559 963 2620 r,
980 2543 1098 2619 norat,
1115 2559 1241 2606 namn.
1285 2531 1421 2605 Ortho-

318 2647 470 2747 graphia
483 2645 692 2719 Graeoorum
708 2671 752 2717 ex
767 2661 868 2744 parte
881 2649 1042 2722 maxima
1055 2649 1094 2722 in
1112 2649 1184 2721 iota
1198 2648 1316 2721 littera
1331 2673 1419 2720 con-

319 2762 432 2836 sistitz
458 2787 543 2835 nam
569 2772 606 2833 et
631 2785 697 2860 pro
719 2762 882 2851 breviat
905 2789 969 2862 pro
995 2763 1115 2862 longa,
1131 2765 1230 2838 velut
1251 2765 1359 2837 'lulum
1379 2777 1417 2835 et

318 2877 422 2952 ἆονίαε
448 2891 485 2950 et
502 2877 539 2949 in
558 2875 777 2974 quibusdam
801 2877 930 2950 mediis
956 2879 1199 2978 interponitur
1214 2879 1340 2966 verbis,
1356 2891 1415 2950 ⁸ut

318 2989 409 3066 aiis:
427 3005 463 3065 et
480 2993 516 3064 in
535 2993 718 3078 extremis,
735 3006 775 3065 ut
794 2995 847 3065 tet
863 2993 962 3089 εἰχῆι,
978 2995 1121 3093 aspellat
1140 3007 1177 3067 et
1194 2993 1341 3068 'dativis
1357 3021 1415 3067 ca-

320 3107 419 3180 sibus
445 3104 672 3204 adjungitur:
699 3119 813 3180 wcum
835 3141 855 3198 η
879 3109 1102 3199 enuntietur,
1120 3123 1157 3182 et
1181 3109 1307 3187 eadem
1332 3109 1414 3181 sub-

314 3221 413 3318 jecta
436 3252 450 3290 ε
474 3220 601 3292 litteris
625 3219 712 3294 facit
738 3223 884 3321 longam
911 3225 1086 3324 syllabam
1115 3257 1153 3312 a,
1168 3225 1291 3322 ¹quod
1314 3237 1412 3298 autea

321 3335 528 3410 servabatur
552 3333 648 3437 apud
674 3361 740 3410 nos
757 3363 921 3442 quoque:
949 3365 1033 3416 num
1051 3353 1088 3412 et
1105 3367 1171 3441 pro
1188 3341 1286 3414 brevi
1302 3353 1337 3413 et
1350 3365 1412 3439 pro

362 3575 404 3635 ln
417 3578 449 3652 g]
466 3595 486 3634 n
499 3587 528 3634 et
540 3596 561 3652 g
574 3577 605 3634 P.
738 3575 755 3620 ¹¹
770 3577 798 3636 in
812 3581 980 3660 supradictis
995 3585 1104 3660 antam]
1121 3593 1151 3640 et
1164 3582 1194 3641 lu
1209 3579 1366 3661 supradictis
1378 3581 1409 3640 P.

321 3654 331 3706 l
346 3656 537 3732 authoritatis]
554 3655 731 3718 auctoritatis
745 3659 775 3717 P.
889 3673 914 3709 Ν
927 3663 955 3720 d.
970 3662 1036 3724 inde
1050 3683 1145 3740 qoam.
1160 3665 1204 3741 u.]
1221 3663 1321 3724 deiude
1332 3681 1408 3738 quim

323 3758 381 3797 non
396 3738 429 3798 P.
536 3737 734 3815 ”quod]quoe
748 3739 779 3796 P.
873 3743 963 3801 ⁰Jsm
979 3741 1067 3818 aliud]
1086 3743 1128 3802 Ad
1143 3745 1171 3801 h.
1185 3765 1211 3803 v.
1226 3741 1407 3802 obelus-in

322 3837 412 3897 marg.
426 3818 459 3878 P.
581 3827 597 3880 Ρ
611 3818 739 3895 querela]
757 3833 787 3880 et
800 3822 913 3897 querela
928 3823 960 3880 P.
1081 3835 1097 3880 ‘l
1111 3843 1169 3884 uuo
1183 3823 1301 3898 rnorat]
1317 3833 1345 3880 ut
1356 3841 1409 3879 uno

322 3911 432 3958 Tnarat
446 3898 477 3957 P.
601 3901 717 3973 fidens]
735 3901 817 3960 tusoN
832 3901 863 3958 P.
959 3913 1018 3960 'ut
1031 3902 1098 3978 alic]
1115 3912 1189 3960 aldid
1205 3905 1235 3960 P.
1326 3901 1408 3974 liliis

322 3979 427 4054 πορεύω]
445 3991 473 4036 et
487 4002 555 4051 ειχηι
575 3997 667 4056 copyist
688 3981 719 4038 Ρ.
842 3992 858 4023 v
871 3981 981 4040 casibus
1003 3983 1115 4058 dativis]
1138 3983 1239 4046 dativis
1259 3982 1359 4046 casibus
1377 3981 1407 4042 Ρ.

322 4083 346 4118 v
366 4094 454 4154 quum
470 4074 499 4148 η]
521 4059 631 4140 cumil
652 4079 684 4136 P.
807 4079 928 4156 xquod]
945 4099 1006 4158 que
1015 4081 1046 4140 P.

367 4269 406 4342 56
427 4281 485 4328 tum
505 4269 603 4330 ‹linde
616 4291 700 4348 quam
721 4291 740 4328 n
761 4274 851 4348 unda]
895 4275 991 4335 diade
1004 4295 1086 4349 quam
1100 4295 1154 4333 non
1168 4278 1265 4334 deinde
1278 4275 1405 4331 elsatia

324 4349 452 4412 Notatur
466 4349 609 4408 mendum.
652 4351 714 4409 Nisi
728 4352 855 4411 italorte
896 4355 1048 4414 CAMER.
1092 4357 1165 4415 Hac
1179 4355 1404 4415 mendicamus·

325 4429 488 4507 legendum,
510 4431 585 4507 quod
610 4443 706 4489 tamen
728 4451 764 4490 ne
785 4433 854 4491 mihi
897 4449 969 4496 rent.
984 4437 1117 4499 coMM.

325 4507 441 4592 quidem
453 4508 505 4592 ipsi
519 4510 612 4570 adhuc
626 4513 770 4592 probatur,
786 4515 856 4575 Tum
