3012 5084
169 401 253 462 car.
272 393 330 451 14.
621 377 702 464 ¹De
722 379 856 460 Versu.
891 455 898 474 ,
1229 393 1275 472 73

168 587 432 660 nonnunquam
463 561 712 636 hexametrum
740 563 952 664 procedunt,
968 566 1101 662 quibus
1123 564 1169 638 de
1189 564 1278 638 divi·

166 677 271 750 sione
296 704 338 751 ac
365 677 553 750 scansione
571 703 635 750 sua
652 678 784 776 cuique
804 705 937 754 nomen
955 693 1021 768 est,
1038 706 1128 778 quos
1145 679 1277 754 Latine

167 793 355 866 taxatione
379 791 624 892 ‘simplicium
657 794 824 880 senarios,
851 797 1043 886 trimetros,
1073 797 1276 870 octonarios

166 933 253 980 vero
277 921 505 980 tetrametros
530 923 761 996 vocaverunt,
777 910 924 982 abusive
946 911 1002 982 rel
1031 910 1108 986 haec
1131 913 1277 1012 eappel-

167 1023 257 1096 latio
283 1022 475 1099 habebitur
502 1047 586 1096 cum
613 1021 765 1100 fsincera
783 1037 820 1098 et
841 1025 985 1125 propria
1010 1025 1276 1124 significatione

168 1140 393 1214 Graecomm.
444 1137 579 1212 Versus
598 1137 743 1214 Heroas
770 1141 978 1214 hexameter
1002 1139 1103 1239 Epor
1125 1139 1302 1221 dicatur.4

166 1252 279 1352 Apud
307 1279 373 1326 nos
399 1265 520 1326 autem
538 1279 661 1328 versus
678 1254 797 1330 dictus
820 1269 876 1328 est
899 1255 1100 1346 aversaris,
1117 1255 1154 1330 id
1172 1269 1275 1346 est‚a

166 1370 322 1468 repetita
339 1369 515 1468 scriptura
532 1381 603 1442 ⁸ex
619 1398 662 1444 ea
678 1384 780 1470 parte
797 1372 835 1444 in
854 1396 964 1467 quam
977 1369 1119 1444 desinit.
1145 1371 1274 1447 Primis
1289 1395 1302 1444 s

167 1484 266 1556 enirn
286 1484 522 1582 temporibus,
536 1483 631 1558 sicut
642 1485 790 1584 quidam
806 1497 979 1574 asserunt,
997 1485 1048 1557 sic
1066 1486 1160 1558 soliti
1175 1502 1277 1560 erant

167 1599 337 1687 scribere,
355 1613 396 1672 ut
413 1625 498 1674 cum
516 1626 537 1674 a
554 1600 697 1674 sinistra
714 1613 814 1701 parte
838 1599 982 1674 initium
1005 1600 1122 1673 facere
1145 1602 1276 1700 coepis-

166 1730 262 1806 sent,
284 1729 323 1788 et
349 1713 540 1790 duxissent
569 1715 613 1790 ad
636 1716 814 1805 dextram,
844 1727 1053 1812 sequentem
1082 1741 1225 1790 versum
1255 1745 1275 1789 a

165 1829 297 1904 dextra
330 1843 431 1930 parte
466 1829 688 1920 inchoantes,
722 1830 767 1903 ad
802 1829 980 1904 sinistram
1016 1829 1275 1929 perducerent:

166 1971 279 2042 quem
299 1970 436 2017 morem
460 1944 583 2018 ferunt
599 1943 780 2018 custodire
798 1943 917 2018 adhtm
935 1943 971 2016 in
990 1943 1063 2016 suis
1080 1944 1154 2018 liris
1172 1945 1276 2020 rusti-

166 2087 242 2134 oos.
295 2057 381 2132 Hoc
398 2073 519 2140 autem
548 2085 662 2157 genus
688 2059 873 2158 scripturas
892 2059 1061 2134 dicebant
1078 2058 1304 2144 hBonum-⁶

166 2173 320 2274 phedon
337 2201 358 2248 a
376 2176 484 2250 boum
504 2175 715 2264 versatione,
732 2174 829 2248 uode
848 2175 967 2249 adhuc
991 2176 1027 2248 in
1052 2175 1196 2266 arando,
1213 2177 1275 2249 ubi

165 2289 305 2364 desinit
322 2291 441 2364 sulcus
459 2305 499 2362 et
514 2289 610 2364 unde
636 2289 725 2364 alter
741 2290 942 2376 inchoatur,
960 2315 1113 2362 versura
1129 2289 1275 2389 proprio

166 2406 348 2480 vocabulo
374 2421 613 2506 nuncupatur.
665 2406 797 2482 Omnis
823 2419 945 2480 autern
967 2433 1087 2480 versus
1114 2407 1160 2480 ab
1185 2407 1303 2485 inte-r

167 2547 233 2620 gra
251 2535 353 2619 parte
370 2521 541 2610 orationis
568 2521 708 2621 incipit,
726 2533 763 2595 et
786 2521 823 2594 in
850 2522 1030 2622 integram
1051 2521 1195 2610 desinit,
1211 2547 1276 2594 ex-

167 2637 288 2738 ceptis
315 2636 383 2728 his,
411 2637 509 2735 iquae
541 2637 577 2710 in
613 2635 803 2710 oomoediis
824 2635 1033 2732 joculariter
1063 2635 1172 2724 dicta,
1199 2661 1277 2710 cor·

168 2767 278 2853 rupta
295 2767 357 2826 aut
371 2752 570 2851 semiplena
587 2752 792 2842 effemntur,
808 2766 870 2826 aut
882 2777 962 2849 quae
980 2777 1058 2824 raro
1080 2750 1175 2851 apud
1199 2751 1275 2852 epi-

168 2895 232 2942 cos
251 2867 357 2942 metri
376 2867 589 2942 necessitate
606 2865 835 2942 dividuntur:
863 2880 904 2940 ut
920 2866 1016 2966 apud
1034 2867 1239 2966 Virgilium,

373 2984 520 3082 Septem
537 2981 701 3080 subjecto
719 2981 863 3056 lenoni.

169 3099 252 3174 Pari
279 3100 418 3174 ratione
442 3099 478 3175 in
500 3125 601 3172 versu
620 3111 657 3171 et
672 3099 847 3197 Apocope
872 3109 1050 3195 praecepta
1068 3111 1133 3185 est,
1151 3095 1188 3170 id
1210 3111 1303 3186 est,s

167 3214 370 3290 subtractio
394 3214 541 3313 syllabae
568 3213 844 3313 syllabarumve,
871 3211 1065 3308 cujuslibet
1094 3211 1276 3303 orationis,

169 3343 289 3406 metro
306 3345 457 3428 cogente
473 3329 581 3417 laeta,
593 3355 676 3426 quae
695 3328 769 3402 sive
786 3328 825 3400 in
841 3327 963 3417 verbo,
980 3325 1054 3400 sive
1073 3327 1109 3402 in
1129 3328 1275 3406 nomine

169 3445 353 3534 acciderit,
370 3472 436 3545 pro
454 3445 593 3543 integra
610 3457 712 3542 parte
728 3441 899 3518 orationis
917 3441 1123 3540 accipietur,
1141 3455 1192 3528 ut,

210 3649 436 3731 dsinrplieium]
462 3652 623 3733 simplicum
647 3653 678 3710 P.
800 3653 1001 3732 eappellatio]
1030 3651 1219 3732 appellatione
1242 3653 1272 3710 P.

168 3731 324 3812 lsyncere]
341 3731 450 3792 sincero
462 3733 494 3792 Ρ.
576 3735 701 3809 teaex]
719 3752 800 3792 exea
814 3734 846 3791 P.
911 3731 1138 3812 hBustrophen]
1154 3733 1272 3792 Bostro·

187 3813 248 3872 hen
264 3813 296 3872 P.
332 3815 456 3873 Boustro
477 3813 570 3873 hedon
586 3813 725 3874 Valesius.
849 3811 858 3858 i
880 3815 956 3892 quae]
981 3813 1028 3891 qui
1044 3815 1074 3872 P.
1095 3827 1125 3872 et
1141 3812 1182 3872 sic
1197 3831 1272 3872 mox.

166 3835 188 3936 l
200 3895 317 3970 Trioni]
333 3893 439 3954 Trione
453 3834 484 3954 V.

185 4167 193 4180 1
209 4101 240 4162 5.
261 4085 327 4222 gerp!
340 4102 400 4161 ¹pro
422 4085 523 4220 uim
544 4082 702 4221 effssvgle'
744 4081 816 4176 talis,
831 4095 863 4141 ut
876 4103 893 4142 a
906 4085 1109 4224 linpdcujusqlue
1123 4105 1216 4178 uersus
1231 4085 1273 4144 in·

169 4184 262 4303 'ml‘
286 4181 704 4321 sibialil'fdssbn
743 4175 1274 4336 thalatttllhtlht‘tt?

168 4325 339 4404 scripturam
374 4337 516 4382 eranum
551 4323 702 4382 Pausanias
742 4323 844 4402 plicata
865 4345 928 4402 quae
950 4337 1029 4392 sunt,
1051 4337 1083 4384 ut
1104 4324 1196 4388 Greci
1220 4345 1273 4386 vo·

168 4415 380 4466 commemorat
399 4402 486 4462 fuisse
499 4403 529 4462 in
544 4423 608 4462 arca
621 4401 701 4461 aedri·
741 4417 819 4472 cant,
830 4409 934 4466 taum.
957 4407 1108 4466 CAMlill.

170 4505 207 4545 na
221 4484 336 4564 Cypseli
357 4483 486 4546 heliaoon
500 4486 537 4552 α’,
551 4504 614 4562 quc
628 4495 704 4542 esset

789 4605 813 4652 1.
