3076 5140
320 411 392 470 200
707 391 828 466 Marii
848 389 1033 465 Victorini
1268 414 1343 464 am.
1364 414 1417 464 tv.

274 601 304 650 ³⁵
319 579 414 654 Item
439 575 661 652 trochaicum
688 587 939 648 tetrametrum
964 574 1226 660 catalecticum,
1245 585 1415 671 quartum

319 694 479 766 iambum
500 691 648 780 habens,
666 687 763 787 quod
780 688 1001 788 Eupolidion
1018 687 1160 774 dicitur,

417 805 597 905 Juppirer
609 813 756 878 vocam
771 803 875 876 adest
891 801 1078 901 diisooete
1095 804 1216 878 ceteri.

321 923 414 996 Item
433 947 480 994 ex
496 919 679 994 trochaico
696 917 852 992 dimetro
869 919 1077 992 catalectico
1092 933 1130 992 ct
1143 919 1260 992 ionico
1273 915 1331 990 ἀπὸ
1347 916 1419 1011 μί-

321 1047 398 1126 ζονος
412 1034 573 1110 l'ultimis
591 1034 706 1106 tribua
723 1033 888 1106 trochaeis
906 1046 942 1106 et
958 1032 1154 1132 semipede,

319 1160 472 1246 Jcppitcr
485 1157 561 1222 coelo
574 1155 683 1220 oedem
694 1154 830 1240 *fictorem
841 1164 940 1242 porat
953 1175 1038 1233 acre,
1049 1164 1163 1220 cuncto
1176 1179 1238 1244 qno
1252 1163 1405 1220 tremunt.

276 1295 308 1359 3⁶
321 1269 415 1342 Item
433 1293 478 1340 ex
497 1267 745 1366 ithyphallico,
763 1265 825 1353 sic,

421 1382 549 1458 Mente
566 1382 767 1454 concitatus
783 1377 891 1454 tollor
907 1379 1126 1477 interpolas
1143 1389 1301 1476 repente.

320 1499 413 1572 Item
442 1525 486 1572 ex
511 1509 693 1596 anapoeoto
712 1494 868 1568 dimetro
885 1493 1103 1568 kacatalecto
1125 1507 1162 1567 et
1179 1493 1335 1567 iambico
1361 1493 1416 1566 di-

319 1625 435 1685 metro
452 1613 671 1700 catalectico,

362 1737 433 1823 Age
446 1757 532 1800 nanc
544 1737 671 1800 comiter
684 1734 805 1798 rabtdae
820 1735 948 1820 Cybela
962 1744 1069 1798 vocem
1082 1735 1190 1800 cioroa
1203 1733 1247 1798 ad
1259 1755 1348 1797 arat.

273 1881 305 1932 37
320 1844 413 1917 Item
433 1869 479 1916 ex
497 1842 642 1942 dipodia
660 1843 874 1943 anapaeatica
891 1857 928 1916 et
944 1843 1194 1942 ithyphallico,

419 1959 509 2057 Age
524 1985 620 2032 otrnc
636 1959 895 2060 comiteoscrte
910 1985 1016 2034 soora
1033 1958 1188 2034 Boccho.

320 2075 414 2147 Item
445 2099 490 2146 ex
520 2073 730 2146 choriambo
753 2088 790 2147 et
809 2073 956 2173 dipodia
981 2075 1136 2148 iambica
1161 2087 1198 2146 et
1220 2073 1415 2161 trochaica,

319 2188 450 2262 ultimo
467 2187 741 2288 ¹amphimacro,

371 2303 497 2403 laJdia
515 2305 570 2378 dic
581 2329 712 2400 precor
729 2301 853 2388 libens,
871 2303 965 2378 unde
980 2302 1079 2376 mata
1095 2329 1172 2401 quc
1185 2302 1300 2402 geris.

272 2449 305 2508 ³8
318 2420 415 2494 Item
440 2445 486 2493 ex
512 2418 674 2518 paeonico
701 2417 862 2492 trimetro
885 2419 1093 2494 catalectico
1109 2433 1147 2492 et
1164 2417 1414 2518 ithyphallico,

319 2549 371 2625 ut,

319 2651 430 2724 Nunc
446 2649 558 2748 agite,
576 2671 674 2720 nunc
691 2645 860 2742 tripudiis
875 2648 966 2720 milri
982 2648 1088 2722 dulce
1090 2649 1200 2752 ferte
1216 2673 1374 2722 comen.

319 2764 413 2837 Item
433 2787 477 2835 ex
495 2761 659 2862 paeonico
676 2759 830 2834 dimetro
853 2777 889 2836 et
906 2763 1150 2838 choriambico
1175 2765 1329 2837 dimetro
1355 2789 1414 2836 ca-

318 2877 495 2964 talectico,
513 2889 565 2966 ut,

418 2990 530 3064 Nunc
546 2991 692 3090 agitata
708 2991 807 3064 verrit
826 2989 950 3091 Lydio
967 2992 1058 3066 edic
1070 3019 1140 3090 per
1155 3017 1286 3066 ornnes.

272 3139 305 3191 ³9
319 3107 413 3181 Item
440 3131 484 3178 ex
513 3106 630 3178 ionico
654 3104 714 3178 tat
740 3107 904 3188 ἐλάσσονος
929 3120 965 3179 ct
989 3133 1112 3206 paeone
1134 3107 1240 3180 tertio
1262 3121 1298 3178 et
1316 3105 1414 3204 ithy-

318 3221 489 3322 phallico,
507 3220 592 3309 ¹²oio,

418 3334 646 3408 Miserarum
663 3345 797 3408 estnec
813 3361 936 3408 amore
951 3335 1159 3434 necficrore
1176 3336 1291 3433 tongi.

319 3450 414 3522 Item
440 3473 486 3521 ex
512 3447 630 3522 ionico
655 3449 713 3522 ἀπὸ
743 3450 874 3546 μείζονος
899 3465 935 3524 et
964 3451 1195 3524 ⁰choriambo
1219 3465 1256 3524 et
1281 3449 1414 3523 ultimo

318 3565 472 3648 riambo,
491 3562 554 3650 sic,

417 3677 495 3752 Dic
509 3703 606 3752 nunc
622 3703 693 3777 age
713 3677 793 3753 Clio
809 3678 900 3752 mihi
918 3678 1124 3776 Pegaseum.
1140 3677 1261 3752 melos.

272 3829 306 3875 40
359 3792 416 3866 Ad
429 3818 608 3866 summam
624 3795 745 3866 omnia
759 3807 884 3882 metra,
895 3807 931 3866 et
943 3821 1023 3891 quoe
1037 3795 1130 3868 inter
1145 3821 1182 3867 se
1196 3807 1413 3894 congruunt,

317 3922 354 3981 et
371 3935 450 4006 quae
476 3923 682 4007 temporum
709 3909 867 3982 aratione
892 3911 1068 3984 contraria
1094 3924 1189 3999 sunt,
1214 3911 1242 3982 si
1269 3909 1412 4008 plenius

357 4179 508 4258 hulcimia]
527 4179 670 4240 ultissimis
684 4181 714 4239 P.
804 4177 813 4223 ¹
827 4181 947 4257 fulmen]
965 4182 1070 4240 flumen
1085 4183 1115 4240 P.
1208 4179 1225 4223 k
1239 4179 1409 4253 acatalecto]

316 4259 454 4319 catalecto
469 4261 499 4317 P.
582 4259 590 4303 ¹
604 4261 811 4340 amphimacro]
828 4274 858 4319 et
871 4263 1064 4340 amphimacro
1078 4263 1109 4320 P.
1172 4272 1195 4304 ¹¹¹
1210 4260 1270 4335 dic]
1288 4281 1364 4320 nunc
1379 4263 1410 4318 P.

318 4351 334 4382 ¹¹
348 4339 389 4398 sic
403 4359 461 4398 om.
476 4342 508 4398 P.
591 4341 826 4416 ⁰choriambico]
843 4341 1008 4402 choriambo
1022 4343 1053 4400 P.
1151 4341 1287 4416 riambo]
1304 4340 1409 4410 iambo,

316 4419 357 4478 aie
373 4420 407 4478 P.
490 4431 506 4475 q
520 4420 641 4494 ratione]
659 4424 796 4481 rationem
811 4423 841 4480 P.
