3076 5140
307 411 375 474 188
688 395 810 470 Marii
830 393 1019 470 Victorini
1253 419 1327 470 ura.
1346 419 1413 470 ιιι.

276 583 363 658 σΕι
390 581 459 656 hoc
485 595 522 654 et
542 581 798 681 dithyrambiei
826 581 931 656 metri
958 579 1060 680 origo
1088 595 1222 668 manat,
1239 581 1336 680 quod
1360 605 1412 654 ex

305 699 445 772 duobus
472 697 597 796 primis
620 697 809 797 paeonibus
834 711 871 770 et
897 697 1024 796 hippio
1045 697 1162 786 tertio,
1188 696 1224 770 id
1250 709 1306 770 est
1330 697 1412 796 epi-

306 815 403 906 trito,
421 815 596 904 subsistit,
613 827 666 900 ut,

404 927 497 1000 Jom
518 927 672 1026 Tyberis
687 927 906 1027 implacidus
921 925 1168 1030 undafloerrs.

307 1043 473 1126 Quorum
492 1067 678 1140 supremas
695 1043 724 1114 si
742 1043 907 1118 detrahas
926 1043 1092 1143 syllabas,
1109 1055 1181 1114 tres
1206 1039 1340 1140 dactyli
1368 1043 1407 1114 in

307 1185 411 1232 versu
429 1158 667 1258 reperiuntur.

281 1287 294 1340 t
357 1272 467 1346 Nunc
485 1273 530 1348 de
556 1274 686 1364 ionicO,
704 1301 812 1372 quern
842 1273 968 1347 musici
995 1273 1053 1346 altri
1080 1275 1244 1356 ἐλάσσονος
1265 1289 1409 1364 vocant,

306 1390 408 1486 cujus
427 1388 478 1462 ¹et
500 1389 545 1462 de
571 1391 708 1489 origine
734 1405 771 1464 et
796 1391 942 1464 nomine
968 1403 1004 1464 et
1030 1391 1303 1490 compositione,
1320 1390 1408 1486 quia

309 1513 419 1606 (quae)
438 1506 607 1580 accidunt
621 1507 783 1580 trimetro
797 1506 967 1593 scazouti,
981 1505 1067 1579 huic
1083 1533 1227 1604 quoque
1245 1503 1408 1578 accidere

279 1627 345 1698 sin
366 1623 518 1698 dubium
544 1649 616 1695 non
634 1621 733 1694 venit
948 1649 994 1694 ex
1012 1623 1175 1696 trimetro
1192 1647 1295 1694 versu
1316 1621 1410 1692 iam-

308 1739 390 1810 bico
427 1737 622 1810 dimetrum
662 1734 819 1836 epodum
859 1737 1121 1834 octosyllabuut
1164 1737 1408 1810 Archilochus

308 1865 535 1925 commentus
553 1863 625 1922 est:
655 1866 706 1940 ut,

458 1965 599 2038 Beatus
616 1965 679 2040 ille
696 1967 761 2066 qui
773 1963 904 2064 procul
919 1965 1111 2066 ¹¹negotiis.

307 2109 328 2154 e
345 2106 418 2178 quo
435 2080 621 2170 dimetrus,

457 2198 599 2272 Beatus
615 2196 680 2270 ille
691 2199 755 2297 qui
766 2197 907 2295 procul.

309 2312 378 2386 uisi
396 2311 437 2386 ¹si
457 2311 605 2412 recipiat
622 2312 821 2411 dactylum,
834 2327 895 2386 aut
910 2311 987 2408 ejus
1006 2319 1237 2404 contrarium,
1252 2315 1308 2387 vel
1325 2315 1412 2389 loco

280 2421 419 2511 §iambi
445 2426 667 2526 tribrachyn,
691 2441 727 2500 et
753 2429 850 2500 mliat
877 2453 1007 2500 novem
1035 2429 1265 2527 syllabarum.
1331 2430 1410 2504 Hic

308 2544 404 2616 enim
436 2542 621 2626 dimetrus,
648 2541 796 2638 adjectis
822 2541 964 2614 duobus
998 2544 1163 2643 pedibus,
1188 2571 1277 2641 quos
1309 2543 1410 2616 idem

308 2658 473 2744 detraxit,
492 2657 680 2730 revertitur
696 2657 739 2729 ad
760 2657 951 2755 pristinum
971 2659 1123 2732 trimetri
1143 2671 1292 2748 statum,
1313 2671 1410 2732 tam·

309 2801 432 2872 quam,

460 2890 593 2964 Subire
610 2891 791 2964 Macestus
807 2899 881 2962 tuo.
989 2923 1005 2959 ι

268 3041 298 3077 ιο
310 3003 347 3077 Si
367 3003 529 3102 adjecero
545 3005 701 3106 negotio,
719 3005 787 3078 erit
803 3004 998 3090 trimetros,

460 3120 593 3196 Subire
610 3119 797 3196 Maecenas
814 3131 877 3194 tuo
895 3122 1050 3220 negotio.

310 3235 418 3325 Item,

461 3351 603 3426 Beatos
619 3352 684 3425 ille
700 3354 763 3452 qui
775 3351 915 3449 procul.

311 3465 340 3537 si
367 3465 547 3556 addidero,
567 3467 779 3556 Simonides,
796 3468 999 3541 trimetrum
1028 3465 1096 3539 hac
1122 3465 1270 3566 dipodia
1286 3479 1410 3539 ¹¹com-

311 3581 430 3678 plebo,
448 3595 500 3670 ut,

414 3697 555 3770 Beatus
572 3695 636 3769 illc
652 3697 716 3795 qui
729 3697 860 3795 procul
877 3697 1089 3772 Simonides.

269 3826 296 3861 ιι
311 3795 414 3868 Facit
430 3809 600 3894 praeterea
611 3821 750 3869 versum
766 3798 962 3870 iambicum
979 3797 1183 3870 trimetrum
1198 3810 1271 3867 tam
1293 3797 1412 3869 Simo-

312 3911 414 3986 nides
431 3937 539 4008 quam
557 3912 702 4010 negotio
715 3913 907 4010 repetitum
927 3927 992 3997 ter,
1006 3911 1104 3984 haud
1123 3911 1209 3983 alias
1223 3937 1332 4008 quam
1347 3926 1412 3984 ⁰ut

313 4029 414 4102 aiunt
431 4025 556 4100 fecisse
571 4027 763 4124 Virgilium
783 4039 946 4099 nostrum
964 4025 1121 4100 iambico
1137 4027 1412 4125 epigrammate,

353 4207 424 4284 lde]
441 4221 470 4266 et
483 4209 518 4266 de
531 4209 563 4267 P.
604 4205 766 4286 knegotiis]
782 4209 896 4286 negotio
911 4208 943 4264 P.
985 4205 1153 4282 ¹Nisisi]si
1168 4207 1266 4264 om.P.
1310 4209 1409 4284 mfiat]

314 4291 362 4350 fiet
374 4291 407 4348 P.
490 4299 503 4330 '¹
519 4287 692 4368 complebo]
709 4287 869 4368 complebo,
885 4301 924 4355 ut,
939 4287 970 4346 P.
1053 4299 1068 4330 ⁰
1082 4287 1174 4362 aium]
1191 4299 1222 4344 ut
1236 4287 1316 4346 aium
1326 4289 1359 4347 P.

355 4435 382 4494 7.
398 4422 462 4494 quio
476 4419 618 4493 occidunt]
636 4415 748 4495 Opinor
762 4416 926 4495 legendum,
942 4419 1007 4492 quio
1023 4437 1083 4492 quoe
1096 4420 1233 4474 occidunt.
1258 4419 1412 4478 caMEtt.

311 4501 383 4560 Mox
397 4502 549 4579 postvenit
564 4497 654 4558 multa
667 4495 795 4555 ridentur
809 4497 914 4556 deesse.
