3100 5142
154 435 239 488 ese.
252 429 289 505 9.
550 411 614 485 De
631 413 861 510 anapestieo.
1182 428 1253 490 341

154 597 225 671 hoe
242 610 279 670 et
296 595 583 688 choriambicum
603 611 668 670 est.
714 596 935 672 Trimetrum
954 597 1223 686 'acatalectum

328 712 462 778 Ceditur
475 711 539 778 ieta
553 715 670 778 secari.

152 816 422 890 Tetrametrum
442 815 692 905 acatalectum,

329 929 487 996 Caetteotoe
507 931 632 996 Veneris
645 951 740 994 saera
753 932 886 996 semina.

154 1034 427 1107 Pentamatrum
443 1031 694 1119 acatalectum,

327 1147 368 1210 H
367 1167 410 1213 aee
423 1167 512 1211 reare
525 1149 673 1234 certificat
685 1167 741 1212 mee
754 1147 828 1234 agit
826 1147 925 1232 freta
939 1147 1064 1210 eaenda.

156 1251 428 1326 Hexametrum
447 1250 696 1334 acatalectum,

329 1363 515 1428 Conticuere
528 1385 634 1428 ornnes
648 1364 821 1450 intentique
835 1383 894 1426 ora
908 1363 1063 1426 tenebant.

414 1549 516 1632 Cae.
537 1547 616 1630 IX.
663 1551 729 1632 De
747 1549 1000 1658 anapestica

196 1697 390 1799 Dactylieo
400 1697 620 1772 contrarium
632 1710 687 1771 est
698 1695 957 1796 anepaestieum
971 1707 1139 1770 metrum.
1157 1696 1259 1772 Huic

155 1814 317 1887 naturale
335 1813 553 1888 catholicum
573 1826 628 1886 est
649 1825 768 1912 partes
786 1811 957 1886 orationis
983 1811 1133 1910 singulis
1159 1813 1259 1912 pedi-

156 1930 224 2002 bus
242 1929 457 2014 terminare3
482 1928 542 2002 hic
559 1925 656 2000 enim
672 1954 793 2000 versus
805 1929 965 2029 optimus
979 1942 1053 2001 est:
1080 1927 1258 2002 secundus

157 2046 203 2118 ab
220 2043 361 2144 optimo
377 2043 460 2116 ·itte
475 2043 536 2140 qui
555 2044 721 2143 syzygias
739 2057 841 2144 parte
857 2044 1027 2119 orationis
1046 2045 1147 2118 finit:
1173 2070 1256 2118 nam

156 2159 262 2234 sicuti
289 2161 325 2234 in
353 2159 478 2234 ceteris
508 2159 630 2232 metris
658 2159 825 2234 vitiosum
855 2175 910 2232 est
937 2159 965 2232 si
990 2157 1121 2258 singuli
1148 2157 1258 2259 pedes

155 2289 296 2375 partem
324 2275 494 2350 orationis
521 2274 661 2360 finiant,
685 2275 736 2348 ita
766 2274 826 2347 hie
849 2275 984 2348 bonum
1014 2273 1191 2370 estquod
1221 2273 1258 2346 in

157 2391 237 2464 aliis
254 2389 494 2466 bcontrarium
510 2403 574 2464 cat.
602 2389 747 2490 Recipit
764 2388 885 2488 pedes,
896 2415 1001 2463 suum
1022 2389 1160 2462 scilieet
1176 2415 1286 2464 ana-r

156 2517 326 2605 praestum,
342 2505 527 2607 dactylum
546 2519 583 2578 et
608 2503 822 2604 spondeum,
839 2530 917 2577 raro
934 2518 972 2576 et
996 2505 1260 2605 proceleusma-

156 2623 293 2696 ticum:
321 2623 386 2695 hos
403 2649 530 2698 omnes
548 2621 718 2696 omnibus
741 2621 775 2694 in
804 2619 902 2694 locis.
950 2621 1159 2696 Dimetrum
1179 2623 1259 2694 bra-

157 2738 457 2837 chycatalectum,

328 2853 478 2918 cstmttes
492 2853 583 2917 noim
598 2851 751 2916 volamus.

157 2953 366 3027 Dimetrum
386 2954 636 3039 acatalectum‚

329 3069 458 3134 Simiiea
472 3069 561 3134 notis
576 3069 720 3134 columae
730 3090 858 3158 pueros.

157 3169 252 3244 Item
271 3175 301 3244 si
320 3169 466 3268 adjicias
484 3172 590 3246 edere
614 3172 723 3246 facies
748 3171 949 3246 trimetrum
970 3169 1287 3270 brachycatalec3

157 3303 249 3377 tum,
270 3299 320 3375 ut,
951 3302 963 3316 “

329 3385 458 3451 Similes
472 3387 561 3451 uobis
576 3388 720 3452 volamus
732 3407 849 3475 preeroa
863 3385 964 3450 edere.

157 3501 194 3562 et
212 3487 240 3562 si
259 3487 310 3562 sic
328 3488 578 3577 acatalectum,

330 3603 460 3669 Similes
474 3605 563 3668 reobia
578 3604 722 3668 adureres
733 3625 850 3691 pueroe
864 3603 954 3668 edere
967 3611 1092 3668 matres.

157 3702 402 3778 ‘'Tetrameter
419 3705 548 3804 plenus
562 3705 629 3778 erit
647 3705 675 3780 si
696 3705 816 3793 addas,

332 3820 387 3884 Tu
402 3841 520 3907 aare
532 3841 643 3908 errec-

158 3919 234 3994 Hic
251 3947 396 4019 quoque
414 3921 579 3996 similiter
595 3935 802 3995 tetrameter
820 3921 1034 3995 acataleetus
1052 3933 1117 4007 est,

199 4037 342 4123 roperas
355 4037 442 4101 nobie
455 4037 598 4102 dedimus
612 4038 732 4102 damini
746 4037 876 4102 reddere
885 4037 975 4102 notts
988 4035 1093 4102 debita
1102 4035 1257 4100 cimititer.

196 4241 212 4274 ¹
225 4233 408 4290 aeetateetam
421 4231 538 4289 Italiam
549 4231 619 4308 sato
636 4231 781 4308 prasimae,
798 4240 988 4290 tetrametram
1008 4235 1199 4291 catalecticum
1213 4253 1256 4291 ce-

156 4313 235 4370 lieole
247 4315 353 4370 ceneris
365 4331 446 4370 sacra
459 4315 572 4379 semina,
584 4320 786 4388 pentametrum
802 4313 982 4370 acatalecticus
996 4317 1148 4371 contimere
1169 4333 1259 4372 omnes

155 4395 305 4469 intentique
319 4412 368 4450 ora
383 4394 508 4450 terrebant
520 4392 555 4450 V.
572 4391 760 4469 moxsoemina
774 4391 856 4452 Med.
911 4394 985 4467 tqut
997 4396 1136 4470 syzygias]
1154 4397 1201 4453 itte
1210 4398 1259 4470 qai

155 4477 272 4548 συζυγίας
280 4475 317 4532 V.
370 4469 579 4548 tcontrartum]
592 4471 856 4532 eontrariumestV.
909 4474 1258 4534 remites-acuatum

156 4555 262 4612 am.V.
313 4551 531 4628 dtetrametrus]
546 4561 703 4612 tetrameter
713 4556 749 4615 V.
802 4557 952 4630 ceperam
964 4555 1209 4632 bia]aperaereabis
1221 4557 1257 4614 V.
