3100 5142
275 319 348 382 328
626 303 743 378 Atilii
761 303 1031 377 Fortunatiurri.
1276 323 1370 371 Pam
1384 323 1407 369 r.

233 637 262 674 n
276 633 353 680 rem
373 605 511 706 syllaba
528 617 670 677 vocant.
720 602 886 676 Tertium
905 602 1009 676 colon

450 719 563 806 Sylva
575 719 755 784 laborum
765 718 914 806 geluque,

277 856 323 904 ex
353 829 518 902 trimetro
553 828 710 902 iambico
735 828 901 902 Plautum
928 841 983 900 est
1010 825 1179 900 detractis
1210 827 1251 898 ei
1290 827 1419 898 tribus

277 943 445 1046 syllabis:
472 942 586 1040 adjice
612 945 712 1018 euim
731 943 762 1017 ei
790 970 913 1018 rursus
930 957 1001 1016 tres
1019 941 1186 1040 syllabas,
1204 940 1247 1013 id
1272 953 1342 1012 est
1362 965 1420 1010 se-

278 1058 460 1160 mipedem
480 1059 624 1160 longam
644 1073 681 1132 et
698 1057 874 1148 iambum,
892 1061 955 1132 liet
972 1059 1199 1142 ‘ltrimetrus3

450 1175 561 1262 Sylvoe
574 1175 751 1240 laborantes
761 1175 1050 1264 geluqroefiigido.

280 1287 419 1362 Rursus
436 1285 586 1360 detrahe
604 1286 781 1386 syllabam
801 1286 886 1360 huic
904 1287 984 1361 colo
1001 1287 1200 1374 ‘ultimam
1217 1287 1310 1368 fiet,

453 1401 568 1489 Sylvoe
581 1401 760 1467 laborantes
770 1403 870 1490 gelu,-

280 1521 342 1620 qui
360 1533 416 1594 est
433 1519 571 1620 epodus
589 1545 634 1594 ex
653 1521 828 1610 trimetro,
845 1548 910 1621 par
928 1521 991 1607 illi,

275 489 495 592 ⁰phallicum
534 501 688 562 metrum
720 487 858 584 junxit,
887 485 950 560 sed
988 487 1253 559 hexametrum
1294 485 1413 580 majo-

1515 1529 1516 1590 l

1515 1609 1516 1686 l

453 1637 546 1702 Atros
560 1639 845 1726 mritotpopulos.
1515 1735 1516 1740 γ

281 1745 380 1820 Nam
412 1747 720 1844 quemadmodum
752 1749 780 1820 si
816 1748 986 1846 adjeceris
1017 1748 1112 1822 idem
1141 1775 1297 1837 nomeu,
1335 1744 1412 1818 erit
1515 1747 1516 1758 ’

282 1861 477 1960 probabilis
495 1863 690 1950 trimetrus,

455 1977 565 2062 Sylvae
578 1979 757 2045 Ῑαόοναπίιε
766 1981 846 2068 gulo
861 1979 1050 2045 Simonides.

241 2119 270 2168 η
284 2087 464 2168 Quartum
484 2087 589 2160 colon
607 2105 673 2178 est,

456 2209 610 2274 Flumina
625 2214 823 2278 constiterint
837 2222 939 2278 amco.

286 2319 380 2394 Haec
405 2321 566 2395 clausula
589 2323 697 2420 hujus
718 2325 882 2425 strophes
908 2323 1002 2396 facta
1026 2334 1082 2394 est
1107 2348 1152 2394 ex
1179 2333 1403 2395 tetrametro

285 2437 414 2538 epodo,
431 2437 535 2536 cujus
553 2453 678 2513 auctor
693 2439 945 2514 Archilochus.
987 2437 1210 2536 Exemplum
1240 2433 1398 2535 subjeci,

305 2655 313 2670 ι
456 2571 524 2636 Aac
538 2569 701 2658 Fmbemm
715 2573 886 2636 &marisve
902 2569 1060 2637 Corinthi.

286 2681 348 2742 src‚

458 2753 614 2820 Flumiua
628 2758 843 2822 ⁸constiterint
856 2765 887 2822 et
896 2765 1001 2821 emto.

245 2929 275 2977 14
287 2889 386 2964 Nam
405 2891 480 2966 sive
504 2894 741 2996 praeposueris
759 2893 850 2969 duos
867 2893 1030 2994 dactylos
1047 2892 1157 2994 pedes
1175 2893 1250 2965 sive
1271 2892 1397 2988 subje-

288 3005 389 3094 ceris,
408 3006 638 3084 hexametrus
657 3011 787 3086 herous
804 3025 879 3085 est:
906 3009 1107 3111 praepositis
1124 3008 1291 3109 pedibus,
1310 3009 1377 3093 sic,

462 3131 889 3222 *Praecipitataqroestumirsu
901 3133 1101 3198 corutitrrisrt
1114 3140 1144 3196 et
1157 3140 1260 3210 muto,

290 3237 459 3335 subjectis
475 3242 639 3342 pedibus,
658 3246 720 3335 sic,

463 3357 618 3423 Flumina
630 3363 829 3427 emutiterirrt
842 3370 872 3426 et
885 3360 1128 3448 acutofiigoria
1143 3360 1218 3422 ictu.

292 3484 353 3560 sed
368 3483 569 3561 detrahitur
578 3493 694 3590 epodo
707 3496 856 3594 syllaba,
867 3513 907 3571 ut
918 3497 982 3568 fiat
992 3493 1209 3568 conveniens
1219 3492 1392 3578 clausula,

292 3627 356 3691 sic,

464 3720 619 3786 Flumina
633 3727 830 3790 corsetitsrint
843 3735 945 3790 uasto.

251 3882 279 3933 15
294 3847 538 3923 vArcbebuleo
548 3875 693 3948 quoque
706 3865 820 3925 metro
834 3853 863 3926 si
874 3853 1069 3928 detraxeris
1079 3853 1240 3954 primum
1251 3849 1392 3952 pedem,

294 3963 356 4060 qui
375 3979 429 4039 est
450 3981 650 4068 anapestus
681 3983 744 4043 aut
769 3969 960 4070 spondeus,
977 3983 1014 4043 et
1037 3969 1222 4070 proximas
1247 3967 1280 4040 ei
1305 3966 1391 4039 duas

335 4187 350 4220 ⁰
360 4179 538 4258 phalecium]
548 4186 702 4260 phalarum
717 4185 752 4242 V.
854 4183 1056 4259 vert]soctum
1071 4185 1107 4240 V.
1169 4165 1170 4168 Ἴ
1210 4179 1389 4253 sumebas]

299 4258 464 4320 citimum
475 4265 524 4332 V..
608 4266 775 4341 rultimum]
792 4267 891 4323 ultimo
906 4265 941 4324 V.
1038 4263 1253 4337 'constiterinfl
1269 4263 1391 4319 constite-

290 4342 757 4484 hurilhilulbov‚tproecmlque]
769 4349 967 4423 praecipitesque
979 4345 1017 4404 V.
1032 4343 1113 4403 Med.
1186 4353 1202 4385 V
1216 4341 1388 4415 Archibulio]
