3124 5120
131 421 217 474 cur.
232 413 292 473 18.
578 398 840 500 DeEpr'ploce.
1193 421 1239 484 83

131 584 196 656 tris
213 583 336 682 longae
357 583 573 682 plerumque
590 609 654 680 pro
670 585 863 658 llbreuibus
881 587 1017 684 poritoe,
1034 615 1123 685 quas
1140 617 1241 664 com-

131 723 264 770 munes
280 709 425 784 vocant,
443 711 483 770 ut
500 709 568 786 est,

366 810 502 884 Insulae
523 811 624 884 Ionio
640 813 680 886 in
694 837 839 912 magno.

135 924 244 998 Unde
263 925 320 1013 fit,
337 925 432 996 utin
450 927 550 998 omni
576 939 692 998 metro
714 929 909 1004 novissima
935 932 1072 1029 syllaba
1098 932 1240 1006 indiffe-
1254 955 1286 1002 τι

10 1095 11 1100 η
133 1066 215 1112 rens
231 1040 422 1112 habeatur.
461 1039 561 1112 Nam
579 1041 815 1116 Aristoxenus
835 1045 993 1118 musicus
1010 1047 1098 1120 dicit
1115 1049 1240 1121 breves

134 1157 264 1229 finales
290 1155 330 1228 in
355 1155 489 1246 metris,
507 1156 535 1228 si
554 1158 775 1232 collectiores
798 1157 880 1244 sint,
897 1185 941 1232 eo
962 1161 1116 1257 aptiores
1139 1187 1241 1261 sepa-

134 1271 266 1342 rationi
292 1297 417 1342 versus
443 1297 463 1342 a
489 1285 661 1368 sequente
687 1299 790 1345 versu
821 1273 910 1360 lieri,
935 1273 1175 1371 'idcircoque
1201 1278 1239 1348 in

134 1401 237 1458 sexta
265 1383 352 1458 sede
375 1387 578 1486 trisyllabos
599 1389 714 1484 figura
732 1413 803 1460 non
822 1387 981 1486 ponitur,
998 1389 1083 1485 quia
1102 1415 1239 1464 moram

135 1499 260 1572 babet.
313 1500 388 1572 *At
409 1514 534 1574 contra
559 1499 753 1599 disyllabos
779 1501 964 1574 familiaris
988 1517 1053 1590 est,
1070 1503 1156 1599 quia
1184 1531 1241 1576 ce·

134 1613 247 1686 lerius
277 1612 423 1701 desiuit,
449 1627 486 1686 et
512 1641 556 1686 eo
585 1614 713 1712 magis,
739 1615 767 1688 si
799 1617 1030 1716 posteriorem
1063 1617 1238 1716 syllabam

136 1731 285 1803 brevem
306 1729 507 1803 habuerint.

134 1925 245 2008 Cur.
258 1925 425 2008 XVIII.
454 1930 520 2010 Dc
533 1929 739 2040 Epmloce,
755 1931 799 2010 id
815 1943 885 2026 eat,
903 1932 1136 2013 Metrorum
1154 1959 1240 2012 am-

588 2057 789 2164 plamone.

186 2201 304 2275 Nunc
328 2203 374 2276 de
398 2217 593 2277 metrorum
620 2205 917 2296 connexionibus,
943 2231 1032 2302 quas
1060 2205 1241 2304 epiplocas

135 2318 258 2392 Gmci
290 2319 485 2418 appellant,
510 2318 682 2392 dicemus.
746 2319 959 2416 Adjectioue
985 2321 1083 2394 enim
1113 2335 1150 2394 et
1176 2321 1240 2394 de·

135 2433 316 2507 tractione
338 2459 403 2532 per
419 2433 573 2532 syllabas
590 2447 628 2508 et
651 2448 816 2534 tempora
840 2434 910 2507 riis
937 2435 1135 2508 accidentia
1160 2461 1238 2508 me-

135 2563 190 2621 tra
207 2547 404 2621 variantur.
448 2547 558 2622 Dicta
575 2562 697 2622 autem
714 2549 903 2650 Epiploce,
916 2549 951 2622 id
965 2563 1032 2638 est,
1046 2549 1240 2648 amplexio,
1255 2585 1268 2621 ι

135 2691 157 2735 a
175 2661 350 2750 metricis,
367 2689 410 2734 eo
428 2661 524 2759 quod
550 2662 735 2762 'copulari
755 2680 868 2737 metra
885 2664 1008 2736 metris
1025 2663 1165 2736 diversa
1185 2665 1240 2736 bis

135 2776 414 2873 adjectionibus,
425 2775 503 2848 *vel
515 2776 807 2865 detractionibus,
818 2793 881 2850 aut
893 2779 1003 2850 ctiam
1014 2778 1240 2851 translation-

135 2893 221 2966 ibus
247 2890 447 2964 videantur.
510 2891 652 2964 Harum
689 2893 825 2990 species
861 2905 946 2964 sunt
976 2905 1059 2978 tres,
1086 2919 1237 2990 quarum

135 3011 257 3108 prima
276 3007 453 3092 trisemos,
471 3007 627 3080 secunda
641 3019 863 3096 tetrasemos,
880 3007 983 3080 tertia
1001 3007 1238 3080 lberrasemos

135 3123 283 3212 dicitnr,
300 3147 346 3194 ex
363 3147 406 3194 eo
423 3121 521 3218 quod
539 3149 559 3194 e
576 3122 702 3206 tribus,
720 3136 756 3192 et
773 3133 978 3219 ‘quattuor,
995 3135 1032 3194 et
1058 3147 1119 3194 sex
1148 3135 1240 3194 tern-

136 3238 289 3338 poribus
314 3237 520 3322 subsistant,
538 3263 632 3335 quae,
650 3237 819 3310 detractis
842 3237 888 3309 ab
911 3237 1015 3309 initio
1031 3263 1150 3310 versus
1167 3236 1240 3335 pri-

136 3354 208 3427 mis
227 3353 388 3452 syllabis,
399 3353 534 3426 diversa
550 3367 745 3426 metrorum
764 3379 895 3449 genera
912 3351 1116 3425 informant.
1143 3354 1267 3436 Qua-3

10 3509 12 3582 ὲ
136 3495 221 3542 rum
248 3469 366 3568 prima
391 3468 458 3540 erit
487 3469 634 3556 ἐπιπλοκὴ
664 3469 787 3554 δυαδικὴ
813 3467 972 3563 τρίσημος,
998 3466 1033 3539 id
1059 3481 1124 3556 est,
1153 3494 1237 3540 cum

10 3595 12 3620 ‘
137 3583 308 3657 iambicis
326 3583 507 3658 trochaica
524 3583 716 3657 “connexa
733 3581 915 3692 uariantur
931 3581 966 3653 in
985 3581 1120 3681 species
1137 3581 1237 3670 duas,

137 3715 312 3796 utrmque
341 3701 514 3786 trisemas,
541 3715 581 3772 ut
606 3699 777 3787 diximus,
802 3715 1007 3795 temporum
1034 3697 1165 3770 trium:
1201 3697 1236 3770 in

138 3813 393 3914 conjugatione
426 3841 511 3888 vero
540 3828 624 3888 sunt
658 3812 841 3907 εἓξαὶσημοι,
869 3813 906 3886 id
939 3827 1004 3898 est,
1032 3829 1235 3914 temporum

10 4005 11 4008 Ἴ
138 3949 213 3998 sex.
266 3925 364 3999 Nam
384 3927 541 4000 iambico
558 3927 685 4013 versui,
703 3942 743 4000 ut
760 3941 825 4015 est,
1252 3973 1268 4016 4

177 4177 195 4209 ¹¹
211 4165 358 4242 brevibus]
375 4185 408 4249 gg
423 4166 552 4225 brevibus
566 4167 599 4225 P.
681 4177 704 4208 w
717 4165 889 4243 iccircoqne]
906 4163 1066 4251 idcircoque
1080 4163 1111 4222 P.
1180 4173 1238 4220 ¹st

137 4275 237 4322 contra
251 4261 432 4340 dissyllabos]
449 4275 533 4339 atque
547 4262 698 4340 disyllabos
711 4263 744 4320 P.
842 4260 928 4336 rhis]
945 4261 979 4322 iis
994 4265 1024 4320 P.
1120 4269 1238 4338 *copu-

138 4343 202 4418 lari]
216 4342 351 4426 copulare
367 4343 398 4400 P.
461 4339 725 4418 ddetmetionibus]
744 4341 785 4400 rel
800 4341 1022 4401 detractionibus
1037 4345 1068 4402 Ρ.
1121 4336 1238 4399 l’herra-

138 4425 245 4498 samos]
263 4441 410 4482 exaremus
423 4424 456 4481 P.
553 4424 713 4500 ⁰quatuor]
730 4433 864 4501 quattuor
877 4423 908 4480 P.
1000 4419 1172 4495 loonnexa]
1189 4439 1237 4480 co-

138 4521 211 4561 nexa
225 4503 262 4562 Ρ.
346 4500 506 4577 Midam]
522 4520 672 4562 exasemoe
685 4503 717 4560 Ρ.

658 4621 688 4670 Μ
708 4612 729 4668 2
