3076 5140
142 429 222 480 cae.
239 419 295 482 15.
347 407 413 480 De
428 407 618 504 Annpoerti
633 408 744 482 metri
756 409 955 506 generilrrm
972 409 1039 504 dyc.
1171 421 1239 500 ¹79

213 640 319 720 Cur.
340 639 434 721 XV.
485 644 550 724 De
570 645 783 754 Annpaeati
801 645 922 727 metri
933 647 1163 754 generibus,

411 795 499 875 quae
516 796 568 850 cr
585 769 703 850 heroo
721 771 971 853 derivantur.

191 915 322 988 Sedet
344 916 559 1016 anapaestico
581 937 696 992 metra
719 943 783 1016 per
804 921 1005 1018 epiplocen,
1020 921 1066 996 de
1088 949 1159 1020 qua
1182 949 1241 996 cu-

145 1057 208 1132 pra
224 1031 396 1120 diximus,
413 1057 457 1104 ex
486 1033 596 1104 heroo
621 1032 795 1132 originem
820 1035 960 1110 trahere
982 1035 1076 1110 haud
1098 1036 1243 1112 difficile

145 1161 197 1220 eat
210 1147 500 1248 deprehendere:
526 1174 610 1224 nam
630 1149 658 1222 ai
679 1149 889 1224 hexametro
906 1151 1035 1238 versui,
1052 1151 1109 1224 cui
1128 1152 1165 1224 in
1184 1177 1244 1224 au-

145 1291 271 1364 premo
288 1265 468 1364 spondeus
486 1291 548 1338 seu
567 1266 744 1340 trochaeus
762 1267 819 1350 ait,
833 1265 940 1338 ceteri
955 1291 1083 1338 omnes
1099 1265 1245 1366 dactyli,

145 1380 299 1478 primam
318 1380 484 1454 detrahas
501 1381 690 1479 syllabam,
711 1385 928 1478 (tamquam,
1181 1461 1184 1466 ,

220 1495 275 1568 At
291 1496 379 1568 tubo
397 1495 597 1570 terribilem
612 1499 772 1572 sonitum
789 1494 933 1593 ‘procul
946 1497 1215 1587 ereremum)

148 1613 212 1685 erit
224 1615 461 1712 anapoeaticua
479 1615 720 1689 catalecticus.
744 1613 895 1688 Sublata
910 1612 1009 1686 enim
1025 1621 1065 1686 at
1077 1611 1275 1708 conjunc-2

146 1729 257 1813 tione,
275 1753 355 1825 quae
381 1729 499 1827 prima
522 1731 558 1802 in
580 1755 683 1805 versu
707 1729 886 1828 positione
903 1728 1010 1827 longa
1031 1740 1098 1817 eat,
1118 1729 1248 1802 ultima

147 1843 338 1941 singularia
368 1844 436 1916 erit
466 1844 626 1943 rsyllaba
653 1871 707 1930 vn,
738 1843 865 1918 initiali
894 1855 936 1916 ut
962 1842 1061 1916 videa
1090 1842 1249 1941 dempta,

147 1983 230 2056 quae
257 1958 294 2030 in
321 1960 499 2059 principio
515 1959 714 2058 dactylum,
731 1959 769 2034 in
787 1959 915 2034 ultimo
933 1959 1132 2058 spondeum
1151 1959 1248 2038 facit.

147 2073 230 2146 Erit
247 2100 333 2172 ergo
351 2075 587 2174 anapaesticus
605 2101 726 2150 versus
744 2074 837 2162 talis,

253 2189 357 2268 Tura
373 2189 573 2264 terribilem
588 2191 747 2266 sonitum
763 2187 916 2286 hprocul
930 2213 1000 2262 ure
1014 2213 1178 2262 recurvo.

148 2304 315 2377 Etribus
339 2318 459 2380 autem
487 2306 675 2404 anapestis
702 2303 923 2401 conjunctim
946 2303 1075 2378 ultima
1098 2302 1155 2374 his
1180 2305 1251 2402 syl-

149 2421 231 2494 laba
249 2420 457 2496 catalectica
470 2421 673 2508 accedente,
691 2446 753 2494 scu
773 2419 924 2506 duabus,
935 2416 1133 2510 (interdum
1152 2417 1249 2490 enim

151 2534 330 2629 spondeus
345 2562 410 2634 pro
423 2549 616 2634 anapaeatm
630 2549 746 2612 metro
758 2533 939 2631 exigente,
951 2531 1107 2632 ponitur,
1117 2547 1155 2604 et
1171 2531 1252 2606 duae

150 2649 410 2748 '‘reperientur,
427 2677 508 2748 quae
525 2665 646 2726 tamen
666 2650 941 2724 convenientem
959 2662 1075 2720 metro
1092 2673 1164 2720 non
1178 2645 1254 2720 effi-

151 2765 249 2838 cient
276 2763 419 2861 pedem,
444 2781 484 2840 ut
505 2767 633 2840 merito
652 2765 881 2840 catalecticus
907 2789 1027 2838 versus
1052 2763 1252 2858 efficiatum)

152 2879 367 2952 formabitur
392 2879 527 2977 epodos
555 2907 599 2954 ex
632 2881 847 2978 anapaestico
876 2905 948 2954 non
979 2880 1111 2952 obsone
1140 2891 1281 2959 metros

153 2995 264 3068 heroo
290 2995 521 3094 respondens,
547 3023 613 3070 nec
648 2995 827 3081 inmerito,
855 3021 938 3068 nam
963 3007 1115 3068 retracta
1145 2994 1254 3065 heroo

153 3107 470 3209 ¹penthemimere,
489 3137 571 3210 para
588 3111 665 3207 ejus
692 3109 832 3184 recidua
858 3111 952 3182 hanc
977 3107 1165 3207 mepodum
1192 3106 1254 3179 da-

154 3225 219 3312 bit,
237 3224 348 3312 velut,

308 3339 421 3416 Voro
442 3339 628 3438 Calliope:

154 3453 299 3544 dehinc,

304 3568 446 3642 Precor
463 3571 650 3667 odrpirnte
667 3572 821 3644 canenti.

155 3683 198 3756 Id
218 3683 286 3755 erit
304 3683 340 3754 in
360 3685 575 3782 anapaestico
592 3697 681 3784 ”par
698 3713 740 3758 ac
758 3685 885 3770 simile,

306 3796 399 3871 Mea
416 3799 506 3872 tibia
524 3799 643 3874 dicere
658 3825 793 3874 versem.

195 4037 459 4116 ‘dedit-canoro]
478 4039 735 4118 procul-recurro
750 4039 782 4094 P.
889 4047 905 4092 t
919 4035 1039 4113 syllaba]
1058 4033 1165 4092 allaha
1177 4053 1211 4091 vo
1224 4035 1255 4091 P.

155 4115 173 4160 ¹¹
186 4118 278 4194 dedit]
296 4120 394 4196 procul
409 4121 440 4176 P.
529 4117 547 4162 k
562 4118 751 4196 reperiuntur]
768 4115 940 4194 reperientur
954 4116 986 4173 P.
1100 4113 1257 4191 penthemi-

157 4199 245 4271 mere]
263 4200 521 4276 pentcmimerisme
533 4201 564 4258 P.
673 4209 697 4240 Ν
711 4197 847 4276 epodum]
864 4195 971 4274 epodus
987 4195 1019 4252 P.
1131 4205 1147 4236 ὓ
1162 4213 1211 4272 par
1225 4211 1258 4250 ac

155 4277 262 4351 simile]
279 4277 371 4338 simile
385 4281 418 4337 P.

201 4467 228 4506 2.
251 4469 305 4508 aere
328 4451 455 4524 recurro]
478 4451 559 4530 Lego
583 4469 636 4508 ere
657 4469 749 4508 turon.
785 4449 857 4506 Vide
876 4447 1080 4508 Terentianum
1104 4467 1132 4524 p.
1150 4463 1196 4520 7²»
1212 4465 1258 4520 24.

158 4529 293 4588 COMM.
316 4529 333 4587 l.
348 4550 373 4588 e
389 4549 442 4588 ver.
457 4549 544 4608 1912.
560 4533 607 4589 ubi
622 4550 647 4588 r.
663 4531 781 4587 Santen.

658 4639 761 4698 ΑΗ
