3100 5142
204 368 285 418 cnr.
305 360 341 418 4.
562 343 624 418 De
640 343 951 443 hendecasyllabo.

290 527 394 592 -pros
401 527 511 614 pudor
524 527 601 591 sellu
614 529 650 592 in
664 528 770 592 curuli
784 537 909 594 etnam
923 529 1053 594 Nonius
1066 527 1155 591 sedit.

205 642 301 714 Item
319 639 433 727 aliter,

289 756 422 818 Hessos
436 774 492 818 nec
505 755 664 818 excitatur
677 755 806 818 classico
820 753 924 820 berosi
939 755 1039 820 miles.

204 866 264 940 De
289 892 363 964 quo
392 865 496 964 plura
524 863 642 938 dicere
671 890 933 963 supervacuum
965 879 1040 950 est;
1067 891 1152 938 cum
1183 865 1305 940 omnia

205 993 450 1079 cquaecunque
475 980 644 1054 accidunt
668 979 831 1052 trimetro
849 984 1008 1054 scazonti
1034 979 1144 1054 “huic
1161 1007 1306 1078 quoque

205 1097 366 1172 accidere
383 1096 531 1195 possint.

299 1297 400 1378 Cur.
421 1294 496 1376 IV.
548 1297 614 1376 De
633 1296 975 1405 nendecoryllaso
994 1297 1209 1378 Plzolsecs'o.

255 1446 373 1522 Venio
385 1473 482 1520 nuno
507 1446 552 1520 ad
572 1446 913 1544 hendecasyllabum
933 1447 1163 1537 Phalaecium,
1180 1433 1242 1544 qui
1261 1473 1305 1519 ex

203 1565 315 1663 simili
333 1590 451 1652 causa,
469 1561 525 1637 ‘ut
545 1562 719 1663 plerique,
736 1589 757 1634 a
775 1562 912 1642 cultore
929 1590 1004 1652 suo,
1021 1589 1093 1638 non
1110 1563 1305 1648 inventore,

207 1705 340 1752 nomen
368 1679 517 1778 accepit.
568 1678 665 1752 Num
696 1677 757 1750 hic
785 1704 905 1752 versus
936 1679 1030 1779 apud
1063 1679 1213 1779 Sappho
1238 1680 1307 1753 fre-

207 1821 322 1893 quens
339 1809 416 1878 est;
443 1793 544 1890 cujus
571 1792 607 1865 in
626 1793 754 1890 quinto
771 1793 864 1866 libro
881 1796 1085 1896 complures
1112 1795 1218 1893 hujus
1244 1821 1307 1892 ge-

206 1899 300 1984 neris
318 1925 356 1983 et
372 1907 571 1983 continuati
589 1922 626 1981 et
643 1907 791 2006 dispersi
812 1909 990 2007 leguntur.
1030 1909 1154 2007 Hujus
1174 1911 1307 1984 lreode·

207 2027 378 2127 casyllabi
395 2025 492 2098 varia
509 2023 638 2096 divisio
655 2041 722 2114 est,
740 2040 776 2097 et
793 2026 910 2098 omnis
936 2041 999 2099 aut
1014 2053 1059 2100 ex
1083 2054 1120 2100 se
1137 2027 1306 2112 efficiens,

208 2142 330 2216 autad
349 2138 494 2238 aliquod
512 2139 692 2238 pertinens
711 2153 878 2212 metrum.
930 2141 999 2214 Sed
1018 2143 1135 2240 prima
1152 2143 1334 2241 vulgaris2

207 2259 353 2356 quidem
372 2257 434 2329 illa
450 2255 589 2344 divisio,
606 2283 687 2352 quoe
709 2257 814 2330 docet
834 2284 918 2331 eum
942 2269 1081 2356 partem
1106 2258 1238 2330 habere
1261 2283 1306 2330 ex

208 2375 331 2458 heroo,
348 2385 485 2471 partem
504 2397 549 2443 ex
567 2371 702 2461 iambo,
720 2373 848 2471 &eujus
866 2373 1090 2470 exemplum,

384 2487 488 2550 Corte
501 2485 647 2552 Pierides
661 2509 737 2552 nseae
753 2490 922 2554 Camenae.

209 2624 255 2674 ex
275 2599 384 2672 heroo
400 2595 451 2669 sic
468 2593 649 2682 dividitur,

329 2783 331 2788 ,
383 2711 489 2778 casso
502 2710 648 2774 Pierides
662 2714 799 2798 sonitum
813 2711 898 2776 dedit
914 2733 975 2776 aere
988 2733 1114 2776 cmsoro.

211 2858 255 2904 ex
272 2830 430 2904 iambico
447 2829 509 2913 sic,

380 2937 468 3008 Mese
484 2940 643 3008 Camoeoae
658 2945 792 3008 solitum
807 2943 925 3009 blessor
935 2967 1050 3032 geom.

210 3057 334 3130 Altera
359 3055 487 3128 divisio
507 3069 572 3141 est,
591 3055 693 3151 cujus
719 3055 872 3129 feceram
901 3058 1137 3150 mentionem,
1154 3085 1238 3131 cnm
1265 3057 1337 3130 des

211 3173 327 3274 epodo
345 3171 557 3246 Callimachi
576 3169 746 3259 dicerem,
765 3172 834 3244 hoc
852 3173 1032 3271 exemplo,

383 3287 492 3351 Siccos
506 3285 609 3350 duclle
623 3287 777 3352 machine
790 3289 929 3352 curione.

210 3390 309 3462 Nam
328 3388 434 3488 primi
453 3387 525 3460 duo
544 3387 652 3488 pedes
678 3390 823 3488 reliquis
840 3403 1010 3488 quattuor
1035 3391 1234 3494 adsumptis
1260 3394 1312 3468 fs·

196 3505 313 3579 'ciunt
332 3505 495 3594 heroum,
514 3504 576 3594 sic,

383 3619 493 3684 Siccus
507 3619 610 3684 ducite
624 3621 761 3707 remigio
773 3621 924 3684 subeunte
936 3623 1077 3684 somnos.

214 3738 368 3833 Reliqua
384 3763 465 3836 pars
483 3736 764 3835 ithyphallicum
783 3737 879 3822 fucit,

383 3853 546 3916 Mncllnae
559 3854 699 3916 cannas.

211 3969 332 4044 Tertia
350 3968 478 4042 divisio
494 3983 560 4056 est,
645 3989 650 3994 ·
1325 3987 1341 4033 ⁴

253 4239 269 4272 ⁸
283 4229 355 4302 Pro]
373 4227 453 4287 Proli
466 4227 503 4286 V.
595 4224 702 4286 bmila
717 4225 802 4298 truci]
819 4229 890 4282 truci
902 4227 979 4282 miles
992 4225 1029 4286 V.
1125 4227 1223 4304 ⁰qsae]
1241 4247 1313 4302 qnoe.

214 4328 319 4384 cranue
334 4307 369 4366 V.
479 4305 573 4365 dtoic
586 4310 703 4383 quoqne]
721 4315 899 4383 qnoqueom.
914 4305 969 4374 V..⁸
1063 4309 1314 4383 ‘hendecasyllabo

211 4389 359 4465 phalesio]
375 4379 760 4466 endecasyllobosoleciov„
834 4383 903 4464 snt]
921 4393 971 4444 ont
986 4385 1020 4442 V.
1064 4381 1069 4388 ’
1116 4389 1311 4469 sexemplom]

215 4469 292 4544 cujus
305 4472 457 4546 exemplum
470 4469 513 4526 V„
589 4467 880 4544 hleslorIr‘ecto'rnv..
908 4531 919 4538 ..
1052 4477 1055 4486 ·
1134 4477 1138 4484 ’

716 4578 807 4634 ss2
