2980 5142
19 445 137 496 css.
158 417 230 496 26.
507 419 572 492 Dc
589 418 752 494 antico.
1104 430 1178 511 ⁴79

352 609 444 683 Cir.
462 608 606 684 XXVI.
648 611 711 684 Du
730 633 906 686 rnusrco.

95 728 257 802 Versus
282 727 458 804 ternarius
483 726 672 813 ismbicus,
688 753 762 824 quo
779 727 965 826 tragoedico
983 741 1020 801 et
1042 755 1179 802 comm

33 845 123 918 diae
167 844 392 933 scribuntur,
422 842 492 942 ipsi
527 841 683 942 njugitur
716 842 838 916 iambo
868 857 905 918 et
934 845 1012 918 sine
1045 843 1179 918 auxilio

39 958 198 1061 opedis
227 958 371 1031 alterius
395 971 549 1048 constat,
566 985 587 1032 u
603 983 677 1056 quo
695 958 922 1046 nominatum
950 959 1011 1033 sed
1031 959 1180 1032 varieta-

41 1075 102 1148 tis
134 1100 274 1147 caussa
302 1073 452 1172 rrecipit
476 1072 676 1172 dactylum,
704 1073 917 1172 spondeum,
944 1088 1180 1174 euapaestum,
1208 1081 1210 1088 '

44 1190 294 1287 tribrachyn.
346 1189 456 1262 Fiunt
474 1189 595 1288 itaque
613 1213 764 1261 numero
781 1188 953 1287 quinque,
970 1191 1033 1288 qui
1052 1217 1208 1264 conve-2

49 1306 225 1392 menter,
237 1317 344 1404 prout
357 1305 448 1377 rotio
463 1305 835 1404 postulaverit,sinter
846 1331 884 1382 se
896 1305 1099 1379 veriuntur:
1119 1306 1180 1379 sed

53 1423 100 1496 in
131 1421 292 1497 sinistris
320 1421 474 1522 pedibus
508 1422 628 1521 ipsum
661 1420 793 1494 rdebet
823 1421 980 1521 recipere
1006 1422 1208 1512 iambum,

56 1550 129 1611 sut
161 1536 388 1637 tribrachyn,
414 1549 481 1612 aut
504 1535 779 1636 pyrrhichium
817 1549 945 1634 quarta
976 1551 1098 1617 tamen
1129 1565 1182 1610 rs-

59 1653 192 1752 gione,
219 1653 338 1754 ipsum
367 1666 544 1754 perpetuo
573 1651 788 1726 dominum:
827 1652 864 1724 in
890 1651 1026 1730 dextris
1054 1679 1181 1752 quem

61 1769 176 1858 libet,
194 1780 236 1841 ut
261 1768 357 1847 ‘sors
383 1768 566 1856 obtulerit,
583 1766 629 1841 dc
654 1793 760 1867 cupre
781 1769 1000 1848 memoretis.
1051 1769 1097 1843 In
1123 1797 1209 1850 co-s

66 1883 222 1963 moediis
248 1909 332 1958 vero
359 1883 468 1958 letius
497 1881 671 1969 funditur,
696 1889 749 1958 ‘et
775 1885 859 1958 licet
884 1897 1004 1959 curret
1027 1885 1120 1960 sicut
1144 1885 1181 1963 iu

68 2000 263 2100 trugoediis
281 2002 440 2076 senarius
458 2002 613 2090 iambus,
631 2013 775 2074 'tamen
792 2001 922 2102 recipit
944 2000 1053 2100 pedes
1074 2027 1184 2100 spon·

71 2117 185 2190 deum
204 2131 241 2192 et
256 2117 456 2216 dactylum,
474 2130 710 2216 enspoestum,
728 2117 1103 2216 proceleusmaticum,
1121 2117 1183 2189 tri-

73 2233 251 2332 brschyu‚
276 2233 541 2332 pyrrhichium,
558 2247 596 2307 et
615 2235 735 2334 ipsum
753 2233 976 2306 wdomiuum
1005 2233 1182 2322 ismbum,

74 2349 161 2422 ¹sed
180 2349 217 2422 in
235 2349 371 2422 dextris
388 2349 553 2449 pedihus.
602 2349 647 2422 In
664 2348 847 2422 comoedia
863 2373 1118 2446 quemcunque
1134 2374 1181 2426 ex

79 2463 135 2536 his
151 2464 212 2538 tiu
230 2464 392 2555 sinistris,
409 2465 649 2566 'tribrachym
666 2463 932 2563 pyrrhichium,
946 2477 982 2536 ct
1000 2463 1181 2561 seipsum3

80 2578 272 2677 aliquando
289 2580 326 2653 in
354 2579 513 2654 secundo
530 2593 567 2653 et
592 2591 715 2654 ‘sexto
731 2579 824 2665 loco,
841 2591 878 2651 et
896 2592 1119 2678 snupaestum
1147 2591 1184 2650 et

83 2697 452 2793 proceleusmaticum.
505 2699 646 2780 Quarto
666 2721 762 2782 vero,
780 2709 843 2768 aut
869 2694 946 2793 ipse
971 2707 1034 2766 sut
1059 2719 1183 2792 proce-

84 2811 315 2886 leusmaticus
346 2813 445 2886 lesse
474 2813 595 2900 debet,
625 2811 742 2910 magis
774 2811 1017 2908 inquantum
1051 2821 1182 2908 potest,

86 2928 184 3026 cipse
205 2929 382 3002 catnlexin
409 2929 496 3002 fscit
521 2928 559 3001 in
586 2927 748 3004 bacchio.
800 2925 1103 3021 Periturquoque
1129 2944 1211 3000 se-4

88 3042 200 3114 narius
223 3041 400 3116 iambicus
428 3044 644 3117 combinatis
673 3042 825 3142 pedibus
852 3039 943 3131 lter,
968 3057 1005 3120 et
1031 3041 1182 3140 singulis

89 3157 410 3232 combinationibus
444 3159 665 3258 praeponitur
698 3159 876 3257 ‘quilibet
906 3184 970 3256 pes
1001 3156 1047 3229 de
1074 3183 1183 3255 suprs

91 3274 287 3346 memoratis
311 3272 494 3372 ‘quinque
511 3273 674 3374 pedibus.
727 3273 822 3347 Item
840 3272 1072 3372 subjungitur
1089 3297 1181 3351 unus

130 3591 145 3622 ¹¹
154 3578 291 3658 jungitur]
300 3578 410 3654 jugiter
423 3579 496 3638 nu.
625 3587 640 3616 ⁰
654 3579 769 3638 ulterius
781 3579 876 3660 predis]
890 3581 968 3656 pedis
981 3581 1095 3638 ulterius
1107 3581 1181 3640 Α.Β.

94 3659 221 3738 urecipit]
239 3663 339 3736 recepit
351 3662 388 3720 A.
470 3661 531 3717 tin
548 3662 591 3734 se]
607 3664 679 3718 inter
692 3681 720 3718 se
733 3662 769 3718 B.
865 3661 994 3720 scobem
1008 3663 1118 3738 repere]
1133 3663 1182 3719 de·

97 3743 134 3800 let
147 3745 260 3816 recipere
272 3741 345 3800 A.B.
490 3741 563 3816 sors]
572 3741 654 3818 sores
666 3743 704 3801 A.
835 3741 927 3800 tueor
940 3754 1034 3799 curret
1048 3741 1136 3817 sicut]
1155 3750 1182 3798 et

98 3825 154 3880 lecit
165 3824 247 3880 carru
258 3823 340 3880 sicuti
354 3825 382 3880 in
396 3821 430 3878 A.
446 3829 472 3881 el
488 3823 550 3878 licet
565 3827 650 3880 currit
672 3825 754 3880 cincti
767 3825 796 3879 in
811 3823 845 3880 B.
888 3823 958 3880 Mos
978 3823 1094 3878 mariis
1111 3823 1182 3878 mm·

98 3903 141 3962 lm
152 3903 218 3962 Ven.
322 3913 339 3944 ¹
354 3899 467 3979 Recipit
480 3901 557 3962 enirn
573 3903 672 3980 pedes]
689 3912 780 3961 turm
794 3906 894 3978 recepit
910 3903 1021 3978 (recipit
1034 3902 1085 3974 B.)
1100 3904 1182 3976 perles

97 3985 223 4057 mudum
236 3985 393 4042 dactilicum
409 3984 563 4058 (dactylum
579 3985 629 4058 Β.)
644 3985 717 4043 Aut.
732 3987 803 4042 suun
816 4003 873 4042 om.
889 3985 962 4041 Ven.
1052 3979 1097 4022 Γ
1166 4011 1180 4026 -

98 4063 179 4124 cundo
191 4063 353 4138 dominum]
370 4066 399 4120 tn
412 4067 529 4122 mado
543 4084 602 4122 om.
617 4067 652 4122 Α.
757 4075 774 4108 ¹
788 4076 817 4122 et
831 4062 861 4122 in
875 4061 994 4135 dextris]
1009 4063 1057 4118 sed
1071 4063 1100 4118 iu
1114 4064 1181 4119 des·

100 4146 155 4202 teris
165 4145 198 4204 A.
210 4145 257 4202 ssd
271 4147 299 4202 in
313 4146 416 4203 destris
430 4145 503 4203 Ven.
545 4145 616 4204 Mox
631 4163 795 4220 meusque
811 4143 882 4202 Ven.
972 4153 989 4198 5
1001 4139 1136 4220 sinistris]
1153 4145 1181 4200 in

99 4227 199 4284 multu
210 4225 284 4284 ΑΒ.
395 4234 410 4268 ¹
425 4225 594 4302 tribrschyn,
610 4225 816 4303 pyrrhichium]
835 4223 980 4281 tribrccht's
991 4230 1020 4280 et
1031 4225 1182 4298 pyrricinrn

101 4306 161 4364 nu.
255 4306 314 4364 *in
329 4317 410 4366 sexto
423 4307 503 4384 loco]
525 4314 600 4364 serto
614 4308 673 4363 loco
694 4313 721 4363 et
741 4313 903 4380 coopertum
922 4311 950 4361 et
968 4305 1181 4380 proceleumati-

102 4405 153 4445 cum
163 4386 228 4446 ΑΒ.
309 4384 426 4446 bueus
439 4389 514 4462 esse]
535 4406 591 4445 esse
603 4387 681 4445 debet
694 4387 770 4444 Am.
787 4385 859 4443 Ven.
955 4393 969 4427 ⁰
983 4385 1057 4462 ipse]
1068 4387 1132 4462 ipra
1146 4386 1181 4443 Α.

102 4463 152 4524 det
162 4465 287 4544 singulis]
304 4475 346 4526 ter
358 4475 386 4526 et
398 4470 514 4544 sing-slis
527 4469 561 4527 A.
643 4466 718 4545 ‘qui
733 4465 817 4542 libet]
836 4468 883 4542 qui
897 4467 959 4523 lices
975 4467 1010 4526 ll.
1074 4463 1182 4543 squin-

104 4548 162 4623 que]
176 4550 288 4624 quinque
298 4549 414 4622 pedidus
426 4549 499 4607 A.B.
