3100 5142
313 403 384 466 sss
740 387 996 466 MartiPtotii

443 575 679 640 Grammaticus
692 575 749 640 dat
762 575 830 640 ltoec
843 576 988 638 camina
1003 575 1100 640 tsicca
1113 574 1189 662 legi.

313 697 376 758 aut
393 681 596 784 spondeum
616 697 653 756 et
669 683 869 784 dactylum,
886 697 927 758 ut
944 697 1033 774 uest,

441 799 488 864 Et
503 808 533 864 te
547 799 696 864 stamme
709 823 796 864 nunc
805 799 929 890 gaudet
942 799 1055 865 taam
1069 801 1164 864 Deos.

266 942 298 990 a
313 907 523 1010 Elegiacum
549 921 704 982 metrum
731 909 870 984 dictum
895 923 961 998 est,
984 909 1082 1007 quod
1108 923 1202 982 esset
1229 921 1332 982 sonat
1362 909 1429 982 in-

311 1023 559 1120 terjectionem
577 1023 717 1110 flentis;
745 1039 782 1098 et
804 1025 874 1098 hoc
892 1037 1007 1098 metro
1024 1025 1176 1100 mortuis
1194 1025 1297 1097 fletus
1314 1051 1428 1098 com-

311 1141 496 1240 ponebant
530 1140 683 1238 antiqui,
713 1141 768 1214 vel
804 1139 1065 1240 epigrammata
1093 1141 1427 1227 consecrationum,

312 1255 406 1328 sicut
424 1255 600 1330 Horatius
617 1254 725 1330 docet
742 1255 787 1328 de
804 1255 894 1330 Arte
911 1257 1053 1356 poetica
1072 1255 1144 1329 sic:

447 1371 591 1436 Versibus
605 1371 774 1458 impariter
776 1371 906 1456 junctis
919 1371 1117 1458 querimonia
1129 1371 1248 1458 prima,

441 1475 519 1538 Post
533 1475 627 1536 etiarn
642 1473 766 1536 inchoa
781 1481 827 1536 eet
842 1473 906 1538 voti
920 1475 1075 1536 amtentc'a
1089 1493 1220 1560 compos.

311 1595 512 1668 Auctorem
528 1617 612 1663 vero
626 1589 733 1688 hujus
748 1575 908 1681 melri,id
923 1605 977 1664 est
990 1590 1151 1691 elegiaci,
1162 1588 1332 1688 '‘quidam
1347 1589 1427 1689 Py.

311 1710 514 1806 thagoram,
533 1705 593 1780 alii
613 1705 789 1804 Ortugen,
803 1707 966 1779 nonnulli
977 1707 1262 1780 ‘Mimnermum
1277 1705 1422 1778 dicunt.

265 1853 298 1900 44
313 1821 423 1896 Unde
440 1821 486 1894 de
504 1821 641 1894 incerto
659 1835 806 1894 auctore
823 1821 1004 1920 eleganter
1022 1821 1196 1896 Horatius
1214 1821 1299 1894 lusit
1316 1819 1392 1893 sic:

443 1937 523 2010 Quis
538 1945 642 2000 tamem
656 1939 793 2026 exigitor
807 1937 910 2024 elegos
924 1939 1063 2000 emhasit
1075 1947 1186 2002 auctor

435 2037 644 2102 Grammatici
660 2047 793 2116 certant,
808 2049 839 2103 et
852 2039 955 2104 adhuc
968 2039 1144 2126 adjudica
1158 2039 1200 2102 lis
1213 2047 1267 2102 est.

311 2153 423 2227 Nunc
440 2153 639 2228 secundum
658 2157 922 2230 ordinationem
941 2183 1048 2256 supra
1065 2155 1233 2257 positam,
1249 2169 1420 2254 quartam

311 2269 468 2370 speciem
497 2270 743 2346 hexametram
772 2273 876 2346 metri
906 2272 1075 2374 dactylici
1103 2272 1421 2370 doceamusque}

311 2397 367 2458 est
384 2383 559 2486 Priapeia.

264 2609 296 2658 4³
362 2583 427 2656 Dc
444 2593 559 2657 metra
575 2583 752 2682 Priapeia
770 2587 1128 2661 ⁸moaosclscmatisto
1146 2585 1364 2660 hexametro.

361 2734 580 2832 Priapeium
599 2747 754 2808 metrum
774 2733 1182 2810 bmonoschematistum
1203 2748 1268 2808 est.
1317 2734 1418 2806 Cou-

311 2863 381 2922 stat
408 2849 507 2923 enim
540 2847 712 2950 spondeo,
738 2849 879 2924 duobus
909 2851 1100 2950 “dactylis
1131 2851 1302 2950 spondeo,
1330 2849 1418 2923 dac-

310 2965 388 3062 tylo
405 2981 441 3039 et
460 2967 632 3067 spondeo,
651 2979 692 3040 ut
709 2981 764 3040 est
781 2969 877 3068 apud
889 2969 1104 3042 ‘Homerum
1124 2994 1244 3040 versus
1262 2965 1334 3052 ille,

435 3079 611 3179 “Kovptu‘f
627 3082 654 3155 τ’
673 3084 822 3180 ἐμάχοντο
839 3081 890 3156 rai
907 3081 1038 3158 Αἰτωλοὶ
1054 3087 1257 3181 μενεχάρμαι.

311 3209 437 3286 lnveni
455 3227 493 3286 et
510 3213 605 3315 apud
623 3214 820 3316 Virgilium
840 3215 908 3290 hac
924 3215 1109 3302 divisione,
1127 3215 1184 3287 ein
1203 3241 1274 3312 qua
1292 3229 1418 3288 tamen

350 3497 463 3570 tsicca]
475 3503 514 3556 n'c
529 3501 562 3560 L.
637 3513 653 3545 ¹¹
666 3513 706 3560 cst
720 3523 768 3560 om
784 3505 817 3561 L.
895 3503 985 3578 ¹alii]
1002 3507 1114 3580 quidam
1128 3506 1164 3563 L.
1241 3503 1417 3564 ¹Mimner-

311 3579 403 3651 nsum]
421 3579 576 3637 Mineruam
590 3581 625 3638 L.
733 3593 748 3626 ¹
763 3585 1048 3658 monoschematisto]
1065 3585 1111 3644 Sic
1124 3586 1160 3644 L.
1174 3587 1416 3644 monoschernatis·

310 3661 363 3714 tico
378 3656 537 3716 Putschius.
629 3657 645 3702 ¹>
662 3664 976 3738 monoschematistum]
994 3665 1040 3723 Sic
1055 3665 1090 3723 L.
1105 3667 1417 3724 maaasclseraatisticum

311 3737 470 3798 Prrtschius.
526 3751 539 3783 ⁰
554 3739 673 3818 dactylis
687 3745 828 3820 spondeo]
845 3745 892 3802 Sic
904 3745 938 3802 L.
952 3747 1069 3821 dactylis
1082 3757 1109 3804 et
1122 3749 1239 3822 spondeo
1254 3746 1415 3805 Putschius.

310 3815 460 3896 ιιιεουρίῖ1·ίς]
476 3841 583 3895 μυρητις
596 3820 632 3878 L.
716 3823 774 3880 eiu
789 3826 859 3901 qua]
877 3829 905 3882 in
919 3845 967 3884 om
982 3826 1019 3884 L.

350 4047 401 4104 43.
423 4031 495 4106 quod
513 4039 581 4087 caet
598 4031 692 4106 sonat]
716 4033 789 4106 qaod
803 4033 841 4088 tt
883 4029 929 4088 siti
945 4031 1004 4089 sint
1018 4033 1190 4111 Pythagoras
1204 4045 1233 4089 et
1247 4033 1382 4110 Ortyges,
1392 4031 1415 4088 si

310 4129 365 4167 esse
391 4118 499 4168 constat
539 4110 692 4168 Santonius
720 4111 755 4170 ad
783 4111 840 4170 Te·
883 4113 947 4189 quis
961 4111 1053 4180 fuerit,
1070 4113 1112 4170 vel
1130 4113 1260 4191 Ortages,
1276 4127 1308 4170 ut
1329 4111 1416 4170 habet

310 4202 382 4248 rent.
398 4191 491 4248 Maur.
508 4211 537 4268 p.
551 4207 620 4266 305.
641 4190 763 4267 quiesse
783 4213 840 4250 non
883 4193 970 4250 codex
999 4192 1205 4272 Scaligeranus,
1227 4191 1311 4250 iidem
1337 4193 1414 4250 vide-

309 4279 376 4328 esset
400 4269 455 4350 legi
481 4283 581 4328 monet
602 4273 632 4328 in
655 4271 739 4329 codd.
764 4273 837 4330 Scal.
885 4273 941 4329 rint
956 4271 1069 4341 librarii,
1084 4275 1134 4350 qui
1151 4271 1289 4332 ineodenr
1305 4273 1414 4339 codice,

310 4351 394 4408 Voss.
878 4367 908 4412 et
936 4355 1085 4420 Vossiano,
1107 4373 1159 4430 pro
1178 4351 1303 4411 Puaenii
1329 4353 1413 4410 Mim-

350 4431 765 4506 hautmarum-onager]
779 4433 838 4490 Cur
877 4453 970 4492 numo
1014 4433 1204 4492 exhibuerunt
1247 4435 1413 4491 Mineruam.

309 4531 360 4588 pro
375 4511 488 4570 Callino
502 4525 532 4570 et
543 4511 715 4572 Archilocho
729 4530 836 4589 suppo·
879 4513 1049 4572 SANTEN.
1064 4515 1130 4572 Ter.
1145 4515 1239 4572 Maur.
1255 4533 1283 4592 p.
1298 4513 1366 4589 285.
