3124 5120
139 415 283 474 cana.
511 401 891 476 Delombicomerro.
1182 413 1252 492 109

141 583 390 658 inducuntur:
421 608 575 682 quorum
606 583 842 658 differentiam
875 583 1100 683 bpenultima
1130 611 1251 657 verena

142 700 290 798 syllaba
314 697 588 774 demonstrabit.
639 701 737 774 Nam
763 699 792 772 si
819 699 935 774 brevis
961 699 1164 799 contigerit,
1183 699 1251 774 erit
1268 729 1297 780 ¹9

142 831 289 890 rectum
308 831 346 888 et
362 816 541 914 integrum
560 815 771 904 iambicum,
787 813 849 902 ita,

255 954 306 1026 V
291 956 406 1055 egeris
423 955 518 1028 udde
534 953 711 1027 concitum
730 949 922 1054 celer[em]
938 953 1077 1050 pedem.

144 1097 212 1169 Sin
231 1121 317 1168 vero
334 1095 453 1193 longa,
470 1094 640 1166 delumbe
659 1107 695 1166 et
711 1093 893 1179 claudum,
913 1107 952 1166 ut
969 1109 1034 1182 est,

251 1237 428 1310 Novitutc
445 1233 597 1310 ‘'duciur
613 1261 684 1308 non
702 1235 774 1328 (ut)
792 1234 930 1308 inscius
948 1234 1053 1336 legis.

147 1378 184 1451 lc
208 1377 332 1476 longa,
353 1403 434 1475 quae
460 1375 660 1474 penultima
685 1375 896 1474 repperitur,
914 1389 1068 1450 metrum
1093 1403 1252 1454 corrum-

145 1495 214 1592 pit.
269 1492 391 1589 Hujus
416 1506 576 1590 repertor
602 1489 814 1590 Hipponax,
843 1517 926 1564 nam
957 1517 1023 1589 pro
1046 1492 1168 1566 iambo
1197 1493 1297 1566 imao

145 1608 283 1682 ductus
301 1608 478 1681 trochaeus
493 1620 617 1680 contra
634 1605 750 1704 legem
767 1606 918 1678 trimetri
933 1606 1081 1680 iambici
1094 1623 1250 1682 metrum

147 1723 347 1812 innovavit,
362 1721 458 1820 quod
478 1721 624 1818 adaque
647 1745 691 1792 ex
718 1720 878 1820 spondeo
894 1721 1084 1820 contingit.
1134 1721 1253 1822 Igitur

147 1839 329 1914 iambicus
357 1849 583 1937 pentameter
609 1835 832 1934 compositus
863 1849 1008 1910 auctore
1034 1837 1253 1912 Archilocho

147 1980 193 2028 ex
213 1953 377 2026 trimetro
395 1967 431 2024 et
448 1951 604 2024 dimetro
621 1950 837 2024 acatalectus
854 1949 921 2024 erit
938 1950 1031 2041 talia,

192 2092 318 2154 Beatus
331 2090 384 2154 ilie
397 2091 452 2177 qut
461 2089 577 2174 procul
589 2089 738 2176 negotiis,
752 2097 789 2152 ue
798 2089 909 2175 prisco
918 2109 1003 2176 gertr
1017 2091 1207 2158 mortalium.

147 2203 355 2276 'l'n'metrua
368 2227 463 2286 vero,

304 2318 446 2390 Beatus
462 2313 526 2387 ille
542 2314 603 2412 qui
614 2313 751 2411 procul
765 2315 932 2414 negotiia

149 2435 341 2508 Dimetrus
360 2457 516 2530 quoque,
533 2430 631 2528 quod
648 2430 922 2504 Archilochium
941 2446 1099 2520 vocatur,

301 2549 443 2622 Beatus
459 2545 525 2619 ille
540 2547 605 2645 qui
619 2545 758 2642 procul.

149 2663 195 2737 ld
219 2662 248 2735 si
273 2660 380 2734 fuerit
398 2661 763 2757 brachycatalectum,
780 2657 1002 2758 Eupolidion
1024 2660 1250 2734 nominatur:
1265 2696 1294 2732 ιι

149 2781 208 2852 sin
240 2803 322 2850 vero
349 2776 611 2864 catalecticum,
640 2777 928 2850 Anacreontion:
955 2777 1009 2850 sin
1037 2795 1158 2850 autem
1186 2777 1253 2876 hy-

148 2892 444 2994 percatalectum,
460 2891 632 2964 Alcaicon
651 2891 793 2964 dicitur.
845 2890 1014 2964 Trimetri
1038 2893 1146 2990 igitur
1163 2893 1251 2966 iarn-
1266 2927 1295 2963 n

149 3010 224 3084 bici
242 3007 447 3082 ⁰acatalecti
467 3033 596 3104 genera
614 3021 698 3079 eunt
715 3020 894 3103 quattuor.
924 3008 976 3081 Hi
995 3033 1181 3106 nunquam
1198 3035 1253 3080 se-

151 3121 297 3222 mipede
324 3135 364 3194 ut
389 3121 598 3206 tetrametri‚
620 3120 680 3193 sed
707 3147 850 3220 semper
876 3121 1014 3220 integro
1031 3121 1254 3196 concludun-

148 3254 210 3312 tur
243 3236 348 3337 pede,
382 3263 455 3335 quo
485 3263 590 3336 paene
624 3262 751 3308 omnen
777 3237 964 3335 tragoediae
997 3249 1033 3309 et
1063 3235 1253 3310 comoediae

148 3353 296 3452 scriptae
325 3365 422 3442 eunt,
447 3377 602 3450 quorum
633 3351 731 3448 priua
762 3352 951 3450 tragicum,
980 3349 1113 3426 dehinc
1141 3353 1253 3426 comi-

148 3493 250 3552 cum,
268 3479 304 3538 et
322 3465 533 3553 iambicum,
549 3479 632 3565 post
649 3467 844 3564 satyricum
863 3466 1064 3542 habebitur.
1106 3467 1158 3542 Et
1182 3482 1252 3542 tra·
1266 3503 1296 3550 η

150 3581 274 3680 gicum
295 3580 455 3678 quidem,
472 3581 575 3677 cujus
593 3581 631 3654 in
649 3607 751 3655 versu
770 3595 874 3656 erunt
890 3583 1006 3656 dextri
1026 3584 1187 3685 spondei,
1205 3586 1253 3657 si-

191 3759 208 3805 δ
222 3759 394 3839 penultima]
410 3781 492 3840 pene
506 3761 605 3821 ultima
621 3765 651 3822 P.
666 3776 697 3823 et
711 3763 792 3822 inira.
873 3762 1004 3826 dductua
1018 3771 1074 3844 eet]
1092 3781 1135 3826 eat
1148 3788 1207 3828 om.
1220 3771 1251 3828 P.

152 3843 255 3902 ductua
269 3861 327 3901 uon
342 3854 386 3902 eat
399 3843 469 3901 llus.
551 3845 738 3920 eacatalecti]
754 3857 783 3904 et
796 3845 949 3904 catalectici
967 3849 998 3905 P.

196 4027 242 4084 18.
257 4025 441 4100 inducuntur]
459 4037 526 4084 aunt
539 4025 608 4085 Rus.
723 4026 758 4084 de
772 4026 921 4086 Victorino
938 4027 967 4086 in
989 4027 1042 4088 illis
1064 4049 1127 4106 qua
1147 4029 1252 4087 Rufino

196 4125 242 4182 ¹9·
268 4105 403 4181 celerem]
428 4109 500 4164 celer
519 4125 552 4165 ex
574 4107 681 4166 Teren-
722 4107 900 4166 ascribuntur
921 4109 957 4167 de
978 4109 1095 4168 comicie
1118 4110 1251 4176 renibus,

152 4185 230 4244 tiano
244 4188 362 4245 Senten.
376 4207 404 4264 p.
419 4204 487 4261 341.
722 4199 751 4246 et
764 4187 924 4266 exemplum
945 4189 993 4259 ita,
1009 4192 1141 4248 Noritate
1155 4193 1253 4248 ductae

190 4267 230 4324 ib.
254 4265 349 4345 Hujus
369 4269 508 4344 repertor]
533 4267 612 4346 Lege
631 4269 682 4325 ha·
723 4287 778 4326 non
791 4277 823 4326 ut
836 4271 935 4326 inscias
948 4271 1024 4344 legia.
1046 4272 1197 4330 cAMutt.

143 4346 194 4418 jur
229 4355 353 4423 repertor
387 4349 537 4423 Hipponoe
570 4351 680 4406 dictim.
762 4348 799 4406 ib.
815 4347 947 4408 inductus
961 4352 1112 4428 trocheus]
1130 4348 1252 4409 inducti·

150 4427 294 4486 Trimetro
308 4426 393 4505 igitur
412 4428 534 4486 iambico
548 4441 577 4486 et
597 4447 680 4506 aupe-
723 4427 854 4488 trocheis
869 4429 936 4487 Rus.

152 4506 210 4566 rina
234 4527 345 4567 rursum
370 4507 442 4567 acito
460 4507 562 4566 adduci
588 4509 681 4567 iocum
