3100 5142
47 363 48 370 ἵ
127 423 198 474 car.
211 415 246 475 3.
461 401 525 474 De
541 401 720 502 dactylico
736 411 865 476 metro.

127 583 304 684 Dactylua,
321 599 393 658 tres
410 584 573 685 spondei,
591 601 643 676 ut,

286 701 454 766 Candidas
467 704 626 767 imitatam
642 703 791 768 miratur.

127 811 295 892 Quattuor
312 812 475 912 spondei,

284 927 505 994 Flammarum
519 929 631 1018 longae
644 951 666 994 a
681 937 781 1016 tergo.

125 1035 203 1109 Tres
220 1037 381 1138 spondei,
398 1067 492 1113 unus
509 1039 686 1141 dactylus,
704 1057 756 1132 ut,

285 1155 472 1241 Exportamt
486 1158 574 1222 tecti-r
588 1167 618 1222 et
631 1159 749 1224 tristia.

127 1261 203 1336 Duo
220 1263 383 1363 spondei,
398 1264 472 1340 duo
489 1265 637 1366 dactyli,

285 1379 369 1444 aloa
382 1383 596 1466 ctfmmeatie
609 1383 699 1448 labor
712 1385 849 1452 additia.

129 1489 314 1590 spondeus,
330 1505 402 1564 tres
419 1491 574 1592 dactyli:

285 1607 446 1672 Salmatia
460 1610 598 1696 Satyros
612 1611 804 1676 imitabitur.

128 1713 307 1818 Dactylus‚
324 1719 519 1818 spondeus,
536 1719 713 1820 dactylus,
730 1723 922 1822 spondeus,
941 1737 991 1810 ut,

285 1834 387 1898 Mauo
402 1836 480 1898 milri
495 1857 610 1900 caueae
623 1857 761 1900 memora
774 1860 845 1926 qao.

128 1941 316 2040 spondeus,
334 1945 513 2046 dactylus,
531 1947 723 2046 spondeus,
741 1949 920 2050 dactylus,
937 1965 989 2036 ut,

286 2061 648 2150 Clamoremquefiraat
661 2063 705 2126 ad
717 2065 824 2128 litora.

127 2167 317 2266 Spondeus,
333 2171 468 2274 dactyli
487 2173 572 2262 du0,
589 2174 789 2273 spondeum

286 2291 454 2378 Insignem
464 2293 585 2380 pietate
599 2294 705 2356 viram
720 2301 775 2357 tot.

128 2391 305 2498 Dactylus,
323 2400 517 2498 spondeus,
534 2401 607 2474 duo
624 2401 770 2500 dactyli,
789 2415 841 2489 ut,

285 2513 376 2577 Hinc
387 2515 533 2602 pecudea,
548 2524 705 2592 armenta,
722 2517 829 2578 almam
839 2535 957 2604 gamm

130 2615 317 2716 spondeus,
335 2623 512 2722 dactylus,
529 2623 601 2696 duo
618 2623 765 2724 spondei
780 2655 789 2708 ;

288 2741 418 2804 Circam
427 2761 548 2827 perque
561 2739 644 2804 duaa
658 2741 694 2802 ia
709 2760 836 2804 morem.

128 2841 204 2918 Duo
219 2847 365 2948 dactyli,
383 2851 577 2950 spondeus,
594 2850 772 2950 dactylus,
790 2867 842 2936 ut,

287 2965 543 3054 cauatatcaqm
557 2965 637 3030 levia
651 2965 777 3030 tamdem
791 2985 897 3052 mpar.

125 3067 203 3146 Duo
219 3075 381 3174 spondei,
399 3075 576 3176 dactylus,
594 3073 786 3174 spondeus,
807 3088 858 3161 ut,

287 3191 466 3255 Contamdet
480 3203 659 3278 cmorerque
672 3191 754 3254 viria
768 3199 808 3254 at.

125 3293 203 3371 Huc
221 3325 335 3396 usque
351 3301 397 3374 de
415 3301 581 3375 bucolico
599 3301 654 3372 vel
674 3299 818 3373 heroico
837 3313 1057 3373 tetrametro.
1104 3299 1217 3374 Nunc

123 3410 163 3483 dc
189 3415 347 3488 secunda
380 3417 499 3517 specie
533 3415 712 3514 dactylica
742 3427 947 3489 tetrametro
974 3415 1217 3490 Anacreontia

123 3551 387 3629 componamus.

227 3728 291 3803 De
306 3741 421 3804 metro
434 3731 680 3805 Anacreonta
698 3737 910 3804 tetrametro
928 3727 1107 3828 dactylico
1230 3766 1263 3819 ⁵9

498 3845 840 3920 monoschemotisto.

164 3981 736 4062 dAnacreontiamtetrametram
749 3985 1218 4086 dactylicamatetrametro

120 4097 280 4176 bucolico
299 4103 368 4179 hoc
385 4105 514 4196 differt,
532 4106 628 4204 quod
657 4103 745 4178 illud
764 4103 909 4202 quidem
932 4103 1136 4176 eschemata
1155 4101 1218 4175 ha-

119 4214 176 4287 bet
193 4231 289 4308 octo,
308 4219 419 4295 habet
444 4235 480 4294 et
498 4236 665 4319 quartum
694 4219 824 4321 pedem
853 4245 994 4318 semper
1019 4215 1219 4317 dactylum,

158 4393 171 4426 θ
185 4403 334 4464 moraque
348 4388 425 4464 viria]
445 4409 549 4447 moram
563 4392 629 4448 viria
643 4389 679 4448 L.
741 4385 756 4430 ‘¹
772 4390 987 4445 Anacreonteum
1000 4395 1117 4446 metram
1132 4395 1218 4444 tetra·

118 4477 230 4524 metram
246 4467 281 4524 1..
361 4481 376 4514 θ
389 4471 534 4528 schemata
548 4471 634 4528 habet
644 4481 719 4536 octo,
734 4467 819 4526 habet
834 4468 877 4540 ct]
893 4465 940 4525 Sic
955 4467 991 4524 1..
1007 4475 1067 4524 octo
1080 4469 1220 4526 schemata

119 4547 195 4606 tata
209 4547 370 4608 Potachiua.
