3100 5142
293 409 367 474 sta
648 386 767 466 Arius·
783 387 1054 464 Fortrrrrutiorri
1263 409 1347 458 ru.
1358 407 1402 459 rr.

607 645 709 728 Car.
728 641 786 724 X.
818 647 885 728 De
901 643 1080 726 trunco.

345 799 516 900 Sequitur
548 812 590 870 ut
624 795 669 870 de
708 795 868 870 iambico
899 794 1018 867 dicere
1051 791 1264 878 debeamus,
1297 791 1400 886 cujus

297 929 481 991 auctorem
506 913 566 986 alii
583 911 858 998 Archilochum,
875 909 933 984 alii
962 908 1234 1008 Hipponactem
1263 907 1399 979 volunt.

297 1031 368 1106 Sed
387 1030 528 1132 primus
547 1028 732 1102 Homerus
751 1027 822 1102 hoc
839 1051 925 1100 usus
941 1039 997 1099 est
1013 1025 1050 1098 iu
1069 1023 1259 1122 ‘Margite

447 1151 640 1218 Murmure
653 1175 705 1216 κω
722 1155 821 1236 σφω
836 1143 928 1240 ylpur
943 1143 993 1214 rai
1011 1147 1086 1222 θεῖος
1101 1138 1201 1220 doctis

449 1261 598 1334 Mercrius
614 1263 744 1358 θεράπων
759 1257 811 1332 sai
827 1255 977 1346 isnsso'luu
991 1253 1180 1335 Ἀπόλλωος

498 1373 594 1468 φίλην
610 1373 685 1470 ἔχων
702 1373 731 1448 is
746 1369 853 1472 χερσὶν
868 1371 1032 1469 εὗφθαγγον
1047 1371 1149 1468 λύραν.

300 1493 465 1570 lambica
489 1489 665 1566 maledics
691 1488 852 1564 carmina
871 1487 1067 1588 appellant,
1082 1483 1179 1586 quod
1208 1483 1280 1556 hoc
1300 1483 1399 1583 pede,

301 1609 371 1684 hoc
405 1620 461 1682 est
494 1619 622 1695 metro,
656 1603 767 1678 cotim
805 1605 958 1678 lacerare
992 1615 1030 1676 et
1063 1599 1191 1673 ledere
1226 1599 1398 1671 solebant

300 1725 485 1800 lumbicus
502 1721 565 1821 qui
583 1719 746 1794 trimeter
762 1733 817 1794 est
836 1719 1011 1794 minimus
1027 1715 1184 1818 syllabas
1202 1713 1316 1788 habet
1332 1737 1401 1799 xu,

301 1853 339 1914 ut

341 1893 352 1928 '
473 1935 854 2025 renouatum
866 1935 1014 2022 „agona

301 2063 364 2164 qui
383 2061 565 2137 maximus
580 2085 682 2153 xvu,
698 2073 750 2154 ut,

432 2177 572 2266 hRapite
584 2181 675 2268 agite
685 2199 842 2266 proceres,
857 2180 962 2266 rapite
975 2200 994 2243 o
996 2179 1158 2264 jeberrum
1172 2177 1274 2240 dena.

277 2289 380 2366 allio
396 2285 527 2362 Latine
545 2287 715 2378 senarius,
732 2287 828 2387 quod
847 2287 956 2388 pedes
974 2311 1036 2362 sex
1054 2287 1238 2386 simplices
1260 2285 1402 2374 habeat,

305 2407 433 2481 Graece
449 2403 622 2493 trimeter,
633 2403 730 2503 quod
749 2419 819 2478 tres
836 2403 1014 2504 ¹dipodias
1028 2383 1171 2492 habeat,
1189 2399 1402 2503 appellatur.

304 2521 458 2596 Constat
483 2535 603 2595 autern
629 2519 753 2593 iambo
770 2543 835 2592 suo
858 2519 1032 2620 principe.
1082 2515 1183 2592 Nam
1200 2543 1325 2592 versus
1342 2515 1402 2615 qui

304 2637 374 2712 kerr
401 2637 471 2711 boc
496 2661 570 2710 uno
592 2649 647 2709 est
672 2633 856 2734 legitimus
881 2629 1057 2710 iambicus
1079 2633 1158 2721 erit,
1182 2659 1294 2731 quem
1318 2631 1405 2732 ὄρθιον

304 2767 447 2842 vocant,
465 2765 505 2826 ut
521 2751 598 2824 ¹ille
615 2765 681 2840 est,

476 2868 598 2934 Brutus
611 2867 665 2932 tlte
677 2869 733 2954 qui
745 2867 859 2953 procul
868 2868 1015 2954 negotiis.

305 2977 377 3054 Sed
402 2979 557 3069 iambus,
573 2991 615 3051 ut
631 2977 681 3051 ait
700 2977 887 3066 Horatius,
912 2977 1112 3078 spondeum
1131 2977 1168 3050 in
1187 2991 1327 3077 partem
1353 3001 1406 3070 re-

307 3095 407 3196 cipit,
425 3095 487 3193 qui
514 3121 578 3196 pes
600 3093 722 3168 omnia
739 3119 833 3194 pene
858 3107 971 3168 metra
988 3108 1092 3168 omat
1108 3107 1217 3190 atque
1233 3093 1405 3192 disponit.

280 3213 404 3289 sltem
430 3211 562 3286 solutio
578 3211 697 3312 longae
725 3211 761 3284 in
787 3209 910 3284 iambo
929 3209 1136 3308 tribrachyn
1163 3209 1261 3298 facit,
1278 3210 1407 3282 alteru-

307 3329 397 3402 trius
431 3328 547 3427 longae
574 3327 723 3428 spondei
759 3339 821 3400 aut
854 3325 1040 3424 dactylum
1076 3339 1139 3398 aut
1172 3339 1405 3422 anapaestum.

310 3443 476 3540 Utraque
505 3443 600 3516 enim
630 3445 738 3544 longa
763 3441 911 3543 spondei
941 3443 978 3514 in
1005 3441 1162 3514 iambico
1188 3455 1306 3513 metro
1333 3465 1406 3512 non
1536 3439 1537 3522 i

308 3569 428 3659 potest
455 3556 556 3630 solvi.
607 3555 720 3632 Fiunt
746 3583 831 3656 ergo
857 3557 894 3630 hi
919 3557 1072 3630 universi
1096 3554 1206 3656 pedes
1227 3556 1406 3652 quinque:
1536 3583 1537 3626 r

310 3671 542 3748 inveniuntur
570 3697 711 3772 semper
739 3673 776 3748 hi
804 3699 929 3747 omnes
955 3671 1213 3772 incipientibus
1241 3671 1341 3760 locis,
1372 3669 1407 3742 id
1536 3653 1537 3702 ἶ

309 3803 364 3864 est
388 3786 664 3876 sublationibus,
681 3813 761 3887 quse
787 3787 866 3862 loca
891 3789 1043 3890 imparia
1059 3787 1207 3888 quidam
1234 3797 1407 3874 mmm,

350 4031 503 4107 smarrito]
520 4033 644 4106 nrorgr'rre
659 4029 694 4089 V.
703 4031 751 4108 qui
767 4031 808 4089 sic
821 4030 932 4111 pergit:
956 4035 1114 4092 Μιθπικεισ
1128 4055 1171 4090 και
1184 4041 1267 4109 spera
1278 4055 1352 4106 yepes
1365 4055 1406 4086 sas

310 4117 369 4178 ders<
392 4117 467 4178 misr
484 4136 598 4186 prorsus
616 4115 704 4188 Orpoerr
728 4135 770 4168 κω
791 4115 907 4182 ementes
929 4123 1069 4180 Απλλυνος
1089 4122 1164 4190 φιλην
1187 4135 1261 4184 exem
1280 4135 1305 4168 ss
1325 4133 1408 4183 χερσιν

309 4199 425 4268 mnu
437 4202 526 4267 λνμρ.
608 4195 704 4252 soum
718 4212 775 4252 ons.
790 4193 827 4251 V.
916 4191 1052 4270 tuapte
1065 4196 1140 4268 agite
1151 4211 1277 4268 proceres
1289 4195 1407 4267 rapttco

303 4272 437 4346 juvenum
451 4275 531 4330 decus
545 4271 581 4331 V.
663 4271 809 4351 ¹dipodius
823 4273 952 4348 lubebat]
967 4277 1085 4350 συζυγίας
1098 4274 1199 4332 tanen
1214 4273 1249 4332 V.
1345 4269 1408 4326 l‘er

310 4351 378 4426 uuo]
393 4369 426 4408 er
441 4353 491 4410 boc
505 4373 560 4412 uno
573 4355 609 4413 V.
731 4352 741 4397 ¹
762 4356 809 4412 ille
828 4355 889 4432 ert]
908 4353 996 4412 Addit
1010 4355 1045 4412 V.
1063 4356 1166 4412 Beatus
1186 4356 1234 4414 tlte
1247 4355 1296 4429 qui
1311 4353 1409 4428 procul

310 4434 435 4508 negotiis.
534 4444 559 4478 ¹²²
572 4443 671 4492 cocunt
683 4454 738 4494 non
752 4438 805 4494 nisi
818 4438 866 4510 qui
880 4435 1002 4494 breribru
1014 4437 1149 4513 incipiunt
1161 4437 1296 4494 dunetron
1311 4434 1407 4508 hyper·

310 4515 464 4574 mtulectorr
477 4522 509 4572 ut
521 4517 607 4574 voum
616 4535 668 4590 per
681 4518 750 4574 imur
762 4523 802 4574 ert
816 4515 852 4572 V.

335 4962 726 5076 A
