3100 5142
307 406 378 484 26⁸
726 402 844 478 Marii
860 401 977 478 Plotii

307 593 404 696 palca
426 591 711 668 ctnobiliocimae
728 589 855 690 viginti
880 603 963 662 trec.
1020 585 1134 660 Haec
1161 607 1261 683 pura
1287 575 1446 652 iambica
1515 632 1517 682 t

309 711 469 786 trimetro
495 735 576 809 quac
605 707 859 782 Archilochica
885 715 1178 806 nuncupantur,
1212 695 1320 798 quod
1351 693 1445 766 solos

312 828 450 902 iambos
466 825 593 927 recipit
609 839 647 899 ct
663 851 758 900 raros
775 823 963 926 spondeos.

283 1143 296 1178 ι
356 1107 418 1182 De
430 1133 526 1206 puro
543 1103 693 1180 iambico
710 1105 874 1178 trimetro
891 1101 1144 1178 Archilochio
1164 1093 1394 1174 acatalecto.

358 1249 418 1324 Dc
441 1251 510 1324 hoc
532 1261 658 1338 metro,
676 1245 711 1320 id
734 1261 789 1320 cst
808 1273 904 1346 paro
921 1247 1074 1322 iambico
1096 1247 1292 1321 trimetro
1310 1233 1442 1314 Arclti-

311 1365 438 1458 locliio,
455 1365 622 1464 exempla
641 1363 766 1438 Groeca
786 1362 862 1436 hcc
880 1379 974 1450 sunt,

508 1487 616 1582 Πάτερ
633 1486 794 1578 Λυκάμβα
810 1491 888 1554 ποῖον
904 1481 1028 1580 lapara
1044 1481 1121 1556 τίδε

514 1597 643 1702 [biron
670 1598 717 1681 τίς
735 1599 794 1680 σὸς
810 1601 965 1698 capricorni
980 1595 1128 1700 φρένας]

312 1715 443 1790 Latina
461 1715 550 1804 hoec,

334 1929 347 1990 t
483 1831 550 1896 Ilia
564 1831 720 1896 Libomia
735 1834 819 1898 inter
831 1831 897 1896 alto
911 1833 1055 1896 rtovium.

312 1945 332 1992 e
350 1975 359 2008 l

482 2015 625 2082 Paratur
638 2039 728 2082 omae
744 2019 884 2084 Carorir
895 2019 1081 2106 periocham.

314 2117 435 2216 Hujus
453 2117 566 2218 pedis,
584 2119 621 2192 id
638 2133 703 2207 cst,
720 2121 867 2194 iambici
886 2123 987 2195 matri
1015 2121 1096 2196 idco
1113 2120 1277 2195 additus
1297 2125 1354 2187 est
1370 2131 1429 2210 pes

286 2235 493 2336 aspondeus
511 2237 644 2334 atejus
662 2237 830 2312 velocitas
848 2237 1053 2312 tardaretur.
1093 2238 1155 2312 Sic
1176 2235 1288 2311 enim
1311 2227 1428 2303 Hora·

314 2353 385 2427 tius
412 2352 457 2426 de
483 2369 598 2427 metro
617 2355 773 2428 iambico
790 2357 896 2428 docet
921 2355 956 2429 in
985 2355 1077 2427 libro
1097 2355 1158 2454 qui
1187 2343 1430 2426 cinscribitur

315 2469 374 2544 Dc
391 2469 479 2544 Arte
499 2471 653 2558 Poetica,

442 2613 574 2700 Syllaba
588 2614 686 2702 longo
699 2613 786 2676 brevi
799 2613 936 2700 roljecta
952 2621 1082 2678 vocator
1096 2611 1225 2676 iambus

443 2715 505 2780 Pet
519 2717 611 2780 citur.

317 2833 444 2908 Postea
460 2831 506 2908 dc
523 2861 578 2923 co,

1042 2951 1118 3014 Non
1132 2951 1178 3014 ita
1187 2948 1327 3038 pridem

450 3057 591 3122 Tordior
603 3065 639 3122 ot
648 3057 759 3145 paullo
767 3057 967 3143 graviorque
982 3055 1104 3119 vantra
1113 3055 1157 3118 od
1168 3075 1271 3119 coroa

446 3160 608 3246 Spoadcoa
621 3161 749 3226 atooilca
763 3159 888 3244 injurii
900 3166 1038 3246 patema
1052 3155 1199 3245 dnoeroit.

289 3287 386 3360 4Est
402 3301 439 3360 ct
455 3287 630 3386 tragicum
658 3285 866 3370 iambicum,
882 3297 919 3357 ct
941 3284 1120 3358 comicum
1148 3284 1366 3362 iambicum,
1383 3283 1418 3344 et

318 3402 462 3476 clodum
490 3403 698 3492 iambicum,
719 3401 815 3502 quod
841 3400 1148 3500 Hipponacticum
1174 3409 1414 3500 nuncupatur·

318 3517 550 3590 Scanduntur
567 3533 686 3590 autem
711 3518 863 3617 pedibus
880 3517 1051 3616 quinque,
1068 3517 1224 3618 dactyle,
1242 3509 1415 3618 spondeam

290 3657 304 3707 t
318 3632 451 3722 iambo,
466 3631 660 3732 tribrachy,
677 3647 867 3734 anapaesto.
908 3633 993 3708 Hoc
1010 3649 1131 3709 tamen
1149 3634 1339 3706 observare
1353 3623 1413 3696 de·

319 3753 446 3824 bemus
464 3748 560 3847 quod
580 3749 614 3822 in
633 3751 750 3849 prima
766 3767 867 3851 parta
884 3767 920 3826 et
937 3753 1040 3826 tertia
1053 3765 1089 3825 ct
1104 3750 1229 3849 quinta
1249 3750 1284 3822 hi
1305 3741 1413 3848 pedes

319 3867 478 3967 quinque
495 3865 729 3966 reperiuntur.
769 3871 815 3942 In
833 3869 989 3944 secunda
1006 3895 1088 3942 vcro
1105 3880 1142 3940 ct
1158 3879 1284 3964 quarta
1301 3871 1410 3963 parte,

319 3987 418 4080 (nam
438 3983 482 4058 de
500 3997 598 4057 sexta
616 3983 714 4056 nulla
732 3985 821 4058 ratio
838 3999 902 4076 cst,
919 3985 1088 4084 quoniam
1114 3985 1149 4057 in
1172 3981 1272 4054 omni
1300 3987 1411 4052 metro

319 4129 380 4202 pes
407 4099 621 4174 novissimus
645 4099 847 4184 indifferens
874 4107 955 4198 cst‚)
980 4101 1061 4175 illos
1087 4125 1218 4201 ponere
1242 4095 1409 4169 debemus

318 4215 380 4314 qui
406 4241 451 4288 ex
481 4215 578 4288 brevi
606 4215 796 4316 incipiunt,
818 4216 994 4306 iambum,
1016 4217 1250 4304 tribrachum,
1276 4231 1409 4311 anape-

358 4483 374 4530 b
394 4487 1079 4566 enocaiactaweaqcimraanaoat.1..
1212 4473 1407 4548 inscribitur]

318 4571 444 4627 scribitur
460 4567 493 4625 L.
576 4561 591 4606 (ἶ
606 4567 726 4645 recepit]
744 4570 840 4642 eripit
854 4567 891 4626 L
