3076 5140
309 437 380 500 232
698 422 821 498 Marii
839 421 1023 498 Victorini
1262 449 1339 500 ura.
1357 449 1417 500 ιν.

362 607 419 681 Tu
436 633 482 682 ne
497 607 694 708 quanvis,
710 609 805 682 scire
819 607 939 712 aplos,
956 635 1062 710 quem
1079 609 1169 684 miln
1184 637 1289 710 quem
1306 611 1386 684 tibi.

308 721 395 796 Hoc
420 739 579 798 metrum
608 723 756 821 quidam
789 723 882 798 iuter
911 739 1115 826 prototypa,
1141 725 1176 798 id
1204 741 1259 799 ost
1284 727 1418 825 primi-

307 838 448 926 sormia,
459 841 587 914 volunt
611 841 738 941 accipi,
755 854 792 914 et
815 841 999 942 appellant
1021 842 1278 943 antispasticon
1305 845 1419 916 ἑκκαι-

307 955 542 1042 texavimus
563 957 783 1058 Sapphicon,
799 956 946 1056 quidam
966 985 987 1032 a
1004 957 1249 1032 choriambico
1271 957 1418 1031 deriva-

263 1099 294 1159 ,a
310 1081 388 1142 tum
417 1083 590 1144 asserunt.
641 1072 738 1145 Nam
758 1071 878 1146 lerunt
895 1071 1035 1146 ¹omncs
1053 1073 1329 1173 Asclepiadeum
1349 1100 1415 1148 ac-

307 1199 411 1280 cepta
436 1185 681 1260 choriambico
707 1186 869 1285 syzygia,
887 1186 922 1260 id
949 1201 1063 1262 estut
1086 1202 1157 1262 tres
1180 1188 1319 1262 iambos
1347 1215 1415 1262 co-

308 1301 451 1401 pulatos
469 1301 600 1374 habeat
617 1300 711 1374 sicut
729 1301 927 1392 hic,faccre
944 1303 1340 1405 antispasticum,quod
1358 1305 1414 1378 ita

308 1417 539 1518 percutiatur,
555 1431 597 1492 ut
624 1417 754 1490 babeat
778 1419 896 1516 primo
919 1420 999 1494 loco
1024 1419 1222 1521 epitritum,
1240 1445 1350 1518 quem
1371 1435 1412 1494 et

309 1534 475 1636 hippium
511 1535 666 1610 dicimus
694 1549 877 1632 quartum,
903 1535 1036 1610 dehinc
1063 1535 1155 1608 duos
1181 1535 1413 1635 antispastos,

309 1651 478 1724 ultimum
512 1651 727 1740 diiambum,
755 1677 898 1724 versum
928 1651 1168 1738 claudentem,
1187 1652 1284 1749 mqui
1318 1679 1411 1724 non-

309 1791 492 1864 nunquam
512 1767 686 1866 dibracby
704 1767 741 1839 in
760 1769 833 1840 fine
854 1769 972 1866 posito
994 1768 1032 1840 in
1056 1793 1182 1868 pseona
1207 1767 1410 1840 secundum

262 1904 295 1954 4⁹
308 1896 551 1956 convertetur:
567 1897 691 1956 contra
704 1882 733 1956 si
747 1883 914 1957 detrahas
928 1882 1105 1958 interduo
1117 1881 1412 1982 Asclepiadem,

308 2023 372 2084 arc,

412 2097 469 2171 Tu
486 2123 531 2171 ne
547 2099 734 2198 quesieris
750 2125 855 2199 quem
872 2097 961 2172 milri
978 2123 1084 2198 quem
1102 2096 1177 2170 tibi.

309 2211 416 2302 Item,

409 2327 575 2418 Nullam,
596 2327 637 2400 V
633 2353 707 2415 ore,
725 2355 834 2404 sacro
851 2333 923 2404 uite
933 2330 1043 2426 prius
1058 2328 1195 2403 severis
1212 2327 1392 2400 arborem.

309 2444 448 2528 Quarto
465 2443 575 2516 etiam
595 2444 686 2517 libro
703 2447 826 2534 semel,
845 2446 906 2532 ita,

412 2559 448 2632 Ο
463 2558 622 2632 medelis
638 2561 757 2634 adhue
773 2571 809 2634 et
825 2561 980 2635 Veneris
996 2561 1205 2634 muneribus
1215 2568 1356 2657 potens.

264 2713 296 2762 50
357 2675 571 2748 Tredccima
587 2675 655 2749 ode
674 2677 753 2750 libri
772 2677 892 2777 primi,

461 2788 554 2864 Cum
570 2801 611 2864 tu
629 2791 753 2890 Lydia
774 2792 935 2890 Telephi,

308 2919 449 2980 constat
466 2933 510 2979 ex
530 2906 723 3007 Glyconio,
741 2907 837 3004 quod
856 2921 893 2980 et
909 2907 1177 2981 Anacreontion
1195 2905 1338 2994 dicitur,
1355 2919 1411 2994 ut,

458 3017 522 3094 Sic
540 3028 577 3092 te
594 3019 679 3092 divo
690 3029 819 3117 potens
840 3018 966 3119 Cypri.

308 3133 511 3209 Conficitur
544 3151 664 3209 autern
705 3134 865 3234 spondeo
892 3134 1105 3208 choriambo
1138 3145 1176 3206 et
1209 3131 1411 3232 pariamb0.

309 3251 410 3326 Huic
439 3279 504 3351 pro
533 3252 650 3352 epodo
687 3251 917 3351 subjungitur
944 3249 1236 3350 Asclepiadeum,
1259 3247 1305 3321 de
1333 3274 1412 3345 quo

309 3365 474 3440 similiter
490 3368 527 3439 in
546 3353 662 3465 prima
679 3367 748 3441 ode
765 3366 904 3440 dictum
922 3380 989 3457 est,
1006 3367 1068 3456 sic,

460 3479 644 3554 Macestus
661 3483 780 3557 atavis
797 3483 893 3556 edite
908 3483 1069 3582 regibus.

309 3595 506 3669 subsistens
523 3593 825 3695 duodecasyllabo
842 3623 956 3670 versu.

264 3745 292 3796 μ
359 3709 494 3784 Verum
523 3708 611 3807 quid
638 3711 766 3784 attinet
792 3739 857 3786 nos
884 3711 930 3786 de
961 3713 1016 3786 his
1046 3711 1179 3800 metris,
1204 3709 1411 3808 dequibus

302 3826 382 3923 jorn
411 3825 551 3900 dictum
577 3841 642 3917 est,
668 3828 797 3926 saepius
827 3828 953 3926 loqui?
989 3853 1072 3902 cum
1101 3825 1410 3926 ¹¹praecedentium

309 3941 391 4016 idco
413 3942 581 4041 exempla
604 3943 841 4040 posuerimus,
858 3957 898 4018 ut
915 3969 960 4018 ex
978 3943 1048 4016 illis
1066 3942 1202 4038 reliqua
1219 3959 1411 4040 possemus

350 4131 358 4177 ¹
372 4133 470 4208 omne]
487 4153 587 4192 omnes
601 4135 631 4192 P.
784 4145 809 4177 ὓ
823 4136 870 4212 qui
885 4137 1106 4212 nonnunquam]
1123 4135 1200 4212 quod
1216 4153 1359 4211 nunquam
1375 4133 1409 4192 P.

310 4225 326 4256 ¹¹
340 4213 575 4293 praecedentium]
592 4213 621 4272 in
636 4213 858 4294 precedentibus
872 4217 904 4273 P.
1010 4235 1013 4240 ·

349 4395 399 4452 49.
417 4375 522 4434 Contra
531 4381 554 4434 εὶ
564 4380 695 4436 detrahor
705 4381 838 4438 interduo
878 4379 903 4438 ai
914 4379 1095 4438 choriambus
1106 4380 1278 4446 detrahetur,
1289 4391 1320 4436 ut
1329 4377 1410 4437 sides

309 4459 531 4533 Asclepiodeurn]
565 4459 632 4516 Nou
656 4471 700 4517 est
727 4461 837 4539 integra
878 4459 906 4517 in
929 4460 1060 4538 exemplo
1082 4460 1251 4527 detractum,
1269 4464 1339 4518 scire
1358 4478 1410 4516 ne·

309 4536 455 4614 scriptura,
468 4537 618 4598 manifesto
632 4552 727 4598 tamen
742 4559 835 4608 sensu,
869 4540 930 4615 sos.
958 4541 1109 4598 CAMER.

309 4615 344 4674 de
358 4615 402 4674 his
424 4615 548 4674 versibus
563 4617 762 4695 Asclepiadeos
777 4619 837 4674 fieri
