2980 5142
261 341 333 404 434
719 321 911 396 Dionem
1226 343 1301 392 nra.
1317 343 1370 392 ιιι.

262 513 321 588 alii
347 507 548 586 'Ihcseleon
577 521 718 582 vocant
769 505 923 580 Constat
947 529 994 578 ex
1018 502 1166 578 duabus
1194 504 1314 604 longis
1338 521 1373 576 et

262 627 373 716 brevi,
388 639 595 724 temporum
613 621 781 712 totidem,
800 635 853 710 ut,
869 630 1018 694 satura
1062 619 1202 694 Dictus
1222 621 1374 719 'palim-

262 739 447 828 bacchius,
465 739 551 838 quia
571 738 769 812 contrarius
793 753 848 812 est
874 736 1038 811 bacchio.
1089 735 1206 835 Apud
1226 735 1373 809 Grecos

261 857 359 932 eninr
377 859 470 928 πάλιν
486 853 711 928 madrariam
727 853 918 953 significat,
934 851 1047 926 ‘’adeo
1062 851 1235 925 ssas‘sm
1251 851 1338 936 τᾶν.

218 987 249 1040 so
312 971 371 1045 Ex
391 971 446 1044 his
464 971 633 1045 omnibus
658 970 752 1044 inter
780 967 956 1042 scrnixtis
982 967 1041 1040 alii
1058 967 1238 1066 deinceps
1265 965 1372 1066 podes

261 1086 466 1188 complures
503 1083 688 1180 σνζηίωνε
724 1097 931 1158 nascuntur.
991 1081 1092 1156 Nam
1127 1081 1373 1180 quemadmo-
1469 1081 1470 1088 ’

262 1201 350 1276 dum
379 1199 489 1302 pedes
518 1199 686 1300 disyllabi
714 1213 885 1298 quattuor
910 1199 1084 1298 geminati
1115 1197 1280 1272 sedecim
1307 1197 1372 1270 du-

263 1317 374 1420 plices
400 1317 527 1404 rfiuni,
543 1341 634 1412 quos
653 1316 772 1390 Graeci
798 1315 965 1416 syzygias
990 1331 1134 1405 vocant,
1155 1318 1233 1390 sita
1260 1315 1371 1389 iidem

262 1459 347 1508 cuna
365 1431 558 1532 trisyllabis
578 1431 697 1528 juncti
724 1431 891 1530 ‘triginta
911 1446 949 1506 et
967 1431 1041 1506 duo
1060 1431 1108 1506 dc
1132 1459 1173 1506 sc
1200 1431 1370 1505 reddunt

261 1547 456 1648 'ilisyllabi
490 1571 575 1620 vero
611 1574 696 1622 cum
731 1547 926 1648 trisyllabis
968 1548 1141 1648 geminati
1179 1549 1370 1646 sexaginta

219 1693 250 1744 si
263 1677 433 1764 quattuor
449 1664 679 1764 colliguntur.
730 1665 853 1762 Atque
869 1679 1023 1764 excepto
1039 1663 1323 1764 amphibracho,
1334 1677 1371 1735 et
1475 1750 1476 1756 η

262 1781 419 1881 epitrito,
437 1783 606 1878 (quorum
626 1781 777 1854 alterurn
797 1779 932 1879 'tripla
949 1781 1100 1854 alterum
1123 1779 1276 1880 epitrita
1299 1779 1370 1851 tdi-

262 1895 400 1970 visione
424 1895 628 1996 partimur,)
657 1895 903 1970 universorum
927 1895 1061 1996 pedum
1087 1895 1183 1968 trina
1204 1895 1369 1968 conditio

263 2011 446 2112 reperitur.
499 2012 566 2085 'ln
593 2013 671 2086 aliis
688 2013 785 2086 eninr
802 2039 906 2111 aequa
921 2013 1049 2086 divisio
1065 2025 1132 2100 est,
1148 2012 1186 2084 in
1204 2012 1286 2084 aliis
1303 2011 1370 2086 du-

262 2129 335 2228 pla,
361 2129 398 2200 in
433 2127 511 2202 aliis
541 2129 715 2228 sescupla.
766 2129 817 2202 Et
845 2129 963 2229 prima
988 2129 1178 2226 dactylica,
1208 2129 1370 2202 secunda

220 2241 430 2333 saiambics,
447 2243 552 2318 tertia
578 2244 739 2342 paeonica
756 2245 975 2320 nominatur.
1024 2244 1093 2318 Est
1113 2245 1237 2341 itaque
1263 2272 1367 2343 aequa

263 2359 365 2460 pedis
382 2357 522 2448 divisio,
538 2359 704 2456 quotiens
722 2359 877 2432 sublatio
891 2359 1019 2460 'pedis
1036 2362 1264 2460 temporibus
1280 2375 1368 2462 ¹po-

264 2473 385 2548 sitioni
415 2499 479 2572 par
504 2487 569 2564 est,
597 2487 636 2546 ut
663 2487 718 2546 cst
746 2471 783 2546 in
812 2473 959 2574 dactylo
987 2488 1025 2548 et
1053 2488 1246 2575 anapesto,
1277 2477 1365 2548 item

264 2587 425 2690 spondeo
441 2601 478 2662 et
495 2587 714 2688 pyrrhichio.
767 2589 911 2664 Horum
931 2591 1028 2664 eninr
1053 2591 1139 2664 arsis
1156 2607 1300 2664 tauhun
1327 2592 1365 2664 in

221 2731 303 2790 s9se
329 2703 451 2792 hahet,
470 2717 645 2802 quantum
675 2717 712 2776 et
732 2705 856 2778 thesis.
907 2705 1033 2806 Dupla
1058 2733 1141 2780 vero
1161 2721 1249 2796 rest,
1276 2733 1368 2804 quo-

264 2819 358 2893 tiens
375 2818 476 2920 pedis
493 2817 649 2892 sublatio
666 2821 889 2920 temporibus
914 2827 1034 2922 impar
1049 2837 1105 2898 est
1123 2823 1307 2924 positioni,
1326 2839 1367 2898 ut

266 3113 448 3188 (proponisors
463 3113 512 3184 C.)
529 3115 579 3170 olii
600 3113 733 3170 stochas
750 3115 819 3174 A.C.
842 3115 905 3174 huic
925 3120 1079 3174 mnirariiu
1096 3119 1297 3192 palimbarlsiss
1317 3125 1366 3196 qui

264 3203 291 3250 et
307 3195 455 3252 Saturaim
475 3195 564 3252 ultimi
583 3195 673 3252 breves
687 3213 764 3268 quem
779 3199 889 3270 quidam
905 3201 1100 3274 propompimn
1114 3199 1149 3256 Β.
1169 3204 1365 3276 prorumpimus

264 3274 339 3332 Veri.
361 3287 391 3332 et
412 3293 478 3332 mox
499 3275 641 3332 theseleos.
673 3275 783 3334 Marius
802 3275 965 3336 Victorinus
985 3297 1070 3356 supra
1092 3299 1120 3357 p.
1141 3279 1189 3355 58.
1212 3285 1364 3356 pompicas.

265 3363 281 3396 ¹¹
296 3351 530 3430 palimbacchius]
548 3375 606 3413 orn.
619 3356 691 3414 ΑΒ.
772 3365 788 3398 ⁰
802 3355 867 3414 ideo
880 3361 1016 3416 ννλίννννν
1028 3357 1089 3426 siis
1103 3363 1217 3417 sarulsus
1229 3363 1364 3421 cornibus

265 3431 340 3490 inter
353 3451 383 3488 se
396 3433 552 3491 contrariis.
588 3437 631 3493 Ex
654 3437 711 3512 his]
728 3437 796 3494 odeo
806 3439 935 3514 palirrtosr
948 3447 1041 3498 utura.
1062 3459 1096 3497 es
1116 3441 1157 3498 his
1173 3444 1210 3515 (is
1223 3441 1274 3509 B.)
1291 3444 1363 3502 Ait.

210 3555 223 3564 .
264 3513 368 3570 desunt
381 3513 415 3568 C.
430 3513 542 3570 sasaim
556 3533 615 3574 om.
631 3517 702 3574 Ven.
772 3517 1007 3596 PlaeiuntMuat
1021 3521 1128 3579 A.B.C.
1144 3521 1217 3581 Ven.
1292 3527 1364 3583 ‘tito

265 3595 336 3651 idem
352 3593 498 3670 trisyllabis
511 3591 596 3712 jumi
611 3597 757 3654 tribrachis
775 3601 899 3658 cribreris
918 3601 1067 3659 leutharius
1081 3620 1159 3678 qusai
1173 3605 1286 3676 quidum
1300 3606 1363 3664 bru.

266 3725 451 3802 chysyliabum
464 3725 515 3782 ulii
529 3727 687 3785 triorchem
701 3729 735 3785 B.
751 3749 776 3786 v.
791 3749 876 3808 supra
890 3751 913 3788 s.
929 3749 975 3790 so.
1087 3743 1101 3775 r
1115 3731 1231 3812 triginta
1243 3736 1315 3793 duos
1329 3735 1364 3794 de

266 3825 297 3864 sa
317 3806 448 3866 reddunt.
471 3805 603 3884 trisyllabi
625 3827 689 3866 vero
703 3826 768 3868 cum
787 3809 937 3888 trisyllabis
956 3809 1121 3890 geminatis]
1140 3817 1257 3889 triginta
1270 3825 1297 3873 et
1309 3819 1365 3872 duo

265 3887 300 3942 ds
315 3905 345 3944 se
365 3890 490 3946 reddunt.
513 3888 649 3962 trisyllabi
666 3907 730 3946 aero
744 3907 806 3946 cusu
821 3893 969 3966 trisyllabis
984 3895 1117 3966 puritati
1135 3900 1279 3974 sesagiatn
1297 3915 1365 3972 qua-

267 3971 331 4022 tuor
343 3969 413 4026 ΑΒ.
433 3969 576 4040 sexaginta
590 3975 710 4042 quatuor
723 3971 758 4028 C.
775 3989 872 4030 urrrrr.
885 3973 958 4031 Van.
1008 3983 1021 4016 ¹
1035 3973 1123 4049 trina]
1141 3979 1225 4051 tripla
1241 3979 1314 4036 trista
1328 3979 1364 4036 B.

266 4043 441 4121 ‘divisiona]
457 4065 572 4123 quorum
585 4051 715 4106 diuisione
728 4051 761 4108 C.
885 4059 899 4087 '
918 4051 948 4110 in
969 4052 1032 4112 aliis
1051 4054 1126 4113 enim
1141 4056 1237 4135 dupla,
1253 4057 1282 4116 in
1303 4058 1365 4116 aliis

266 4125 404 4214 stampis,
421 4128 450 4184 in
469 4124 531 4184 aliia
550 4147 631 4206 aequa
648 4129 746 4189 divisio
759 4133 817 4206 est]
839 4135 868 4190 irs
889 4135 953 4191 aliis
973 4137 1044 4192 enim
1061 4155 1137 4211 aqua
1154 4140 1252 4195 dianio
1270 4147 1318 4206 est,
1336 4142 1365 4196 iss

267 4201 330 4256 aius
343 4205 437 4276 dupin,
451 4209 480 4263 iss
493 4208 557 4264 aliis
569 4213 692 4284 sescuplo
704 4219 731 4268 et
744 4213 816 4272 A.B.
839 4217 867 4270 ist
881 4215 944 4271 aliis
957 4219 1028 4272 enim
1042 4219 1128 4292 dupla
1141 4221 1237 4276 divisio
1250 4227 1291 4278 est
1304 4222 1366 4277 aliis

267 4281 404 4372 dupinio
431 4288 495 4342 aliis
516 4305 564 4342 sea
586 4291 671 4364 tripla
696 4295 788 4366 prima
811 4297 942 4352 dictaiiea
962 4297 996 4353 C.
1023 4315 1088 4355 aero
1110 4300 1181 4356 Ven.
1214 4319 1267 4377 pro
1294 4303 1365 4357 sauss

267 4369 290 4404 v
304 4359 397 4452 pedis]
414 4381 471 4421 orn.
488 4365 523 4422 B.
638 4379 654 4411 ¹
668 4369 803 4445 positioni
819 4375 881 4452 par]
894 4379 1035 4449 positioms
1045 4397 1112 4452 pars
1127 4383 1159 4436 Α.
1280 4391 1364 4450 teat,

267 4441 392 4522 quoties]
408 4446 529 4514 quotieas
541 4445 575 4501 Α.
