3076 5140
139 426 270 486 cau&
488 415 552 486 De
568 415 749 514 dactylico
767 428 890 491 metro.
959 393 962 406 .
1173 433 1244 512 257

137 613 223 670 sunt
240 597 375 696 dactyli
399 611 436 670 et
461 597 535 672 duo
560 600 745 672 novissimi
770 601 932 702 spondei,
950 615 1012 676 aut
1038 603 1110 676 duo
1136 631 1245 703 spon-

135 713 194 787 dei
215 715 321 812 primi
340 729 377 788 et
395 715 578 789 novissimi
598 716 671 790 duo
687 715 835 816 dactyli,
853 731 915 790 aut
939 717 976 790 in
1001 719 1119 820 prima
1143 735 1243 818 parte

135 829 303 929 dactylus
329 845 367 904 et
392 829 584 930 spondeus,
602 845 639 906 et
665 833 701 905 in
730 833 924 907 novissima
950 835 996 906 sit
1020 831 1185 935 dactylus
1207 849 1242 910 ct

137 947 328 1046 spondeus,
347 947 464 1020 autin
489 947 606 1046 prima
632 963 732 1046 parte
756 947 935 1050 spondeus
953 961 989 1022 et
1006 949 1185 1050 dactylus,
1204 952 1239 1022 in

135 1061 351 1135 ¹novissima
369 1063 415 1134 sit
433 1061 614 1162 spondeus
631 1077 667 1136 et
681 1063 856 1162 dactylus,
871 1075 932 1137 aut
950 1063 986 1136 in
1005 1063 1123 1164 prima
1140 1079 1241 1163 parte

136 1179 302 1278 dactylus
321 1193 357 1251 et
374 1179 566 1278 spondeus,
585 1179 623 1252 in
646 1179 841 1251 novissima
864 1177 1044 1278 spondeus
1063 1193 1099 1251 et
1116 1179 1241 1279 dacty-

136 1295 206 1383 lus,
228 1309 290 1368 aut
315 1294 350 1366 in
376 1297 494 1393 prima
519 1293 700 1394 spondeus
723 1309 759 1367 et
784 1293 962 1393 dactylus,
982 1293 1016 1366 in
1046 1293 1241 1366 novissima

136 1411 301 1508 dactylus
319 1425 356 1482 et
378 1409 570 1508 spondeus.
621 1411 786 1493 Quorum
816 1409 1044 1482 schematum
1071 1411 1287 1510 exemplam

136 1525 266 1624 ¹¹supra
289 1525 448 1598 tractavi.
502 1525 588 1600 Hoc
612 1539 733 1598 tamen
759 1525 848 1598 scire
866 1524 1053 1614 debemus,
1072 1525 1171 1623 quod
1194 1551 1238 1598 ex

134 1637 206 1713 hoc
236 1653 352 1712 metro
382 1639 522 1712 sublata
553 1639 613 1712 illa
644 1641 782 1740 syllaba
809 1667 889 1738 quae
919 1641 999 1739 plus
1030 1641 1177 1740 ponitur
1202 1641 1237 1713 in

134 1756 252 1855 prima
288 1781 422 1828 caesura
465 1755 801 1856 penthemimerica,
836 1769 872 1826 et
914 1755 1070 1828 secunda
1105 1781 1239 1830 caesura

134 1869 358 1944 ¹remancnte
394 1871 532 1968 integra
569 1869 912 1944 monoschematista
942 1867 1121 1968 dactylica
1151 1897 1239 1968 pen-

133 1986 395 2073 themimerica,
414 1985 480 2058 erit
507 1986 609 2058 metri
633 1985 780 2085 elegiaci
805 1983 982 2059 secundus
1004 2011 1125 2058 versus
1149 2011 1237 2084 pen-

133 2115 298 2188 tameter,
322 2101 418 2200 quod
443 2115 596 2176 metrum
626 2101 707 2174 ideo
733 2127 803 2174 non
831 2113 886 2172 est
917 2097 1079 2172 additum
1110 2098 1146 2170 in
1171 2125 1238 2172 nu·

135 2243 233 2290 mero
263 2219 465 2317 specierum
497 2217 639 2290 mmetri
670 2215 850 2316 dactylici,
879 2213 1049 2311 quoniam
1083 2240 1154 2285 non
1183 2227 1238 2286 est

133 2333 313 2407 uniforme
340 2362 404 2435 per
433 2335 591 2434 singulos
616 2359 737 2406 versus
766 2329 827 2403 sed
854 2329 970 2414 binos,
996 2341 1032 2400 et
1063 2327 1235 2425 quoniam

134 2451 268 2551 species
287 2463 341 2523 est
359 2450 501 2550 speciei,
518 2449 580 2521 nid
597 2461 652 2520 est
674 2446 777 2519 metri
797 2443 977 2530 Choerilii,
992 2469 1063 2516 non
1085 2443 1236 2541 generis,

135 2565 171 2640 id
197 2581 253 2640 est
281 2565 386 2640 metri
413 2563 595 2663 dactylici,
622 2579 744 2636 tamen
771 2561 899 2633 demus
927 2559 1096 2656 exempla
1133 2559 1237 2630 sche-

134 2695 288 2770 matum,
312 2680 348 2754 id
378 2693 433 2753 est
463 2679 567 2752 metri
593 2679 751 2777 elegiaci,
777 2675 873 2775 quod
903 2674 1064 2775 primum
1092 2701 1234 2748 versum

132 2796 242 2868 habet
269 2795 497 2869 schematum
524 2794 672 2892 triginta
692 2793 786 2866 duo:
818 2818 901 2865 nam
933 2791 1119 2864 heroicum
1148 2819 1235 2866 coa-

131 2911 233 2996 tiuet‚
251 2911 354 3007 cujus
374 2912 476 2984 metri
496 2911 680 2984 schemata
698 2937 804 3010 supra
822 2923 838 2956 ⁰
850 2908 1142 2980 monstravimus.

179 3025 294 3098 Nunc
318 3024 465 3098 secundi
495 3051 615 3098 versus
644 3025 829 3098 schemata
857 3025 976 3114 habet,
994 3023 1087 3097 sicut
1113 3051 1277 3100 exem-⁴1

131 3141 198 3240 plis
216 3139 367 3214 doceb0.
419 3139 586 3214 Secunda
612 3168 695 3214 vero
714 3167 848 3214 caesura
865 3155 902 3213 et
930 3141 1007 3241 ipsa
1031 3141 1235 3238 penthemi-

131 3256 265 3329 merica
291 3255 636 3330 monoschematista
662 3273 728 3344 est,
746 3283 828 3328 nam
858 3281 1000 3354 semper
1018 3251 1108 3328 duos
1130 3255 1235 3329 Pdac·

130 3372 223 3468 tylos
244 3373 376 3457 habet;
403 3372 499 3472 prior
515 3399 600 3444 vero
617 3385 702 3445 aaut
720 3372 809 3445 duos
828 3370 1002 3470 dactylos,
1020 3386 1061 3444 ut
1078 3385 1144 3460 est,

259 3488 373 3574 Accipe
386 3489 531 3552 carmina
547 3501 646 3552 ‘num
660 3488 912 3572 Maalmcjussa
928 3497 996 3551 tua.

131 3611 192 3670 aut
209 3597 301 3669 duos
319 3597 508 3698 spondeos,
526 3611 566 3670 ut
584 3611 649 3686 cst,

259 3711 333 3776 Hoc
347 3723 481 3778 metram
495 3722 628 3800 emptum
642 3713 910 3800 sstmpztctjuua
925 3723 1015 3778 tenet.

131 3837 191 3896 aut
207 3823 393 3921 dactylum
413 3839 449 3896 et
467 3825 681 3925 spondeum,
699 3839 823 3914 mest,
1245 3865 1275 3910 μ

169 4062 177 4106 i
193 4062 360 4138 novissima]
379 4067 522 4122 amissima
534 4073 616 4140 parte
630 4063 665 4122 L.
778 4063 792 4106 l
807 4085 891 4140 supra
906 4083 964 4121 om.
979 4063 1014 4120 L.
1117 4063 1126 4106 ¹
1141 4083 1231 4122 rema-

11 4127 12 4168 l
131 4155 214 4202 neate
230 4143 353 4222 integra]
370 4145 417 4202 Sic
434 4145 469 4203 L.
485 4149 592 4220 integra
607 4165 664 4202 om.
682 4143 842 4202 l’utschius.
988 4153 1011 4186 ¹¹²
1026 4147 1106 4202 metri
1119 4165 1177 4203 oin.
1195 4145 1229 4202 L.

130 4225 187 4279 nid
200 4229 240 4280 est
253 4227 334 4280 metri
347 4243 404 4281 om.
421 4223 456 4283 L.
547 4224 745 4302 ⁰monstmvi]
762 4229 972 4283 monstravimus
985 4225 1019 4282 L.
1102 4227 1229 4304 Pdacty-

130 4301 170 4361 los
185 4305 284 4380 habet]
303 4303 348 4364 Sic
362 4305 399 4361 L.
422 4306 503 4362 habet
517 4323 575 4362 om.
592 4307 749 4364 Putschius.
850 4317 927 4363 uam
941 4303 1163 4384 duos-accipe]
1181 4305 1230 4364 sic

130 4383 163 4441 L.
178 4394 227 4442 aut
242 4404 300 4443 om.
318 4384 477 4452 Putschius,
492 4385 539 4462 qui
557 4405 622 4442 mox
636 4390 759 4462 accipiet.
844 4397 942 4442 rastarte
955 4405 1013 4444 om.
1028 4387 1063 4443 L.
1135 4385 1229 4444 ⁸sim-

130 4461 207 4540 plicl]
232 4467 368 4550 sintplicia
384 4465 419 4524 L.
441 4475 525 4540 capto
543 4469 663 4541 simplice
683 4472 757 4546 conj.
777 4465 929 4524 Santenius
951 4465 985 4523 ad
1003 4467 1119 4524 Terent.
1135 4467 1228 4524 Maur.

130 4545 236 4620 pass.
268 4547 324 4605 Sed
339 4567 365 4606 v.
381 4545 453 4604 infra
467 4567 488 4604 .
506 4561 553 4622 52.
584 4547 831 4620 Moxdactylicum
846 4547 882 4607 L.

654 4644 704 4716 1.l
