2980 5142
19 429 137 481 ..rem
156 417 325 480 30-32.
361 405 852 486 Declroriambr‘cu-Ionico
869 409 1017 483 minore.
1119 424 1190 488 483

25 585 393 685 perfectissimum
421 602 488 674 est,
513 587 608 684 quod
638 587 838 687 appellatur
865 589 1069 690 Priapeum,
1094 589 1191 688 quod

27 699 203 800 plyida
226 701 279 798 (l)
294 699 465 781 admittit

323 897 413 971 Car.
431 895 560 972 XXX.
595 895 658 972 Da
677 922 958 977 cisomamurco.

122 1046 450 1121 Choriambicum
487 1061 642 1120 metrum
677 1061 818 1120 constat
853 1049 1065 1122 choriambo
1100 1049 1193 1149 pede

47 1161 317 1258 quadrato,a
340 1187 413 1260 quo
438 1187 572 1235 nomen
599 1162 800 1253 esumsit,a
824 1161 979 1236 dimetro
1006 1177 1127 1238 autem
1156 1166 1193 1238 in

51 1290 341 1361 tetrametrum
362 1278 541 1376 longatur.
593 1277 736 1356 Feritur
752 1304 816 1378 per
837 1277 1037 1378 ‘dipodiam
1055 1293 1194 1377 quater,

58 1392 105 1467 in
128 1418 216 1490 qua
236 1391 419 1466 antecedit
435 1393 625 1480 troohaeus,
642 1393 803 1492 sequitur
823 1395 980 1484 iambus,
997 1395 1059 1473 sed
1086 1397 1194 1475 iuter-

61 1509 169 1584 dum
193 1507 344 1609 rrpriore
371 1509 520 1586 trochaei
544 1510 682 1608 syllaba
706 1510 743 1585 in
768 1509 857 1590 duas
885 1511 1011 1590 breves
1037 1513 1212 1590 resoluta

65 1624 303 1724 tribrachyn
342 1625 513 1712 admittit,
543 1625 672 1702 mediae
709 1625 792 1702 duae
826 1651 971 1724 quoque
1010 1627 1193 1728 ‘dipodius

70 1741 259 1816 iambicoe
292 1743 431 1844 optime
467 1755 652 1842 ponuntur
685 1755 821 1840 quartae
854 1741 1035 1834 clausulae,
1067 1743 1105 1820 id
1138 1759 1193 1820 est

73 1854 148 1930 hut
172 1857 329 1932 ultimus
352 1886 427 1960 pes,
445 1873 508 1932 aut
530 1859 693 1948 bacchio,
714 1873 777 1934 aut
802 1857 999 1934 ¹tribraeho
1023 1859 1193 1936 termine·

77 1987 155 2060 tur,
175 1973 235 2045 vel
260 1974 381 2074 potius
407 1975 562 2049 iambica
578 1974 724 2075 dipodia
749 1975 956 2063 collocatur,
973 1973 1008 2046 in
1036 2001 1108 2072 qua
1130 2001 1192 2048 an-

80 2088 226 2162 tecedit
243 2103 456 2192 anapaestus.

295 2285 387 2361 Car.
404 2287 554 2363 XXXI.
591 2287 654 2366 Da
673 2313 806 2364 rou1co
823 2313 989 2366 marona.

138 2434 313 2522 llonicus
340 2437 455 2534 maior
480 2449 622 2514 constat
649 2439 877 2539 homonyma
902 2439 1006 2540 pede,
1030 2435 1191 2512 admittit

12 2611 13 2616 ,
92 2569 213 2624 autem
231 2551 328 2626 ¹rrardr
344 2556 531 2648 συμπάθειαν
549 2553 652 2626 basin
673 2553 906 2644 trochaicum,
923 2567 960 2630 et
984 2551 1091 2647 hujus
1115 2577 1191 2627 me·

13 2725 15 2730 ,
93 2666 138 2738 tri
161 2668 285 2766 primae
306 2668 507 2766 gressionia
524 2669 642 2770 prima
666 2669 765 2767 regio
789 2668 1058 2742 multiformiter
1078 2666 1191 2740 varia-

12 2815 14 2829 ’
96 2795 213 2868 tumet
230 2785 566 2884 brachycatalecton
585 2785 806 2874 mdesiderat,
819 2813 842 2862 a
857 2785 1011 2863 dimetro
1027 2783 1065 2858 iu
1083 2795 1191 2858 tetra-

100 2911 249 2977 metrum
267 2899 446 2998 longatur.
465 2937 471 2948 ·

283 3097 374 3172 Car.
391 3097 562 3175 XXXII.
598 3099 663 3176 Da
681 3123 816 3185 murco
834 3121 997 3172 ursona.

151 3245 313 3321 ulonicus
338 3273 484 3346 quoque
512 3250 628 3323 minor
652 3264 794 3324 constat
819 3275 865 3324 ex
890 3249 1114 3348 homonyma
1135 3248 1191 3323 di·

109 3359 215 3458 podia,
230 3361 264 3434 in
281 3383 353 3460 qua
370 3364 551 3438 antecedit
567 3366 806 3466 pyrrhichius,
819 3365 981 3462 sequitur
996 3363 1189 3464 spondeus,

110 3476 159 3548 vel
170 3491 414 3577 anapaestus,et
427 3480 666 3579 pyrrhichius.
680 3482 979 3579 ⁰Nonnunquam
992 3481 1100 3555 etiam
1109 3481 1191 3554 κατὰ

113 3592 258 3689 ramlera
274 3593 437 3668 brevium
456 3593 673 3694 syllabarum
693 3599 870 3672 molossus
889 3597 1138 3692 interponitur,
1154 3608 1192 3668 et

152 3889 260 3964 ehabet]
275 3895 370 3951 summ
383 3895 456 3952 Α.Β.
470 3898 577 3952 nomiae
590 3893 696 3955 omisso
710 3897 791 3954 habet
805 3895 879 3954 Ven.
978 3890 1145 3970 fdipodiam
1159 3892 1190 3949 in

120 3971 176 4048 qua]
189 3973 334 4046 dipondium
348 3983 446 4048 quater
459 3979 488 4033 ia
502 3995 557 4052 qua
571 3976 641 4034 Α.Β.
731 3973 754 4019 ff
763 3980 843 4052 prior
857 3975 930 4033 Vea.
1011 3983 1029 4028 8
1043 3971 1185 4047 iambica]

121 4053 215 4124 dipodia
227 4054 341 4112 amhae
355 4056 426 4114 Α.Β.
538 4053 555 4099 h
569 4067 601 4114 ut
614 4055 745 4132 ultimus]
761 4065 793 4115 ut
807 4076 864 4115 om.
879 4057 914 4114 Β.
1025 4049 1035 4096 ¹
1049 4051 1189 4130 tribrauhy

122 4133 272 4206 terminatur]
291 4137 430 4194 tribracho
449 4141 612 4195 terminatur
624 4137 694 4194 Α.Β.
856 4133 874 4179 ἴ
889 4133 1017 4194 lonicum
1033 4151 1050 4192 a
1065 4131 1185 4209 maiore]

125 4213 200 4270 lorica
211 4213 291 4286 major
304 4217 376 4273 Α.Β.
393 4209 502 4275 lanima
513 4216 604 4292 major
617 4217 692 4276 Van.
805 4215 814 4260 ¹
827 4215 991 4290 ostalexim]
1009 4222 1073 4272 catu
1086 4231 1188 4288 συπρα-

125 4293 186 4352 thim
197 4296 225 4352 do
236 4314 253 4351 α
265 4315 312 4353 sca
333 4297 384 4372 (aa
402 4299 450 4356 bar
468 4319 502 4357 en
516 4300 564 4373 Β.)
580 4305 623 4356 tra
636 4299 685 4356 che
698 4316 746 4355 cen
760 4305 787 4355 et
800 4297 874 4356 Α.Β.
898 4297 1046 4354 retulerim
1066 4295 1191 4371 puthido

126 4376 182 4442 meri
192 4393 229 4434 rto
240 4377 304 4434 cleu
317 4386 350 4436 ut
360 4380 434 4442 Van.
447 4393 477 4442 aa
490 4399 556 4458 uyox
570 4397 627 4441 om.
639 4381 741 4454 priam
818 4387 843 4419 Ν
856 4376 1016 4454 desyderat]
1030 4379 1139 4434 daserm
1151 4376 1189 4434 B.

126 4455 185 4520 Tua
198 4457 309 4530 iurgatur
323 4459 396 4519 Vsu.
503 4469 516 4496 ¹¹
531 4457 662 4522 Ionicum
677 4477 790 4536 quoque
804 4456 944 4531 aminare]
961 4459 1070 4516 Ionicus
1084 4475 1191 4532 quoque

127 4537 195 4600 tultus
206 4537 264 4598 Α.Β.
279 4538 352 4597 Van.
448 4551 682 4617 ‘’nonnunquam
698 4541 740 4615 et]
755 4557 949 4614 nonuunquam
963 4542 1047 4600 etium
1060 4538 1134 4599 Α.Β.

591 4647 700 4708 392
