3076 5140
157 421 242 472 esa.
255 412 291 472 3.
520 397 584 470 De
598 397 779 498 dactylum
793 408 918 476 mehu-
1187 411 1258 476 968

288 579 399 652 'Caro
413 581 518 648 &aar
529 582 657 660 subdes,
669 603 825 670 magron
837 583 932 650 louis
943 583 1180 648 summm.

9 748 16 787 r
158 693 321 776 Quartus
337 707 375 766 et
390 693 539 792 quintus
555 691 717 793 spondei,
732 693 841 770 ueteri
858 692 1006 796 dactyli,
1022 705 1075 780 ut.

287 815 458 884 Sarmata
471 815 667 884 amassem
680 815 778 882 ceam
791 815 924 882 tirthaee
937 815 1025 882 uobis
1036 813 1142 902 prese.

211 927 336 1024 Hujus
361 928 479 1012 metri,
497 927 533 1003 id
556 942 613 1002 est
639 926 785 1014 heroici,
802 927 952 1004 virtutes
974 942 1061 1004 sunt
1085 941 1168 1004 tres.
1218 927 1258 1004 Si
1274 944 1304 996 ¹8

154 1043 266 1230 ξ
276 1069 397 1118 sersus
414 1043 532 1133 fuerit,
544 1043 581 1118 id
597 1043 742 1120 estsine
757 1041 1023 1139 conjunctione,
1040 1057 1082 1120 ut
1097 1058 1152 1120 est
1168 1041 1259 1120 iliud

268 1185 344 1247 um,

311 1283 408 1366 Mirm
424 1277 505 1352 ἄειδε
521 1278 575 1354 θεὲ
589 1277 773 1368 Πηληῖαδέω
788 1275 946 1376 Ἀχιλῆος.

161 1388 249 1466 Hoc
265 1388 395 1466 Latine
412 1392 474 1484 sic,

291 1507 1044 1598 uammmomaammmuugerarom.

160 1615 199 1688 Si
216 1615 324 1690 fuerit
341 1617 543 1706 tetracolos,
561 1617 597 1692 id
622 1631 678 1692 est
706 1618 734 1692 si
762 1631 933 1716 quattuor
954 1617 1072 1692 verbis
1097 1617 1153 1692 vel
1179 1617 1258 1718 qui·
1275 1647 1304 1698 ¹⁹

160 1731 320 1809 buslibet
355 1735 517 1832 partibus
546 1734 717 1810 emtionis
745 1732 852 1808 suerit
881 1732 1029 1824 divisus,
1055 1733 1157 1832 cujus
1191 1733 1260 1807 uir-

159 1847 250 1920 tutis
286 1849 497 1951 exemplum
528 1847 703 1926 Latinum
741 1848 869 1926 melius
899 1849 1036 1922 lectum
1065 1862 1120 1922 est
1147 1875 1257 1948 quam

159 1964 347 2050 Graecum,

290 2078 450 2146 Salmatia
462 2087 589 2166 satyros
603 2077 812 2144 hrmtsabrrur
826 2077 1050 2166 Alpheum.

160 2187 330 2264 Graeeum
349 2189 412 2279 sic,

313 2302 443 2376 ¹Ar'hui'or
457 2311 601 2394 βασιλῆα
617 2303 818 2402 πολνχρῦσοιο
836 2304 990 2392 Μυκήνης.

160 2416 233 2491 Sed
262 2417 452 2494 arraserit
481 2417 582 2494 iilum
615 2419 716 2516 quasi
744 2417 971 2518 pentaeolom
996 2442 1081 2490 nam
1106 2417 1259 2514 πολυχρύ-

161 2567 226 2608 sm
251 2533 492 2634 compositum
520 2559 653 2610 nomeu
678 2547 743 2608 est.
795 2533 834 2608 Si
852 2531 960 2610 fuerit
979 2531 1168 2632 rhopulius
1184 2559 1300 2606 ver-21

162 2675 234 2738 sus,
247 2648 309 2746 qui
324 2677 345 2721 a
359 2648 609 2747 monosyllabo
622 2651 730 2722 verbo
743 2649 918 2748 incipiens
930 2645 1107 2748 gradatim
1121 2647 1259 2736 crescit,

160 2781 199 2837 et
213 2765 351 2863 ῥόπαλον,
364 2762 400 2836 id
418 2777 473 2836 est
486 2762 654 2838 Herculis
671 2763 823 2856 clavam,
840 2763 1002 2840 imitatur
1018 2764 1065 2838 ab
1082 2761 1259 2858 “angusto

160 2895 199 2956 et
215 2881 314 2958 tenui
332 2881 371 2958 irs
388 2879 614 2956 latitudinem
634 2877 811 2966 desinens,
827 2893 881 2968 ut,

311 2989 333 3069 si
347 2999 452 3091 μάκαρ
468 2993 611 3092 Ἀτρείδη
626 2993 798 3091 μοιρηγενὲς
815 2991 1037 3086 Ῑὸλβιοδαῖμον.

162 3109 334 3184 Latinum
363 3137 437 3187 non
463 3109 616 3210 repperi,
632 3107 693 3184 sed
720 3108 839 3208 potuit
864 3107 966 3184 iilum
985 3107 1158 3206 Virgilius
1183 3133 1302 3180 ver-22

164 3253 242 3302 sum
261 3227 369 3302 verba
386 3239 616 3300 commutans
633 3223 710 3300 sine
727 3247 851 3298 sensus
868 3222 1015 3298 laesiorre
1032 3221 1196 3308 formare,
1285 3225 1292 3236 “

292 3343 437 3416 Quarum
450 3341 641 3428 pamfimo
648 3338 867 3428 pulcherrima
877 3337 1044 3426 Deiopeiu,

162 3467 201 3525 ut
218 3451 264 3526 sit
281 3451 345 3540 sic,
931 3503 933 3512 ,
1094 3515 1096 3522 ,

291 3569 371 3642 Quor
383 3567 616 3654 qrsarrrmfies'r
624 3565 842 3654 pulcherrima
855 3566 1021 3656 Deioprr'o.

212 3675 271 3748 De
290 3677 501 3754 hexametro
518 3675 662 3752 heroico
678 3690 715 3754 et
731 3675 809 3774 ejus
833 3676 1079 3752 schematibus
1103 3673 1188 3748 satis
1205 3673 1257 3746 di·
1272 3697 1302 3748 τε

164 3801 282 3864 ctum:
308 3815 406 3868 nunc
426 3789 472 3864 de
499 3789 709 3868 hexametro
734 3790 899 3866 bucolico
925 3791 1106 3890 paulisper
1132 3805 1259 3864 tracte-

164 3929 254 3978 mus.
307 3903 416 3986 Quod
445 3919 601 3982 metrum
631 3905 677 3980 ab
708 3904 853 3982 heroico
877 3905 981 3980 mhoe
1006 3904 1136 3994 differt,
1161 3903 1256 4000 quod

164 4017 248 4091 illud
276 4018 387 4093 habet
414 4021 600 4098 schemata
628 4019 773 4119 triginta
798 4019 883 4112 duo,
911 4019 980 4096 hoe
1009 4045 1093 4094 vero
1120 4017 1257 4091 decem.

200 4263 300 4342 icam]
316 4289 382 4328 raro
396 4269 433 4327 L.
523 4269 664 4346 sisthrsc]
682 4269 738 4327 haec
751 4268 786 4326 L.
877 4266 893 4312 ¹²
907 4267 1076 4341 imitabitur]
1095 4269 1141 4326 sic
1157 4269 1191 4326 L.
1208 4274 1257 4327 mi-

161 4347 269 4407 rabitur
285 4349 444 4410 l’uttchius.
610 4347 732 4423 musra]
749 4353 861 4423 ωδσομαι
877 4349 911 4410 L.
926 4349 975 4426 qui
989 4367 1054 4408 mor
1069 4349 1257 4425 mhpsxrisecit.

161 4422 325 4507 ¹‘rrugrrsto]
343 4442 463 4508 augusto
479 4427 513 4490 L.
608 4427 617 4478 ¹
631 4429 796 4503 iteraturus]
811 4431 950 4502 melampo
963 4427 1000 4488 L.
1095 4439 1119 4472 Ν
1133 4431 1188 4488 hoe
1202 4429 1257 4488 dif-

162 4504 226 4582 fert]
242 4507 291 4570 sie
304 4509 340 4573 L.
356 4511 407 4572 hoc
419 4531 478 4574 om.
492 4509 653 4572 Putsohius.
