3012 5084
256 403 307 496 76
645 403 764 478 Marii
784 399 961 477 Wctorini
1243 425 1316 477 ms.
1331 427 1358 475 r.

407 589 538 662 Amice
547 587 838 687 prmmgrmculo.

258 703 308 776 Et
325 729 478 802 queque
496 704 565 777 alia
581 703 701 800 qualia
717 715 755 776 et
774 715 890 776 metro
907 702 1040 801 scripta
1054 715 1245 800 sequentes
1262 701 1362 774 clau·

259 820 353 892 sulas
369 819 614 918 quorumlibet
630 831 824 891 metrorum
840 817 888 891 ad
905 843 944 890 se
960 817 1122 904 trahunt,
1135 818 1185 892 its
1202 818 1362 918 appetis-

259 937 403 1026 buntur,
420 935 506 1032 quia
531 933 708 1034 proodicis
733 933 894 1008 versibus
920 931 1089 1031 ἐπᾴδονται,
1115 932 1152 1006 id
1177 945 1243 1018 est,
1267 934 1362 1006 occs'-

258 1061 408 1125 huntur.

258 1251 364 1330 Cnr.
381 1249 498 1330 XVI.
531 1251 596 1330 De
617 1247 788 1356 Strophc
806 1261 845 1330 et
862 1247 1126 1356 Antiatroplte
1144 1261 1184 1329 et
1202 1247 1359 1356 Epcdo.

318 1397 490 1496 Pleraque
520 1395 766 1495 lnLyricomm
794 1395 1009 1483 carminum,
1036 1421 1117 1491 quae
1146 1417 1250 1466 versu
1274 1407 1362 1466 ¹¹co-

259 1515 347 1586 lisve
364 1527 400 1586 et
417 1511 661 1586 commatibus
678 1525 957 1606 componuntur,
968 1535 1013 1584 ex
1033 1509 1190 1608 Strophe
1206 1504 1366 1582 etAnti-'

260 1628 407 1726 strophe
433 1641 469 1700 et
495 1625 658 1725 ⁰Epodo,
676 1639 718 1699 ut
734 1627 854 1700 Graeci
881 1628 1078 1727 appellant,
1098 1625 1260 1699 ordinata
1278 1625 1362 1696 sub-

234 1744 405 1830 asistunt,
422 1767 575 1842 quorum
594 1742 686 1814 ratio
704 1742 785 1814 talis
803 1755 868 1815 est.
899 1743 1220 1840 Antiquideorum
1239 1740 1361 1813 laudes

261 1859 481 1934 carminibus
508 1857 786 1957 comprehensas
812 1859 949 1932 circum
979 1885 1054 1932 aras
1080 1883 1205 1930 eorum
1234 1869 1361 1928 euntes

261 1977 449 2060 canebant,
467 1973 570 2071 cujus
596 1975 755 2074 primum
779 1975 957 2047 ambitum
976 1998 1085 2072 quem
1113 1968 1363 2070 ingredieban-

231 2103 319 2169 stur
346 2103 388 2162 Pa
414 2103 515 2188 parte
540 2089 666 2164 dextra
692 2092 826 2186 στροφὴν
855 2091 1042 2163 vocabant.
1105 2087 1361 2161 Reversionem

261 2217 380 2277 autem
401 2205 641 2278 sinistrorsum
669 2205 816 2294 factam,
830 2203 1013 2304 completo
1031 2202 1148 2302 priore
1170 2203 1267 2288 orbe,
1286 2202 1363 2274 An-

261 2318 465 2416 tistrophon
497 2319 741 2419 appellabant.
791 2318 890 2394 Dein
919 2319 956 2392 in
986 2331 1182 2416 conspectu
1211 2317 1361 2390 deorum

261 2432 354 2505 soliti
374 2433 579 2523 consistere,
596 2435 725 2508 cantici
744 2435 882 2532 reliqua
899 2435 1223 2529 consequebantur,
1241 2431 1364 2532 appel-

232 2548 376 2626 slantes
401 2549 436 2622 id
463 2549 629 2648 Epodon.
681 2550 780 2622 Nam
810 2549 959 2648 Epodos
982 2561 1037 2621 est
1058 2547 1163 2620 tertia
1190 2575 1272 2648 pars
1300 2561 1363 2621 aut

262 2663 452 2760 ‘lperiodus
471 2664 592 2761 lyricae
610 2663 706 2736 odes.
744 2663 863 2761 Igitur
879 2691 962 2762 quae
980 2677 1063 2764 post
1079 2666 1214 2762 στροφὴν
1229 2677 1267 2737 et
1282 2665 1365 2736 ἄντι-

263 2783 407 2874 στροφὴν,
431 2777 557 2878 ’ἐπῳδὸν
581 2779 760 2853 dicebant.
787 2780 941 2853 “habea
957 2779 1104 2875 quidem
1123 2791 1179 2852 est
1194 2803 1364 2876 superco-

234 2917 359 2974 rnere.
406 2892 508 2967 Hinc
525 2909 712 2989 sumptum
730 2894 947 2967 vocabulum
967 2893 1004 2966 in
1024 2893 1088 2966 has
1104 2892 1265 2992 Epodos,
1282 2919 1364 2990 quse

264 3007 367 3079 binos
384 3033 505 3080 versus
532 3010 688 3110 impares
711 3011 857 3084 habent.
907 3009 1006 3082 Nam
1025 3023 1066 3082 ut
1092 3010 1163 3082 iilae
1180 3009 1362 3081 canticum

234 3123 449 3212 sfiniebant,
466 3124 517 3196 sic
536 3124 592 3197 hae
620 3151 766 3198 sensum
784 3151 888 3200 versu
909 3123 1124 3223 insequenti.
1176 3124 1261 3198 Hoc
1278 3123 1364 3221 quis

263 3263 283 3308 e
309 3238 424 3310 tribus
448 3238 622 3323 subsistit,
640 3241 843 3338 appellatur
867 3243 983 3336 'rproie
1035 3239 1093 3313 Ita
1118 3252 1160 3312 ut
1182 3238 1302 3314 omnis
1327 3251 1365 3310 et

265 3353 384 3450 στροφὴ
401 3365 436 3424 et
452 3353 650 3450 ἀντίστροφος
672 3369 708 3426 et
725 3353 849 3454 ‘irpdic
865 3354 1016 3428 totidem
1036 3355 1192 3428 habeant
1208 3353 1364 3454 syllabus

264 3466 300 3538 in
327 3467 491 3563 proxima
513 3467 673 3564 periodo,
690 3481 792 3567 'quoe
818 3469 1007 3566 subjicitur
1032 3469 1151 3567 priori,
1169 3481 1209 3540 ut
1232 3467 1278 3541 sit
1301 3479 1364 3540 aut

264 3579 455 3679 ἰ’σὸμετρος
489 3595 551 3654 aut
579 3581 732 3679 ι’σόχρονος
757 3583 918 3680 quolibet
946 3597 1061 3656 metro
1092 3609 1153 3656 seu
1189 3582 1365 3682 rhythmo

238 3693 473 3778 ssubsistens.
524 3693 645 3768 ¹Nam
665 3695 758 3768 sicut
775 3696 900 3770 dextro
918 3723 1045 3770 manus
1072 3697 1227 3796 impares
1253 3697 1366 3770 babet

264 3807 409 3906 digitos,
426 3809 488 3882 sed
515 3811 666 3883 thorum
685 3837 787 3909 pares
809 3824 894 3884 sunt
916 3811 1066 3885 sinistrae
1085 3837 1213 3884 manus
1231 3813 1258 3884 si
1277 3838 1365 3885 con-

306 4049 330 4081 ¹¹¹
346 4038 525 4117 Lyricorum]
540 4039 684 4099 liricorum
699 4043 731 4100 P.
815 4039 984 4119 ¹¹solisque]
998 4041 1103 4101 solisve
1117 4043 1148 4100 P.
1217 4043 1362 4121 ⁰Epodo]

265 4119 357 4198 epode
372 4121 403 4177 P.
486 4131 549 4178 vex
601 4121 656 4194 rte]
672 4133 782 4198 aperte
798 4121 829 4179 P.
910 4121 1072 4200 uperiodus
1087 4119 1182 4199 lyricos
1195 4121 1273 4180 odes.
1306 4121 1364 4202 Igi-

266 4213 312 4257 tur
325 4200 401 4276 que]
417 4199 549 4278 periodos
573 4199 656 4282 yricq·
678 4201 746 4259 odes
761 4199 846 4279 igitur
859 4202 935 4278 quod
949 4203 981 4260 P.
1097 4203 1222 4276 ftzshu]
1238 4206 1317 4260 nstv
1331 4203 1363 4261 P.

266 4289 292 4323 Π
305 4284 402 4338 tvdtm
415 4278 543 4357 quidem]
560 4279 672 4358 epodon
687 4281 763 4356 quod
777 4281 808 4338 P.
883 4283 990 4358 Ιτριάς]
1006 4299 1084 4341 rrrca
1098 4281 1132 4341 P.
1194 4281 1249 4340 tet
1262 4284 1363 4358 butte]

265 4372 296 4418 et
308 4379 366 4417 om.
381 4361 412 4418 P.
506 4369 522 4402 V
535 4379 597 4437 quae
610 4357 773 4434 subiicitur]
790 4359 838 4436 qui
853 4359 989 4420 subicitur
1003 4363 1033 4422 P.
1109 4371 1132 4403 '¹
1146 4361 1363 4438 teipsam-m·

265 4441 356 4516 W]
373 4457 645 4516 compr—comm
658 4441 689 4498 P.
746 4449 763 4483 ¹
777 4441 869 4516 Nam]
886 4447 944 4519 quo
959 4443 989 4501 P.
1041 4441 1205 4517 inumero]
1221 4443 1322 4502 borum
1332 4443 1363 4502 P.
