3124 5120
318 385 387 445 112
699 366 817 472 Marii
836 368 1018 444 Victorini
1281 389 1359 440 orn.
1378 389 1430 440 11.

315 551 463 650 quidem
483 579 706 652 unaquaeque
718 551 830 626 duum
850 551 983 652 pedum
999 551 1206 648 conjugatio
1223 564 1306 640 octo
1322 564 1433 624 tem-

316 693 401 766 pora
417 668 573 768 colligat,
590 667 625 740 id
644 681 709 758 est,
727 681 789 742 aut
815 665 963 766 spondei
991 680 1027 738 et
1054 665 1236 764 anapaesti,
1254 679 1317 738 aut
1333 664 1433 738 dae-

270 783 382 880 32tyli
409 795 447 856 et
477 784 660 883 anapaesti,
687 799 749 858 aut
778 783 892 856 duum
924 797 1199 882 anapoestorum.
1251 781 1305 854 Hi
1332 794 1430 854 sunt

316 897 412 969 enim
448 898 508 996 qui
545 911 673 997 proeter
705 913 841 973 ceteros
880 897 989 997 pedes
1024 897 1061 970 in
1096 896 1259 970 iambicis
1293 895 1428 970 metris

316 1015 540 1112 temporibus
564 1014 769 1096 abundant:
797 1014 859 1112 qui
883 1015 936 1100 fit,
956 1027 996 1087 ut
1012 1028 1083 1086 tres
1099 1015 1208 1113 pedes
1230 1039 1295 1112 per
1311 1038 1428 1112 syzy-

318 1129 413 1226 giam
443 1129 569 1228 viginti
597 1143 768 1226 quattuor
793 1129 1017 1226 temporibus
1043 1129 1281 1227 impleantur:
1311 1153 1427 1225 quar-

318 1259 376 1320 tus
395 1271 478 1318 vero
501 1246 563 1344 qui
586 1261 640 1318 est
665 1244 893 1318 catalecticus
919 1270 982 1317 sex
1007 1244 1230 1343 temporibus
1247 1243 1426 1317 termine·

318 1373 387 1447 tur,
404 1359 541 1432 seilicet
557 1375 597 1435 ut
620 1360 713 1432 intra
738 1360 885 1458 triginta
911 1375 1074 1460 tempora
1091 1387 1213 1433 versus
1231 1360 1423 1432 habeatur.

272 1495 304 1542 ss
320 1473 484 1572 Plerique
507 1489 694 1549 auctorum
720 1475 896 1548 nobilium
915 1475 952 1548 id
968 1475 1213 1564 obtinuerunt,
1230 1487 1271 1548 ut
1287 1473 1425 1547 iambi-

319 1614 403 1662 cum
423 1589 639 1678 trimetrum,
656 1589 751 1688 quod
777 1591 1047 1664 acatalecticum
1072 1591 1289 1678 nominatur,
1305 1588 1424 1660 rduo-

319 1704 437 1777 decim
465 1705 612 1802 syllabis
639 1705 899 1793 terminaretur,
925 1705 1021 1802 quod
1049 1719 1137 1778 tunc
1171 1705 1303 1794 evenit,
1328 1729 1422 1802 quo-

320 1819 412 1892 tiens
430 1846 450 1892 e
468 1818 635 1920 spondeis
653 1833 690 1892 et
707 1819 836 1894 iambis
857 1821 991 1920 pedum
1017 1820 1224 1920 conjugatio
1250 1819 1422 1907 sociatur,

321 1934 479 2006 atenim
509 1934 773 2008 incurrentibus
799 1935 925 2008 ceteris
950 1935 1113 2034 pedibus,
1138 1949 1175 2007 et
1197 1935 1418 2034 syllabarum

321 2065 357 2123 et
387 2064 591 2150 temporum
628 2051 848 2124 incrementa
882 2065 1088 2139 nascuntur,
1115 2065 1153 2124 et
1181 2051 1420 2124 nihilominus

322 2178 406 2236 sunt
423 2164 567 2236 iambici
586 2191 707 2238 versus
731 2179 917 2240 constante
945 2193 1120 2254 mensura,
1138 2179 1175 2238 et
1200 2167 1417 2264 syllabarum

322 2277 491 2375 ¹*quidem
519 2279 741 2354 incrementa
768 2283 819 2354 sic
845 2281 1003 2382 ‘recipit
1020 2297 1061 2356 ut
1086 2309 1105 2355 a
1131 2281 1322 2354 duodecim
1350 2279 1421 2379 syl-

278 2421 310 2469 as
324 2393 413 2467 labis
432 2393 475 2468 ad
494 2394 693 2468 octodecim
722 2396 877 2494 syllabas
903 2397 1146 2496 protendatur.
1197 2395 1418 2496 Temporum

324 2525 443 2584 autem
474 2511 523 2584 ita
550 2537 671 2583 versus
699 2511 808 2584 babet
834 2512 1064 2601 incrementa,
1083 2527 1123 2586 ut
1148 2514 1193 2585 ab
1219 2511 1417 2584 octodecim

323 2626 547 2724 temporibus
573 2626 616 2699 ad
644 2625 769 2724 viginti
799 2640 970 2722 quattuor
992 2629 1204 2726 porrigatur,
1227 2625 1419 2700 novissima

324 2740 460 2814 etenim
488 2741 624 2840 syllaba
655 2739 857 2814 indifferens
879 2740 1041 2828 habetur,
1059 2743 1142 2816 licet
1165 2743 1281 2815 brevis
1307 2742 1363 2830 sit,
1379 2753 1419 2814 ut

325 2869 360 2926 et
379 2855 496 2952 longae
517 2856 633 2929 vicem
661 2855 828 2955 praebeat.
878 2855 1020 2953 'l'ragici
1048 2871 1167 2930 autem
1196 2861 1368 2944 auctores,
1384 2867 1419 2927 et

326 2968 467 3054 comici,
485 2971 595 3068 paulo
612 2970 715 3070 plura
733 2969 822 3044 etin
841 2971 986 3070 syllabis
1003 2985 1039 3044 et
1060 2973 1284 3070 temporibus
1310 2971 1419 3042 incre-

328 3097 451 3158 menta
468 3084 639 3172 lecerunt,
657 3086 792 3186 quippe
809 3111 891 3160 cum
910 3086 1058 3183 quidam
1081 3086 1239 3159 inductis
1256 3098 1419 3158 tetrame-

328 3199 402 3288 tris,
420 3201 587 3273 novitatis
606 3200 726 3275 studio
746 3201 821 3273 ausi
846 3201 918 3275 sint
941 3216 1063 3276 contra
1090 3202 1336 3302 praescriptum
1362 3200 1419 3274 tri-

328 3314 428 3412 ginta
456 3327 660 3413 temporum
690 3315 763 3388 duo
788 3315 951 3411 adjicere,
968 3343 1035 3389 nec
1060 3317 1250 3415 quisquam
1277 3317 1418 3390 ulterius

329 3443 462 3527 postea.

371 3627 560 3703 'duodecim]
576 3648 610 3686 ιι
626 3630 656 3686 Ρ.
746 3631 899 3708 'quidemJ
915 3632 991 3710 quod
1005 3633 1036 3690 P.
1118 3629 1256 3709 trem'pit]
1273 3629 1376 3708 recepit
1389 3631 1416 3688 P.

372 3827 421 3885 33.
440 3811 598 3884 octodecim]
621 3813 801 3884 septendecim
817 3811 860 3868 rel
900 3809 1002 3887 quibus
1024 3809 1155 3867 ultimum
1174 3827 1237 3866 esse
1258 3807 1416 3885 disyllabum

333 3889 514 3948 scribendum
544 3903 597 3954 est,
627 3891 670 3946 vel
699 3889 859 3969 intelligen·
901 3902 1022 3967 oportet,
1038 3889 1078 3947 ita
1096 3888 1290 3966 relinquentur
1303 3887 1418 3965 quinque

335 3969 413 4036 dum,
429 3980 461 4026 ut
474 3969 526 4026 hac
541 3968 676 4045 particula
692 3989 781 4046 usque
794 3983 860 4028 octo
901 3969 1017 4037 caeteris,
1031 3969 1078 4046 qui
1097 3967 1202 4047 singuli
1220 3966 1353 4045 trisyllabi
1366 3969 1418 4024 fieri

334 4049 527 4114 excludantur,
550 4061 580 4105 et
604 4047 773 4106 definiantur
794 4069 858 4127 sep·
901 4049 1246 4128 possinusyllaboedecem
1256 4061 1285 4106 et
1294 4047 1417 4125 quinque,

335 4143 403 4188 tem.
445 4127 521 4184 Nam
543 4140 572 4184 et
592 4127 647 4184 hoo
666 4141 732 4185 ante
746 4129 787 4188 sic
801 4149 862 4188 esse
903 4127 947 4186 lais
961 4130 1080 4187 addatur
1093 4143 1188 4187 sextus
1204 4149 1252 4205 pes
1267 4127 1417 4205 disyllabus,

336 4209 420 4302 plane
441 4205 537 4264 docuit
552 4205 725 4272 Victorinus,
740 4221 770 4265 et
793 4211 863 4266 ratio
904 4210 1175 4268 consummabantur
1185 4208 1224 4266 ita
1233 4209 1346 4286 syllabae
1354 4227 1417 4266 xvir.

339 4308 367 4346 sn
391 4299 505 4364 promtu
527 4299 579 4344 est.
626 4287 767 4344 'l‘rinreter
786 4288 862 4346 enirn
906 4289 1054 4346 CAMER.

340 4367 477 4425 iambicus
491 4364 566 4424 senis
580 4363 698 4443 pedibus
719 4363 834 4436 incedit,
848 4389 864 4426 e
