3100 5142
249 399 326 478 316
605 399 721 475 Atilii
737 401 999 478 Fortunatiaui
1224 425 1310 476 sss.
1328 427 1356 476 1.

424 587 532 652 oms
546 585 691 650 Pierides
705 605 781 650 mee
796 587 966 652 Gammae.

251 699 428 774 Detracto
448 697 545 770 enim
576 694 768 786 Camoeae,
794 698 838 770 fit
862 695 1154 772 ¹Anacreonteon
1184 711 1358 789 metrum,

252 813 471 912 syllabarum
484 827 579 902 octo,
593 811 691 911 quod
705 813 834 888 musici
847 811 1066 888 ¹¹bacchicus
1080 825 1222 902 vocant,
1236 839 1358 911 gram-

252 929 377 1004 matici
393 927 703 1016 ¹choriambicon;
728 930 791 1030 qui
809 929 946 1030 duplex
963 943 1105 1004 constat
1126 955 1172 1003 ex
1193 930 1301 1028 longe
1318 941 1357 1001 et

252 1046 392 1120 duabus
418 1045 585 1120 brevibus
608 1059 645 1120 et
669 1047 787 1144 longa,
804 1045 841 1119 id
859 1059 926 1134 est,
943 1071 988 1120 ex
1014 1046 1146 1119 choreo
1163 1059 1200 1118 et
1221 1044 1356 1117 iambo.

253 1161 340 1237 Hoc
364 1173 519 1234 metrum
544 1161 810 1236 incrementum
837 1160 981 1260 accipit,
997 1175 1034 1234 et
1050 1173 1170 1234 totum
1194 1159 1241 1232 ab
1258 1158 1355 1231 uA!-

225 1303 330 1358 scaeo
358 1291 515 1352 tractum
553 1291 608 1350 est
640 1278 687 1350 ab
722 1276 877 1352 Horatio
915 1291 1049 1352 nostro.
1099 1277 1223 1352 nNam
1257 1273 1356 1374 quod

254 1409 319 1486 est,
427 1495 533 1558 Ceste
546 1491 693 1556 Pierides
706 1511 793 1570 sue,

254 1619 313 1694 ⁰id
330 1631 384 1694 est
401 1617 497 1719 apud
515 1617 723 1704 Horatium,

427 1759 617 1825 Intermissa
637 1761 738 1824 Versus
752 1759 820 1824 diu.

254 1895 398 1972 Demus
424 1896 476 1969 iiii
503 1895 778 1982 incrementum,
799 1893 835 1968 id
857 1907 913 1968 cst
937 1920 1004 1995 pro
1024 1921 1098 1969 uuo
1123 1893 1214 1967 duos
1239 1891 1356 1966 chori-

256 2012 394 2104 ambos,
411 2013 485 2101 fiet,

427 2128 615 2191 Intermissa
630 2127 688 2192 diu
702 2128 821 2192 smum
835 2125 891 2191 diu
909 2127 1019 2190 Versus.

255 2227 303 2304 et,
429 2311 535 2377 Casius
548 2311 705 2389 Pierides,
720 2311 866 2376 Pierides
880 2330 966 2376 swas.

256 2425 342 2500 huic
360 2423 477 2498 simile
493 2423 594 2512 serit,

427 2563 589 2628 Maecenas
603 2563 709 2628 atavis
723 2561 804 2626 edite
817 2561 960 2650 regibus,

430 2665 458 2728 0
471 2673 502 2730 ei
508 2664 701 2752 presidium
715 2673 746 2729 ei
759 2663 849 2728 dulce
862 2664 955 2727 muris
969 2681 1081 2726 mmm.

227 2807 333 2889 ⁶Hic
366 2807 498 2880 etenim
531 2807 594 2905 qui
625 2805 804 2908 disyllabo
832 2805 942 2879 verbo
967 2803 1133 2876 absoluto
1162 2803 1298 2891 finitur,
1326 2801 1357 2874 si

257 2922 416 2998 amiserit
434 2921 697 3009 choriambum,
714 2921 782 2996 erit
805 2920 858 2994 illi
876 2933 992 2994 metro
1009 2945 1074 3020 par
1090 2917 1210 3016 rcujus
1234 2942 1359 2992 exem-

258 3039 372 3139 pium,

430 3137 535 3201 Castra
549 3137 696 3202 Pierides
710 3157 796 3201 meoe.

257 3249 321 3322 fiet
336 3247 447 3334 enim,

429 3361 476 3425 ⁸0
488 3369 519 3425 ei
526 3361 718 3448 presidium
732 3381 845 3427 meum.

258 3513 378 3560 rursus
395 3485 577 3560 adcrescat
592 3487 835 3579 choriambus,
852 3487 928 3577 fiet,

431 3619 538 3682 cmm
552 3619 697 3684 Pierides
711 3621 858 3686 Pierides
872 3641 972 3694 meoe,·

258 3717 306 3794 et,
432 3803 460 3866 0
473 3811 503 3866 ei
510 3803 700 3890 proesidium
715 3804 844 3870 sidulee
857 3804 950 3870 ἀεοιιε
965 3825 1089 3878 mcums

259 3919 306 3994 et,
428 4004 617 4068 intermissa
637 4005 738 4068 Versus
753 4006 851 4070 missa
870 4006 970 4069 Versus
985 4005 1054 4068 dis.

299 4227 309 4274 ¹
323 4227 547 4306 suscrwutium]
563 4239 762 4290 samosateus
776 4229 814 4290 V.
829 4231 909 4294 Med
972 4227 990 4274 ἕ
1005 4229 1147 4306 iacemus]
1165 4229 1309 4292 iacchum
1322 4227 1360 4285 V.

261 4309 432 4368 bucciiecum
446 4311 521 4368 Mar.
536 4309 678 4369 Victoria.
693 4307 744 4370 1v.
764 4330 789 4380 1,
805 4313 853 4386 63.
966 4307 976 4354 ¹
990 4312 1179 4386 choriambon]
1198 4311 1360 4370 choriambi·

260 4410 310 4449 cors
323 4391 362 4449 V.
484 4402 509 4436 ¹¹¹
523 4393 624 4466 uitem]
640 4394 717 4450 alces
729 4393 766 4451 V.
890 4401 907 4434 ¹¹
928 4394 1080 4468 rumquod]
1098 4409 1215 4468 numque
1229 4391 1264 4448 V.
1279 4389 1359 4450 Med.

260 4469 523 4546 omesmmv.
604 4471 899 4532 umissadiuomN.
980 4467 1189 4532 ueritumv.
1272 4469 1359 4546 ¹'ch

260 4552 337 4624 cujas
350 4553 387 4609 V.
402 4551 482 4609 Med.
588 4551 636 4606 ι0
646 4553 817 4626 presidium]
830 4561 857 4609 si
867 4555 1026 4626 presidium
1038 4553 1073 4610 V.
