3082 5140
453 417 497 489 de
514 413 652 488 Metris
673 413 908 489 Comicarum.
1156 431 1229 522 ⁴¹³.

101 598 384 696 septenariam.
437 597 527 670 Erit
542 607 666 672 autem
677 597 878 694 probabilis
895 597 1072 671 iambicus
1094 623 1231 688 omno,

108 725 167 788 et
200 714 394 813 tragaediis
421 722 543 810 aptus,
567 715 601 787 si
625 713 819 787 secundum
846 723 882 786 et
906 723 1078 812 quartum
1102 715 1231 812 pedem

110 855 206 902 nou
222 829 316 902 alios
325 825 474 929 feceris
489 853 599 928 quom
615 827 764 918 iambos,
781 837 848 902 aut
871 853 964 916 eum,
982 829 1045 928 qui
1069 829 1232 926 appella-

116 955 197 1018 tur
219 945 438 1044 tribrachys,
456 955 522 1018 aut
544 955 783 1042 anapestum,
806 945 974 1044 quoniam
1000 942 1075 1017 sint
1092 967 1228 1042 pares,-

119 1071 353 1134 cacometros
369 1061 553 1146 autem,si
575 1059 696 1134 aliter.
747 1059 850 1133 Num
869 1059 1015 1156 primus
1038 1068 1075 1132 et
1101 1060 1233 1133 tertius

121 1184 169 1246 et
186 1175 336 1272 quintus
352 1175 447 1250 donc
463 1175 664 1249 admittunt
677 1175 988 1272 permutationum
999 1173 1106 1270 pedis
1122 1173 1232 1247 licen-

124 1291 235 1362 tiam.
282 1290 405 1363 Causa
426 1291 580 1364 obscura
602 1288 728 1364 multis
751 1301 815 1377 est,
832 1292 898 1364 sed
921 1291 1114 1388 aperiatur
1130 1315 1153 1362 a
1169 1317 1232 1364 na-

126 1403 199 1478 bis.
242 1403 343 1478 Nom
359 1406 526 1503 quoniam
547 1415 604 1479 ter
614 1403 765 1506 feritur
782 1405 841 1478 iric
855 1429 993 1494 versus,
1009 1427 1151 1477 necesse
1166 1413 1230 1510 est,

125 1521 336 1620 ubieunque
351 1521 398 1594 ab
414 1523 490 1596 ictu
502 1522 746 1619 percussionis
762 1529 880 1608 vacat,
897 1544 1036 1592 marom
1062 1515 1232 1614 temporis

127 1636 269 1735 adjecti
283 1663 354 1710 non
356 1634 554 1737 formidet.
605 1639 653 1710 Iu
672 1637 793 1732 primo
813 1644 937 1708 autem
953 1633 1048 1732 pede
1064 1641 1099 1705 et
1121 1631 1231 1704 tertio

127 1752 263 1848 incipit
286 1763 321 1826 et
347 1753 386 1826 in
412 1754 548 1851 quinto,
560 1750 713 1853 seritur
738 1751 956 1825 insecundo
980 1757 1170 1848 etquorto
1195 1755 1232 1820 et

128 1876 243 1939 secto.

183 1980 342 2054 Attende
374 1985 398 2054 J
402 1983 508 2055 ubam
545 2005 690 2080 quoque
730 1980 831 2066 scire,
866 1978 1015 2052 inveniri
1054 1975 1259 2074 quosdam9

130 2093 284 2181 iambos,
302 2095 338 2167 in
357 2095 488 2193 quibus
513 2094 691 2169 secundus
717 2109 755 2167 et
779 2107 925 2192 quartus
951 2095 1087 2189 absque
1111 2092 1231 2163 obser-

131 2210 276 2282 vatione
306 2211 463 2308 ponitur,
490 2237 581 2308 quos
611 2219 829 2284 cocometros
857 2223 996 2281 vocant.
1057 2205 1162 2278 Idem
1193 2205 1230 2277 in

131 2323 242 2397 VIII.
288 2324 366 2402 Qui
388 2351 476 2424 ergo
493 2323 745 2425 confuderunt,
763 2335 798 2397 et
814 2320 1091 2422 multfformiter
1108 2319 1231 2419 conju-

129 2449 315 2538 gaverunt
337 2439 402 2513 icoc
422 2465 541 2540 genus
564 2465 746 2527 versuum,
764 2437 925 2510 comibus
942 2436 996 2509 'in
1014 2435 1102 2508 locis
1118 2433 1231 2535 indff-

119 2551 296 2653 ferentes
320 2555 492 2630 trochaos
516 2566 583 2630 aut
603 2581 673 2652 pro
698 2553 864 2652 spondeis
888 2561 954 2625 out
977 2577 1049 2648 pro
1075 2547 1232 2648 dactylis

132 2680 355 2766 pomerum:
374 2680 411 2743 et
421 2675 480 2744 'est
496 2671 569 2744 ineo
585 2695 725 2770 quoque
740 2669 872 2742 vitioso
888 2663 1061 2767 confusio,
1077 2674 1132 2754 ut,

262 2809 366 2894 Siqua
367 2809 507 2897 flogella
509 2812 661 2898 jugatis,
676 2819 750 2874 onte
758 2819 878 2896 putore
891 2809 1005 2886 scierat,

262 2909 316 2972 Ne
330 2911 467 2974 resoluta
480 2921 510 2975 et
524 2913 623 2976 vidua
637 2912 732 2976 nimis
745 2912 879 2975 sturnis

261 3010 349 3096 Agri
363 3011 530 3076 discidium
545 3013 623 3076 dore
637 3014 746 3100 Nysio
758 3035 841 3078 suro
854 3022 980 3100 qtuam.

186 3155 268 3227 Hac
285 3153 494 3227 confusione
512 3155 565 3227 usi
591 3175 675 3228 sunt
692 3157 821 3230 comici
845 3157 956 3232 nostri
980 3157 1016 3229 in
1041 3153 1230 3229 trochaicis
1246 3181 1275 3216 ιο

137 3270 221 3356 suis,
238 3281 280 3341 ut
302 3267 492 3342 indiscrete
509 3269 671 3369 dactylos
688 3271 744 3343 vel
770 3272 948 3370 spondeos
973 3272 1028 3344 vel
1053 3269 1230 3343 trochaeos

137 3395 319 3482 ponerent.
380 3385 435 3457 At
464 3384 552 3458 illud
580 3413 724 3484 quoque
753 3387 953 3476 sciendum,
980 3383 1077 3484 quod
1105 3409 1230 3458 omnes

138 3498 281 3595 quidem
307 3497 439 3570 crebris
466 3501 688 3599 synaloephis
712 3513 749 3573 et
773 3501 1057 3602 episynoloephis
1074 3515 1111 3574 et
1131 3499 1229 3574 colii·

139 3613 294 3684 sionibus
311 3625 349 3684 et
366 3613 626 3709 abjectionibus
648 3641 667 3688 s
693 3615 819 3690 litterae
838 3630 923 3691 sunt
941 3618 1008 3706 usi,
1026 3615 1230 3691 scandendo

139 3753 254 3800 versus
280 3753 376 3816 euos,
400 3728 591 3804 Terentius
621 3745 742 3804 autern
772 3733 854 3830 plus
882 3733 1062 3806 omnibus.
1113 3732 1270 3828 Igiturn

141 3844 172 3914 in
197 3842 376 3941 plerisque
401 3845 559 3944 prologis
576 3859 613 3918 et
637 3847 764 3946 primis
788 3849 904 3922 scenis
926 3849 1095 3921 trimetris
1123 3861 1230 3919 utun-

139 3971 200 4031 tur.
252 3957 399 4031 Plautus
416 3961 453 4031 in
471 3959 683 4034 Truculenti
701 3961 871 4061 prologo:

262 4081 463 4168 Perparvam
471 4092 599 4170 partem
607 4083 752 4170 postulat
766 4085 904 4148 Plautus
917 4083 976 4146 loci

261 4183 313 4246 De
327 4186 442 4248 vest-ris
457 4187 587 4274 mog-nis
596 4195 689 4273 atpru
703 4188 835 4249 arcanis
851 4185 1015 4262 manibus,

261 4285 401 4350 Athenas
415 4308 475 4373 quo
489 4289 558 4352 sina
571 4287 749 4351 architectis
762 4289 915 4373 conferat.

175 4450 240 4511 ivel
253 4454 338 4530 locis]
354 4459 441 4514 unicis
455 4457 494 4517 D.
509 4461 537 4516 in
553 4460 617 4516 lacis
630 4456 799 4518 Lindcmon.
814 4457 863 4537 qui
877 4462 951 4537 conj.
965 4461 1075 4518 uicibus.
1104 4517 1110 4526 ,
1152 4460 1229 4520 sde-

142 4551 247 4592 ceroere
262 4533 353 4593 soluta
366 4537 402 4592 D.
