3076 5140
308 433 380 492 240
693 413 812 488 Marii
833 411 1015 486 Victorini
1266 436 1342 486 ms.
1359 437 1413 486 iv.

307 601 422 675 susim
448 599 578 688 dicere,
596 597 633 672 id
660 625 724 671 nos
752 597 807 670 his
825 597 1072 670 voluminibus
1090 609 1260 694 quattuor
1284 623 1413 670 eonse-

307 729 420 800 cutos,
439 729 479 786 nt
497 715 526 788 si
545 739 678 788 novum
700 727 808 812 atque
834 713 1058 814 incognitum
1079 712 1223 786 auribus
1249 728 1410 786 metrum

308 844 555 906 commentum
576 855 613 902 se
630 827 809 926 quispiam
828 826 983 912 duxerit,
1000 827 1140 900 inficias
1162 828 1211 900 ire
1236 855 1309 901 non
1327 857 1413 927 pos-

308 947 354 1020 sit
372 945 415 1018 ed
443 945 522 1018 haec
543 943 641 1017 velut
666 943 830 1016 omnium
854 955 1046 1041 'generum
1073 943 1222 1031 semine,
1247 970 1329 1041 quae
1355 944 1413 1016 in-

307 1061 480 1160 vestigata
508 1087 528 1132 e
554 1059 656 1132 nobis
682 1071 719 1131 et
742 1057 828 1130 huic
852 1058 1114 1131 commentario
1131 1057 1261 1132 tradita
1278 1059 1413 1157 reperi-

308 1191 428 1266 untur,
447 1175 645 1248 necessario
663 1173 796 1259 referri,
813 1173 859 1270 nb
881 1171 1096 1270 iisdemque,
1120 1188 1160 1246 ut
1176 1175 1225 1246 ite
1241 1173 1412 1263 dixerim,

306 1289 466 1365 lontibus
492 1287 728 1390 proculdubio
750 1287 913 1378 derivari,
930 1301 1102 1386 praeteren
1119 1302 1319 1387 utcumque
1339 1289 1411 1360 sub

307 1407 441 1480 incerte
459 1419 567 1502 etque
585 1405 755 1502 ambigue
774 1403 893 1502 specie
919 1417 1020 1476 'estu
1042 1405 1280 1502 proferuntur,
1297 1407 1411 1505 proti·

308 1550 375 1597 nus
394 1523 643 1621 intellegamus
662 1517 756 1617 bqun
774 1535 970 1592 metrorum
989 1519 1126 1619 origine
1144 1537 1340 1620 procreate,
1353 1523 1410 1594 vel

307 1667 378 1738 que
404 1641 476 1713 sint
499 1637 636 1711 ratione
665 1633 824 1709 studiosa
847 1635 1047 1734 conposita,
1073 1663 1147 1735 quo
1172 1637 1280 1710 simul
1306 1652 1343 1710 et
1366 1665 1410 1710 es

308 1781 390 1851 quae
414 1753 543 1825 fallunt
564 1753 765 1824 inconnexa
783 1751 876 1822 inter
893 1777 930 1822 se
955 1767 1080 1842 metra,
1099 1755 1269 1852 magistra
1284 1755 1414 1827 lectio-

307 1869 362 1940 nis
380 1868 616 1940 instructione
635 1893 836 1956 noscamus,
854 1879 890 1938 et
908 1867 974 1966 ipsi
994 1895 1039 1940 ex
1057 1867 1160 1940 nobis
1185 1895 1288 1954 nova,
1306 1870 1411 1943 insti-

308 1999 415 2081 gante
432 1984 554 2083 gloria,
572 1984 797 2058 comminisci
816 2009 859 2056 sc
876 1982 1033 2083 proferre
1049 1984 1261 2082 ‘possimus

708 2167 1004 2197 -..,,,-,,,

435 2287 509 2366 En
526 2285 637 2366 AEiio
658 2287 780 2366 Festo
799 2285 1002 2394 Aptdonio
1021 2285 1069 2366 dc
1087 2285 1284 2366 carminis

680 2412 1025 2520 appellationibus.

357 2565 435 2651 sits
451 2575 506 2635 est
523 2562 713 2635 dulcedine
727 2563 805 2634 soni
823 2565 971 2634 verbum
992 2563 1147 2636 ⁰lexisve
1164 2563 1411 2662 pronuntiata.

306 2679 404 2753 Nam
430 2679 457 2751 si
486 2679 561 2750 sine
580 2679 687 2750 verbo
705 2703 813 2749 sonus
831 2677 1095 2774 pronuntietur,
1117 2677 1271 2774 ‘rpsirpa
1286 2678 1411 2752 idice-

307 2809 375 2866 tur.
428 2794 537 2867 Unde
556 2797 663 2866 etiem
683 2794 718 2865 in
737 2793 883 2890 tropicis
911 2793 994 2864 artis
1019 2793 1165 2866 musice
1182 2794 1318 2866 litterns
1345 2822 1410 2867 seu

307 2910 409 3008 signa
426 2909 589 3009 quiedam
615 2925 719 2984 tonos
747 2909 908 3009 proprios
933 2907 1194 3007 hexprimentis
1216 2909 1335 2982 media
1353 2910 1411 2982 in-

306 3025 526 3100 terveniente
550 3027 642 3100 linea
661 3027 710 3098 ita
728 3027 929 3114 enuntient,
947 3024 1001 3098 ’τὰ
1017 3027 1072 3120 μὲν
1088 3025 1143 3098 ἅνω
1160 3034 1215 3114 τῆς
1232 3027 1350 3113 λέξεως,
1367 3027 1410 3100 τὸ

280 3141 339 3214 2ὃέ
356 3143 436 3214 κάτω
453 3151 506 3230 τῆς
525 3143 679 3240 κρούσεως.
707 3140 814 3224 Quod
834 3149 971 3238 xpo'iopa
987 3142 1143 3213 variatur
1159 3165 1203 3212 ex
1222 3141 1412 3238 rhythmO,

306 3256 393 3330 dum
420 3273 571 3355 augetur
588 3273 650 3330 aut
667 3257 853 3346 minuitur,
870 3257 966 3330 etad
987 3284 1114 3330 sonum
1135 3255 1333 3354 l‘dirigitur‚
1351 3258 1410 3330 vel

306 3371 409 3470 pedis
436 3373 571 3467 ἐμμελὲς
589 3375 737 3445 verbum
761 3371 979 3456 enuntiatur,
996 3370 1139 3442 infinita
1159 3370 1254 3442 enim
1282 3395 1336 3441 res
1354 3385 1411 3442 est

307 3485 511 3582 rhythmos,
534 3513 618 3559 curn
647 3513 857 3586 usquequo
885 3488 982 3560 voles
1008 3485 1106 3558 vocis
1133 3512 1221 3559 sono
1246 3485 1411 3572 ducetur,

278 3599 430 3698 sibique
447 3627 553 3696 coges
571 3603 753 3699 quiescere
779 3603 841 3678 ubi
869 3603 997 3702 pedem
1017 3601 1183 3674 finiturus
1201 3627 1249 3674 es.
1264 3627 1267 3634 ·
1302 3600 1411 3682 Μέλος

307 3728 428 3789 autem
447 3715 542 3815 quod
562 3743 605 3789 ex
631 3717 686 3792 his
713 3721 885 3807 nascitur,
902 3719 1040 3792 dictum
1068 3732 1241 3818 putente
1268 3715 1411 3790 Meline

347 3981 524 4058 ²generum]
540 3999 643 4059 genera
658 3981 688 4038 P.
805 3983 909 4055 ΙΙειεῑιι]
927 3981 993 4039 estu
1008 3983 1039 4039 P.
1160 3977 1257 4056 bque]
1274 3998 1360 4056 quem
1375 3979 1409 4036 P.

307 4062 488 4138 ⁰possimus]
513 4080 670 4138 possemus.
715 4059 785 4118 AElii
804 4059 879 4119 Festi
897 4061 1035 4137 Apthonii
1050 4083 1073 4118 r.
1091 4083 1119 4139 p.
1141 4061 1176 4118 de
1196 4058 1293 4116 metris
1312 4061 1409 4118 omni-

306 4142 360 4198 bns
381 4140 493 4217 explicit
515 4141 562 4199 lib.
578 4141 649 4198 1111.
667 4139 793 4198 feliciter.
815 4154 892 4198 utere
915 4143 1058 4220 Stephane
1079 4143 1199 4218 scriptor
1217 4151 1247 4197 et
1265 4141 1356 4198 lector
1375 4141 1408 4198 P.

307 4221 439 4298 Sequitur
453 4223 482 4278 in
503 4222 534 4278 P.
551 4233 704 4278 metrorum
723 4221 945 4279 Horatiuuorum
966 4221 1049 4280 index
1065 4241 1084 4298 9
1102 4243 1149 4300 pp.
1166 4233 1310 4280 constans.
1347 4221 1409 4277 De-

306 4301 373 4360 inde
395 4301 461 4360 Ode
483 4315 526 4360 est
545 4315 599 4359 etc.
703 4311 716 4344 θ
738 4303 841 4360 lexisve
862 4303 1061 4379 pronunciata]
1087 4303 1149 4380 lege
1167 4321 1217 4358 sua
1237 4299 1409 4378 pronuncia·

305 4396 365 4439 tnni
383 4383 414 4440 P.
498 4379 644 4458 inpotem]
661 4402 773 4440 crusina
787 4383 817 4440 P.
833 4381 917 4439 etsie
933 4403 1005 4440 mox.
1087 4393 1104 4439 s
1118 4382 1240 4457 dicetur]
1258 4381 1362 4440 dicitur
1376 4383 1408 4438 P.

304 4459 319 4504 ¹¹
334 4461 534 4540 exprimentis]
551 4461 735 4538 exprimentia
751 4462 842 4520 medin
856 4464 889 4520 P.
990 4461 1039 4520 lsi
1054 4465 1169 4538 μὲν-τὸ
1183 4463 1222 4536 tt]
1238 4467 1272 4520 τὰ
1286 4463 1409 4536 μὲν-τὰ

305 4543 330 4602 ll
347 4543 378 4601 P.
461 4541 477 4585 Β
491 4542 634 4622 dirigitur]
648 4541 741 4618 dirigit
755 4544 785 4599 P.
