3076 5140
131 437 214 488 car.
230 429 286 488 15.
340 413 406 486 De
422 411 616 512 Anapoerti
632 414 741 486 metri
753 415 951 513 galeribus
968 413 1035 509 dyc.
1163 426 1229 488 18³

133 598 328 696 ‘adempta
345 599 443 670 enim
471 598 588 697 prima
614 597 740 670 initiali
759 611 797 670 et
813 597 918 670 tertis
936 598 1065 670 ultima
1080 597 1233 696 syllaba,

1 775 2 778 ,
133 713 205 800 fiet,

234 828 339 900 Tube
357 827 558 901 lersibr'lem
574 830 730 902 sonitum
748 827 847 900 dedit
861 853 937 902 aere
953 841 1092 902 ἀπο.

135 944 346 1032 Percutitur,
371 961 412 1016 ut
436 941 546 1031 vides,
570 943 761 1042 anapestis
788 956 969 1038 quattuor,
995 944 1125 1016 murno
1151 945 1234 1018 bac·
1249 967 1276 1020 u

135 1060 217 1132 chio
232 1087 256 1132 a
273 1059 372 1132 brevi
391 1057 597 1156 incipiente.
649 1059 758 1144 Item,

230 1174 308 1248 Ast
325 1171 485 1274 egojom
500 1173 654 1248 Bromio
667 1171 816 1270 lbyosos
831 1171 1018 1246 celebrabo
1033 1179 1187 1248 ‘raram

137 1292 190 1364 Ex
209 1317 283 1388 quo
301 1289 537 1388 anapsesticus
554 1287 648 1374 talis,

234 1403 411 1504 Egoy'om
429 1403 580 1476 Bromio
594 1403 744 1502 lbyasos
760 1400 947 1476 celebrabo
964 1411 1061 1476 nolo.
1205 1453 1207 1458 -

138 1519 275 1592 Rursus
293 1520 528 1618 anapmsticus
547 1521 582 1592 in
598 1518 749 1592 heroum
764 1517 1019 1615 commigrabit
1033 1517 1103 1590 boc
1117 1517 1236 1608 modo,
1252 1537 1280 1585 rs

239 1634 322 1708 libi
337 1635 507 1708 nascitur
520 1659 624 1708 ornae
638 1659 759 1730 pecus,
776 1633 844 1708 libi
859 1633 989 1706 crescit
1006 1632 1140 1706 beders.

139 1749 238 1822 Huic
254 1750 285 1822 si
303 1749 461 1844 adjicias,
478 1773 557 1844 quae
585 1747 695 1821 heroo
711 1747 925 1836 detraxeras,
943 1748 977 1822 id
995 1762 1062 1833 est,
1081 1747 1234 1848 pdmam

137 1880 171 1938 et
188 1865 333 1938 tertiam
351 1864 540 1962 syllabam,
558 1865 620 1936 fiet
637 1889 758 1937 versus
777 1863 919 1949 herous,
936 1863 996 1948 ita,

161 1979 263 2054 Nom
281 1979 349 2052 libi
364 1979 530 2052 noscitur
545 2004 649 2052 omne
662 2003 784 2076 pecus,
802 1977 870 2050 libi
886 1980 1015 2052 crescit
1032 1989 1068 2052 cl
1084 1979 1218 2054 bedas.

188 2093 245 2165 lta
259 2118 306 2165 cx
324 2119 361 2164 se
374 2119 438 2192 per
451 2092 688 2188 adjectionem
704 2091 1038 2190 detractionemque
1057 2108 1236 2192 parantur.
1255 2127 1283 2176 ι,

139 2208 299 2304 Ideoque
329 2234 348 2278 a
374 2207 590 2304 quibusdam
620 2223 821 2304 anapaestus
851 2206 1091 2307 antidactylus
1120 2209 1238 2282 dictus

138 2337 204 2412 cst,
220 2349 305 2395 cum
325 2321 486 2418 ejusdem
504 2321 731 2420 cognationis
751 2321 834 2417 jure
856 2321 1009 2420 proximi
1029 2323 1069 2396 in
1086 2323 1238 2396 eandem

140 2455 344 2538 temporum
365 2437 483 2534 legem
509 2463 774 2534 numerumque
791 2451 1017 2510 oenourrant.
1069 2437 1146 2511 Hic
1161 2465 1236 2512 ver-
1254 2469 1285 2508 so

141 2581 200 2626 sus
217 2556 264 2626 sb
278 2553 487 2626 Archebulo
501 2553 743 2626 Archebulius
756 2551 874 2626 dietus
890 2567 957 2642 cst,
974 2581 1046 2628 uon
1061 2555 1140 2654 ipso
1157 2581 1241 2628 auc·

141 2687 217 2742 tore
239 2668 370 2753 editus,
393 2668 455 2741 sed
482 2669 527 2741 ab
557 2696 601 2742 eo
622 2670 826 2768 frequenter
850 2684 1062 2769 usurpatuss
1090 2697 1172 2744 nam
1205 2683 1242 2746 et

143 2785 278 2882 Ibycus
295 2797 333 2856 et
351 2781 522 2856 Pindarus
540 2801 577 2857 et
594 2785 799 2858 Simonides
822 2785 891 2858 hoc
909 2812 1012 2859 versu
1030 2787 1136 2888 longe
1160 2802 1242 2860 ante

145 2899 196 2972 usi
222 2899 473 2972 ostenduntur.
526 2900 712 2999 Proprium
740 2915 860 2974 autem
889 2901 1153 2976 Archebulium
1176 2917 1284 2992 est,21

144 3013 263 3112 'quod
283 3028 425 3087 constat
447 3015 565 3088 ionico
580 3014 639 3090 ἀπὸ
653 3015 796 3112 μείζονος,
814 3016 1085 3114 insequentibus
1103 3018 1243 3090 duobus

143 3129 297 3228 dactylis
314 3145 351 3200 et
368 3129 508 3202 duobus
527 3131 702 3206 trochaeis.
749 3132 895 3232 Recipit
912 3146 948 3203 et
966 3147 1185 3230 anapaestum
1205 3133 1242 3206 in

144 3245 216 3316 line
234 3259 270 3317 et
289 3243 487 3344 spondeum
509 3271 573 3344 pro
590 3248 759 3336 trochoeo,
773 3245 834 3320 scd
853 3261 890 3320 et
908 3247 1097 3320 bacchium
1113 3275 1133 3321 a
1147 3249 1242 3322 brevi

144 3359 399 3460 incipientem:
425 3361 534 3457 hujus
552 3363 760 3461 exemplum
780 3377 845 3451 est,
970 3355 971 3358 ¹

244 3475 336 3549 Jum
348 3502 416 3573 pes
432 3503 544 3550 novus
561 3487 672 3577 alque
688 3485 829 3550 metron
839 3477 965 3575 placet
982 3477 1192 3552 Arcbeboli.

146 3592 465 3690 'Nonnumquam
495 3592 531 3664 in
555 3593 625 3666 hoe
648 3619 713 3692 pro
736 3592 853 3692 prims
881 3593 1016 3692 syllaba
1037 3595 1143 3694 longa
1165 3595 1286 3670 dusera

146 3710 273 3780 breves
292 3721 493 3806 ponuntur:
522 3724 572 3798 ut,

250 3823 333 3896 Tibi
348 3825 512 3898 comitur
528 3851 632 3898 omne
645 3849 768 3922 pecten
785 3823 852 3898 libi
869 3825 999 3898 crescit
1016 3825 1139 3898 berlo.

146 3937 240 4010 Item
260 3939 506 4012 Archebulion
525 3941 641 4039 primo
659 3940 796 4038 syllaba
814 3939 963 4036 adjecta,

245 4053 358 4127 Nunc
369 4057 526 4154 pangite
544 4055 649 4128 dulce
666 4055 776 4128 melon
792 4055 898 4130 Jovls
914 4053 1012 4128 olma
1023 4053 1159 4151 proles.

147 4165 245 4240 Nam
277 4169 491 4269 sesquipede
524 4171 609 4245 huie
639 4173 792 4260 sublato,
818 4173 853 4245 id
884 4185 938 4244 est
966 4173 1248 4272 nunepongile,

146 4283 213 4354 erit
229 4283 497 4384 decssyllsbum
516 4287 720 4378 Alcinoum,
737 4287 800 4373 sic,

187 4433 340 4509 rademto]
358 4435 523 4513 adulempts
536 4437 567 4494 P.
691 4437 815 4510 ὀψο]
829 4453 944 4492 recturo
958 4436 989 4492 P.
1109 4440 1245 4514 trenato]

150 4538 217 4583 nato
232 4527 263 4584 Ρ.
350 4529 469 4605 unod]
487 4530 533 4608 qui
549 4531 583 4589 P.
664 4533 930 4611 sNonnunquam]
945 4519 1200 4630 Nfflnumqusm
1216 4537 1247 4593 Ρ.
