3012 5084
274 409 324 484 66
665 405 786 481 Marii
806 405 988 480 Victorim
1168 473 1170 482 ,
1253 425 1328 475 urs.
1346 425 1371 475 r.

275 591 370 666 faeta
381 617 484 664 versu
494 589 728 664 dhexametro
739 587 1106 688 comprehenduntur,
1117 583 1233 682 ‘quod
1248 586 1375 658 Graeca

276 706 539 805 significatione
557 704 693 777 dictum
709 717 838 804 putant
847 703 906 776 dcl
916 713 968 776 τοῦ
980 703 1104 776 isesias
1123 701 1294 800 ἐναῦτῷτᾶ
1307 704 1375 790 ἑξῆς

274 825 353 920 μέρη
369 831 432 902 τοῖς
448 819 584 915 κρότοις,
602 818 638 891 ld
657 834 722 906 est,
738 818 833 916 quod
853 818 986 918 primas
1004 831 1122 916 partes
1139 815 1216 912 ejus
1233 816 1375 890 ‘cetera

247 937 520 1034 sinsequantur.
574 934 659 1008 Hoc
680 948 796 1006 metro
814 933 998 1006 Homerus
1023 932 1197 1004 svirtutes
1223 931 1375 1004 heroum

275 1065 329 1123 est
346 1049 593 1149 hprosecutus,
611 1049 703 1122 sicut
722 1049 897 1122 Horatius
915 1050 1022 1123 refert
1038 1047 1174 1132 dicens,

351 1165 426 1238 Res
441 1176 554 1264 geste
569 1189 769 1263 regumque
785 1165 987 1262 ducumque
1004 1173 1040 1236 et
1058 1163 1180 1236 tristia
1197 1161 1304 1250 bellu,

355 1279 437 1358 Quo
453 1281 565 1353 scribi
577 1290 723 1376 possent
739 1303 900 1366 numeru,
916 1280 1135 1352 monstravit
1150 1277 1346 1352 Homerus.

247 1393 380 1468 ⁶Idem
412 1408 449 1468 et
479 1395 664 1494 Pythium,
692 1394 789 1492 quod
818 1395 1007 1467 interfecto
1034 1393 1167 1491 Pythio
1200 1392 1376 1465 l‘dracone

276 1507 518 1606 compositum
554 1531 631 1580 esse
669 1508 820 1596 dicatur,
854 1535 937 1584 cum
973 1508 1201 1606 Delphorum
1247 1505 1374 1579 incolae

276 1623 419 1696 laudem
437 1623 618 1722 Apollinis
637 1625 687 1696 ita
705 1637 1015 1724 persequerentur,

538 1739 686 1826 ἴηπωᾶν,
705 1739 734 1828 in
751 1745 855 1828 παιάν,
874 1739 905 1828 iu
922 1742 1025 1826 παιάν,

251 1853 374 1950 rquod
405 1869 545 1926 constat
574 1881 619 1927 ex
650 1855 819 1954 spondeis
855 1879 929 1928 sex.
983 1853 1085 1926 ldem
1121 1854 1186 1924 erit
1220 1865 1256 1922 et
1286 1851 1375 1921 iam-

276 1969 398 2041 bicum
418 1967 633 2058 trimetrum,
651 1971 678 2041 si
706 2003 716 2042 ι
740 1971 907 2058 litteram,
925 1995 1005 2065 quae
1022 1967 1196 2042 dichrona
1213 1981 1278 2054 est,
1296 1975 1376 2038 cor'-

276 2085 395 2181 ripias.
446 2087 489 2157 In
522 2084 577 2156 his
605 2085 702 2158 enim
733 2084 895 2184 ¹dactylo
924 2097 961 2156 et
991 2083 1147 2156 iambico
1179 2097 1373 2153 metrorum

276 2198 441 2271 omnium
458 2199 695 2274 fundamenta
714 2200 922 2272 subsistunt.
974 2199 1059 2272 Hoc
1076 2197 1224 2294 quidam
1243 2224 1264 2268 a
1280 2197 1376 2268 Lino

278 2313 457 2410 Apollinis
484 2314 654 2404 antistite,
684 2315 743 2387 alii
773 2315 819 2388 ab
845 2314 1007 2412 Orpheo,
1033 2311 1196 2384 nonnulli
1223 2312 1269 2384 ab
1295 2309 1377 2383 Ho-

251 2445 380 2500 smero
395 2429 582 2501 inventum
602 2443 742 2528 putant.
795 2429 970 2501 Melicum
991 2441 1109 2500 autern
1135 2428 1186 2500 sic
1210 2441 1252 2499 ut
1271 2425 1378 2523 Lyri-

278 2569 375 2629 cum,
392 2544 488 2642 quod
507 2545 550 2616 ad
571 2545 853 2618 modulationem
878 2547 962 2642 lyrae
982 2547 1173 2619 citharaeve
1188 2545 1377 2643 componi-

279 2671 349 2745 tur,
375 2660 468 2730 sicut
493 2659 578 2732 fecit
606 2660 749 2733 Atcaeus
777 2675 814 2733 et
843 2661 1033 2761 ¹¹²Sappbo,
1059 2688 1149 2759 quos
1176 2661 1374 2758 plurimum

252 2787 336 2845 sest
382 2785 548 2846 ¹'secutus
589 2773 774 2847 Horatius.
826 2775 982 2848 Carmen
1026 2791 1146 2848 autem
1187 2776 1376 2875 Lyricum,

280 2902 384 2960 ⁰cum
419 2903 533 2962 metro
561 2891 741 2979 subsistat,
770 2903 890 2988 potest
911 2905 1033 2964 tamen
1063 2891 1172 2963 videri
1197 2903 1297 2963 extra
1323 2891 1376 2964 le·

279 3027 361 3099 gem
397 3004 501 3076 metn'
537 3031 625 3092 csse,
655 3007 740 3103 quia
774 3006 887 3078 libero
916 3006 1102 3078 scribentis
1137 3005 1283 3078 arbitrio
1312 3031 1377 3104 per

237 3139 267 3176 ιο
279 3117 471 3214 rhythmos
496 3117 663 3216 exigitur.
713 3119 907 3218 Tragicum
935 3133 1070 3207 autem,
1094 3118 1191 3217 quod
1214 3119 1377 3193 trimetro

281 3232 393 3326 magis
421 3255 523 3304 versu
551 3233 791 3330 componitur,
817 3261 891 3332 quo
917 3233 972 3306 usi
1002 3248 1086 3307 sunt
1113 3235 1310 3334 Sophocles
1339 3249 1376 3308 et

236 3371 262 3404 n
277 3341 481 3440 Euripides.
531 3347 721 3420 Comicum
741 3373 824 3420 vero
841 3348 937 3420 varia
953 3373 1121 3422 versuum
1148 3365 1186 3422 et
1209 3350 1375 3422 modulo-

278 3479 358 3528 rum
378 3455 455 3553 lege
472 3460 715 3556 compositum
733 3465 918 3560 reperitur,
935 3465 1029 3538 sicut
1051 3466 1264 3564 plerumque
1281 3467 1376 3562 apud

236 3602 265 3636 n
279 3569 536 3657 Menandrum,
567 3573 627 3644 sed
663 3589 700 3647 et
728 3577 828 3660 alios.
854 3580 1118 3676 cognoscimus.
1172 3581 1374 3653 Metrorum

278 3709 409 3782 genera
426 3685 495 3756 alia
518 3711 538 3756 a
563 3685 633 3758 Dis
659 3689 847 3786 appellata,
872 3705 911 3764 ut
936 3691 1241 3789 dithyrambicon,
1259 3695 1377 3767 'Pria

278 3801 385 3896 pion:
413 3799 482 3873 alia
509 3801 553 3872 ab
583 3799 840 3892 inventoribus,
868 3819 908 3876 ut
934 3807 1245 3898 tArcbilocbiurn,
1272 3809 1378 3881 Sota-

283 4030 288 4040 ·
319 3944 526 4023 dhexametro]
541 3964 683 4010 exametro
698 3953 730 4010 P.
807 3955 924 4030 equod]
939 3957 1037 4032 quoeP
1068 3957 1138 4015 Mox
1153 3943 1247 4016 addidi
1258 3967 1298 4015 est
1311 3969 1378 4036 post

279 4029 318 4084 sd.
401 4025 546 4103 scetere]
564 4041 656 4088 cetere
670 4033 702 4089 P.
773 4034 1066 4110 trinutesberoum]
1084 4039 1200 4096 heroum
1216 4039 1330 4096 rimarer
1344 4041 1375 4096 P.

279 4102 510 4182 hprosequutus]
524 4121 689 4185 prosecutus
703 4111 734 4168 P.
799 4109 963 4190 ¹‘drueone]
978 4114 1129 4174 draconem
1145 4118 1177 4175 P.
1235 4117 1378 4176 liambieo

280 4197 310 4242 et
323 4185 447 4262 dactylo]
465 4187 568 4245 dactilo
582 4201 610 4245 et
624 4189 746 4248 iambico
761 4193 792 4249 P.
884 4203 908 4234 Ν
922 4195 1030 4271 Sopho]
1048 4195 1167 4288 Sappho
1183 4197 1225 4290 P..
1265 4275 1271 4288 ⁵
1302 4207 1318 4238 ὓ
1332 4216 1377 4254 se.

280 4283 338 4401 23?
333 4267 860 4424 lli.’s⁰.ttti·.....⁰ctl'.2l.tt¹‘
875 4273 1333 4431 l·....l.{'t:t:3¹l.tttt¹tt
1345 4277 1376 4414 ¹133

439 4474 468 4530 6.
484 4474 598 4552 Pythio]
615 4476 634 4534 f.
650 4477 776 4550 Pythone
789 4479 906 4538 Santeu.
920 4481 986 4538 Ter.
1002 4481 1096 4540 Maur.
1112 4503 1139 4560 p.
1153 4500 1218 4559 ¹³9·
