<?xml version="1.0" encoding="UTF-8"?>
<!DOCTYPE html PUBLIC "-//W3C//DTD XHTML 1.0 Transitional//EN"
    "http://www.w3.org/TR/xhtml1/DTD/xhtml1-transitional.dtd">
<html xmlns="http://www.w3.org/1999/xhtml" xml:lang="en" lang="en">
 <head>
  <title>
</title>
<meta http-equiv="Content-Type" content="text/html;charset=utf-8" />
  <meta name='ocr-system' content='tesseract 3.04.00' />
  <meta name='ocr-capabilities' content='ocr_page ocr_carea ocr_par ocr_line ocrx_word'/>
</head>
<body>
  <div class='ocr_page' id='page_1' title='image "./scriptoreslatin00gaisgoog_0235.png"; bbox 0 0 3076 5140; ppageno 0'>
   <div class='ocr_carea' id='block_1_1' title="bbox 110 404 1223 504">
    <p class='ocr_par' dir='ltr' id='par_1_1' title="bbox 110 404 1223 504">
     <span class='ocr_line' id='line_1_1' title="bbox 110 404 1223 504; baseline -0.002 -22"><span class='ocrx_word' id='word_1_1' title='bbox 110 431 201 491; x_wconf 67' lang='lat' dir='ltr'><strong>cae.</strong></span> <span class='ocrx_word' id='word_1_2' title='bbox 214 423 249 490; x_wconf 76' lang='lat'><strong>1.</strong></span> <span class='ocrx_word' id='word_1_3' title='bbox 267 407 334 482; x_wconf 89' lang='lat' dir='ltr'><strong>De</strong></span> <span class='ocrx_word' id='word_1_4' title='bbox 350 407 520 482; x_wconf 69' lang='lat' dir='ltr'><strong>connexis</strong></span> <span class='ocrx_word' id='word_1_5' title='bbox 536 406 633 486; x_wconf 80' lang='lat' dir='ltr'><strong>inter</strong></span> <span class='ocrx_word' id='word_1_6' title='bbox 648 431 689 486; x_wconf 78' lang='lat' dir='ltr'><strong>se</strong></span> <span class='ocrx_word' id='word_1_7' title='bbox 705 415 814 504; x_wconf 79' lang='lat' dir='ltr'><strong>utque</strong></span> <span class='ocrx_word' id='word_1_8' title='bbox 829 404 1040 478; x_wconf 78' lang='lat' dir='ltr'><strong>inconneais</strong></span> <span class='ocrx_word' id='word_1_9' title='bbox 1058 404 1125 500; x_wconf 77' lang='lat'><strong>850.</strong></span> <span class='ocrx_word' id='word_1_10' title='bbox 1151 419 1223 486; x_wconf 78' lang='lat'><strong>215</strong></span> 
     </span>
    </p>
   </div>
   <div class='ocr_carea' id='block_1_2' title="bbox 111 587 1290 2104">
    <p class='ocr_par' dir='ltr' id='par_1_2' title="bbox 111 587 1290 1145">
     <span class='ocr_line' id='line_1_2' title="bbox 111 587 1228 691; baseline -0.002 -25"><span class='ocrx_word' id='word_1_11' title='bbox 111 593 300 672; x_wconf 75' lang='lat' dir='ltr'><strong>trocheus</strong></span> <span class='ocrx_word' id='word_1_12' title='bbox 327 591 466 691; x_wconf 88' lang='lat' dir='ltr'><strong>primus</strong></span> <span class='ocrx_word' id='word_1_13' title='bbox 493 589 727 690; x_wconf 69' lang='lat' dir='ltr'>sequentibus</span> <span class='ocrx_word' id='word_1_14' title='bbox 754 587 914 688; x_wconf 86' lang='lat' dir='ltr'><strong>spondeo</strong></span> <span class='ocrx_word' id='word_1_15' title='bbox 936 602 974 664; x_wconf 89' lang='lat' dir='ltr'><strong>et</strong></span> <span class='ocrx_word' id='word_1_16' title='bbox 997 587 1142 688; x_wconf 78' lang='lat' dir='ltr'>dactylo</span> <span class='ocrx_word' id='word_1_17' title='bbox 1164 589 1228 667; x_wconf 72' lang='lat' dir='ltr'><strong>de</strong></span> 
     </span>
     <span class='ocr_line' id='line_1_3' title="bbox 115 703 1227 802; baseline -0.001 -21"><span class='ocrx_word' id='word_1_18' title='bbox 115 709 208 782; x_wconf 91' lang='lat' dir='ltr'><strong>hinc</strong></span> <span class='ocrx_word' id='word_1_19' title='bbox 234 707 377 786; x_wconf 90' lang='lat' dir='ltr'><strong>duobus</strong></span> <span class='ocrx_word' id='word_1_20' title='bbox 400 705 567 788; x_wconf 63' lang='lat' dir='ltr'><strong>trochleis</strong></span> <span class='ocrx_word' id='word_1_21' title='bbox 588 703 745 792; x_wconf 82' lang='lat' dir='ltr'>extimis,</span> <span class='ocrx_word' id='word_1_22' title='bbox 771 703 901 802; x_wconf 84' lang='lat' dir='ltr'><strong>digesti</strong></span> <span class='ocrx_word' id='word_1_23' title='bbox 925 704 1125 792; x_wconf 79' lang='lat' dir='ltr'><strong>videantur,</strong></span> <span class='ocrx_word' id='word_1_24' title='bbox 1151 705 1227 785; x_wconf 82' lang='lat' dir='ltr'><strong>effi·</strong></span> 
     </span>
     <span class='ocr_line' id='line_1_4' title="bbox 118 821 1290 923; baseline -0.007 -25"><span class='ocrx_word' id='word_1_25' title='bbox 118 826 259 898; x_wconf 79' lang='lat' dir='ltr'><strong>cientes</strong></span> <span class='ocrx_word' id='word_1_26' title='bbox 285 823 510 923; x_wconf 88' lang='lat' dir='ltr'><strong>Sapphicum</strong></span> <span class='ocrx_word' id='word_1_27' title='bbox 536 835 705 896; x_wconf 89' lang='lat' dir='ltr'><strong>metrum.</strong></span> <span class='ocrx_word' id='word_1_28' title='bbox 756 821 928 922; x_wconf 91' lang='lat' dir='ltr'><strong>Denique</strong></span> <span class='ocrx_word' id='word_1_29' title='bbox 956 835 997 903; x_wconf 89' lang='lat' dir='ltr'><strong>ut</strong></span> <span class='ocrx_word' id='word_1_30' title='bbox 1023 821 1076 896; x_wconf 78' lang='lat' dir='ltr'><strong>¹in</strong></span> <span class='ocrx_word' id='word_1_31' title='bbox 1106 837 1290 896; x_wconf 81' lang='lat' dir='ltr'><strong>exem-106</strong></span> 
     </span>
     <span class='ocr_line' id='line_1_5' title="bbox 119 936 1230 1041; baseline 0 -30"><span class='ocrx_word' id='word_1_32' title='bbox 119 941 225 1040; x_wconf 91' lang='lat' dir='ltr'><strong>plum</strong></span> <span class='ocrx_word' id='word_1_33' title='bbox 246 939 443 1012; x_wconf 75' lang='lat' dir='ltr'><strong>trochaeum</strong></span> <span class='ocrx_word' id='word_1_34' title='bbox 471 937 656 1041; x_wconf 73' lang='lat' dir='ltr'><strong>lseparem</strong></span> <span class='ocrx_word' id='word_1_35' title='bbox 676 936 877 1030; x_wconf 79' lang='lat' dir='ltr'><strong>afferamus,</strong></span> <span class='ocrx_word' id='word_1_36' title='bbox 894 938 941 1012; x_wconf 90' lang='lat' dir='ltr'><strong>sit</strong></span> <span class='ocrx_word' id='word_1_37' title='bbox 958 961 1080 1022; x_wconf 75' lang='lat' dir='ltr'><strong>versuo</strong></span> <span class='ocrx_word' id='word_1_38' title='bbox 1105 937 1230 1035; x_wconf 89' lang='lat' dir='ltr'><strong>hujus·</strong></span> 
     </span>
     <span class='ocr_line' id='line_1_6' title="bbox 122 1055 238 1145; baseline 0 -17"><span class='ocrx_word' id='word_1_39' title='bbox 122 1055 238 1145; x_wconf 90' lang='lat' dir='ltr'><strong>modi,</strong></span> 
     </span>
    </p>

    <p class='ocr_par' dir='ltr' id='par_1_3' title="bbox 124 1165 1232 1864">
     <span class='ocr_line' id='line_1_7' title="bbox 281 1165 982 1270; baseline 0.006 -28"><span class='ocrx_word' id='word_1_40' title='bbox 281 1166 690 1250; x_wconf 62' lang='lat' dir='ltr'><strong>comminuendo</strong></span> <span class='ocrx_word' id='word_1_41' title='bbox 708 1165 811 1270; x_wconf 82' lang='lat' dir='ltr'><strong>Rufe</strong></span> <span class='ocrx_word' id='word_1_42' title='bbox 826 1195 982 1258; x_wconf 66' lang='lat' dir='ltr'><strong>sevum,</strong></span> 
     </span>
     <span class='ocr_line' id='line_1_8' title="bbox 124 1307 1232 1410; baseline -0.001 -26"><span class='ocrx_word' id='word_1_43' title='bbox 124 1311 187 1409; x_wconf 88' lang='lat' dir='ltr'><strong>qui</strong></span> <span class='ocrx_word' id='word_1_44' title='bbox 215 1324 271 1383; x_wconf 88' lang='lat' dir='ltr'><strong>est</strong></span> <span class='ocrx_word' id='word_1_45' title='bbox 289 1309 496 1383; x_wconf 66' lang='lat' dir='ltr'><strong>Phalaecius.</strong></span> <span class='ocrx_word' id='word_1_46' title='bbox 522 1307 650 1381; x_wconf 81' lang='lat' dir='ltr'>Cernis</span> <span class='ocrx_word' id='word_1_47' title='bbox 678 1307 738 1381; x_wconf 89' lang='lat' dir='ltr'><strong>hic</strong></span> <span class='ocrx_word' id='word_1_48' title='bbox 756 1307 859 1410; x_wconf 71' lang='lat' dir='ltr'><strong>Rufe</strong></span> <span class='ocrx_word' id='word_1_49' title='bbox 877 1310 1078 1388; x_wconf 73' lang='lat' dir='ltr'><strong>trochaeum</strong></span> <span class='ocrx_word' id='word_1_50' title='bbox 1105 1335 1232 1383; x_wconf 87' lang='lat' dir='ltr'><strong>secun-</strong></span> 
     </span>
     <span class='ocr_line' id='line_1_9' title="bbox 124 1425 1232 1522; baseline -0.002 -22"><span class='ocrx_word' id='word_1_51' title='bbox 124 1427 213 1500; x_wconf 88' lang='lat' dir='ltr'><strong>dum</strong></span> <span class='ocrx_word' id='word_1_52' title='bbox 235 1429 281 1499; x_wconf 88' lang='lat' dir='ltr'><strong>ab</strong></span> <span class='ocrx_word' id='word_1_53' title='bbox 299 1425 430 1498; x_wconf 90' lang='lat' dir='ltr'><strong>ultimo</strong></span> <span class='ocrx_word' id='word_1_54' title='bbox 447 1425 537 1497; x_wconf 90' lang='lat' dir='ltr'><strong>nulli</strong></span> <span class='ocrx_word' id='word_1_55' title='bbox 558 1425 750 1514; x_wconf 76' lang='lat' dir='ltr'><strong>cohaerere,</strong></span> <span class='ocrx_word' id='word_1_56' title='bbox 765 1452 876 1522; x_wconf 90' lang='lat' dir='ltr'><strong>quem</strong></span> <span class='ocrx_word' id='word_1_57' title='bbox 903 1427 980 1500; x_wconf 88' lang='lat' dir='ltr'><strong>sine</strong></span> <span class='ocrx_word' id='word_1_58' title='bbox 1006 1427 1232 1500; x_wconf 82' lang='lat' dir='ltr'><strong>mutilatione</strong></span> 
     </span>
     <span class='ocr_line' id='line_1_10' title="bbox 126 1539 1232 1643; baseline 0 -28"><span class='ocrx_word' id='word_1_59' title='bbox 126 1569 250 1617; x_wconf 88' lang='lat' dir='ltr'><strong>versus</strong></span> <span class='ocrx_word' id='word_1_60' title='bbox 278 1556 340 1614; x_wconf 83' lang='lat' dir='ltr'><strong>aut</strong></span> <span class='ocrx_word' id='word_1_61' title='bbox 364 1541 469 1614; x_wconf 86' lang='lat' dir='ltr'><strong>metri</strong></span> <span class='ocrx_word' id='word_1_62' title='bbox 500 1539 629 1638; x_wconf 82' lang='lat' dir='ltr'><strong>¹possis</strong></span> <span class='ocrx_word' id='word_1_63' title='bbox 656 1541 782 1615; x_wconf 87' lang='lat' dir='ltr'><strong>tollere</strong></span> <span class='ocrx_word' id='word_1_64' title='bbox 813 1569 875 1616; x_wconf 83' lang='lat' dir='ltr'><strong>seu</strong></span> <span class='ocrx_word' id='word_1_65' title='bbox 901 1569 1046 1643; x_wconf 90' lang='lat' dir='ltr'><strong>ponere,</strong></span> <span class='ocrx_word' id='word_1_66' title='bbox 1077 1543 1170 1642; x_wconf 73' lang='lat' dir='ltr'><strong>¹¹¹qui</strong></span> <span class='ocrx_word' id='word_1_67' title='bbox 1202 1543 1232 1615; x_wconf 91' lang='lat' dir='ltr'><strong>si</strong></span> 
     </span>
     <span class='ocr_line' id='line_1_11' title="bbox 126 1655 1232 1758; baseline -0.003 -27"><span class='ocrx_word' id='word_1_68' title='bbox 126 1669 358 1758; x_wconf 81' lang='lat' dir='ltr'><strong>praeponatur</strong></span> <span class='ocrx_word' id='word_1_69' title='bbox 376 1655 503 1741; x_wconf 85' lang='lat' dir='ltr'><strong>versui,</strong></span> <span class='ocrx_word' id='word_1_70' title='bbox 522 1655 729 1752; x_wconf 88' lang='lat' dir='ltr'><strong>hujusmodi</strong></span> <span class='ocrx_word' id='word_1_71' title='bbox 748 1655 903 1730; x_wconf 84' lang='lat' dir='ltr'><strong>formam</strong></span> <span class='ocrx_word' id='word_1_72' title='bbox 924 1656 1232 1757; x_wconf 76' lang='lat' dir='ltr'><strong>hendecasyllabis</strong></span> 
     </span>
     <span class='ocr_line' id='line_1_12' title="bbox 128 1773 241 1864; baseline 0.018 -18"><span class='ocrx_word' id='word_1_73' title='bbox 128 1773 241 1864; x_wconf 86' lang='lat' dir='ltr'><strong>dabit,</strong></span> 
     </span>
    </p>

    <p class='ocr_par' dir='ltr' id='par_1_4' title="bbox 131 1869 967 2104">
     <span class='ocr_line' id='line_1_13' title="bbox 280 1869 967 1972; baseline 0.004 -16"><span class='ocrx_word' id='word_1_74' title='bbox 280 1869 383 1972; x_wconf 69' lang='lat' dir='ltr'><strong>Btffe</strong></span> <span class='ocrx_word' id='word_1_75' title='bbox 400 1895 581 1956; x_wconf 70' lang='lat' dir='ltr'><strong>waeran</strong></span> <span class='ocrx_word' id='word_1_76' title='bbox 598 1871 667 1956; x_wconf 76' lang='lat' dir='ltr'><strong>titt</strong></span> <span class='ocrx_word' id='word_1_77' title='bbox 681 1872 796 1956; x_wconf 82' lang='lat' dir='ltr'><strong>vendo</strong></span> <span class='ocrx_word' id='word_1_78' title='bbox 810 1897 967 1959; x_wconf 65' lang='lat' dir='ltr'><strong>anuum.</strong></span> 
     </span>
     <span class='ocr_line' id='line_1_14' title="bbox 131 2003 563 2104; baseline -0.002 -25"><span class='ocrx_word' id='word_1_79' title='bbox 131 2019 173 2079; x_wconf 89' lang='lat' dir='ltr'><strong>ut</strong></span> <span class='ocrx_word' id='word_1_80' title='bbox 190 2018 248 2078; x_wconf 89' lang='lat' dir='ltr'><strong>est</strong></span> <span class='ocrx_word' id='word_1_81' title='bbox 263 2003 359 2104; x_wconf 87' lang='lat' dir='ltr'><strong>apud</strong></span> <span class='ocrx_word' id='word_1_82' title='bbox 377 2003 563 2093; x_wconf 82' lang='lat' dir='ltr'>Flaccum,</span> 
     </span>
    </p>
   </div>
   <div class='ocr_carea' id='block_1_3' title="bbox 281 2143 969 2244">
    <p class='ocr_par' dir='ltr' id='par_1_5' title="bbox 281 2143 969 2244">
     <span class='ocr_line' id='line_1_15' title="bbox 281 2143 969 2244; baseline -0.001 -26"><span class='ocrx_word' id='word_1_83' title='bbox 281 2144 376 2218; x_wconf 74' lang='lat' dir='ltr'><strong>dom</strong></span> <span class='ocrx_word' id='word_1_84' title='bbox 391 2145 485 2218; x_wconf 73' lang='lat' dir='ltr'><strong>sutis</strong></span> <span class='ocrx_word' id='word_1_85' title='bbox 501 2145 611 2218; x_wconf 69' lang='lat' dir='ltr'><strong>terris</strong></span> <span class='ocrx_word' id='word_1_86' title='bbox 626 2145 722 2218; x_wconf 74' lang='lat' dir='ltr'><strong>nlols</strong></span> <span class='ocrx_word' id='word_1_87' title='bbox 739 2153 850 2244; x_wconf 84' lang='lat' dir='ltr'><strong>atque</strong></span> <span class='ocrx_word' id='word_1_88' title='bbox 867 2143 969 2232; x_wconf 80' lang='lat' dir='ltr'><strong>dirae,</strong></span> 
     </span>
    </p>
   </div>
   <div class='ocr_carea' id='block_1_4' title="bbox 133 2283 1298 2850">
    <p class='ocr_par' dir='ltr' id='par_1_6' title="bbox 133 2283 1298 2850">
     <span class='ocr_line' id='line_1_16' title="bbox 133 2283 1235 2386; baseline -0.004 -26"><span class='ocrx_word' id='word_1_89' title='bbox 133 2288 193 2386; x_wconf 92' lang='lat' dir='ltr'><strong>qui</strong></span> <span class='ocrx_word' id='word_1_90' title='bbox 212 2299 268 2360; x_wconf 90' lang='lat' dir='ltr'><strong>est</strong></span> <span class='ocrx_word' id='word_1_91' title='bbox 286 2286 510 2386; x_wconf 75' lang='lat' dir='ltr'><strong>sapphicus:</strong></span> <span class='ocrx_word' id='word_1_92' title='bbox 537 2311 646 2386; x_wconf 87' lang='lat' dir='ltr'><strong>quem</strong></span> <span class='ocrx_word' id='word_1_93' title='bbox 666 2285 864 2363; x_wconf 83' lang='lat' dir='ltr'><strong>trochaeum</strong></span> <span class='ocrx_word' id='word_1_94' title='bbox 883 2285 912 2357; x_wconf 89' lang='lat' dir='ltr'><strong>si</strong></span> <span class='ocrx_word' id='word_1_95' title='bbox 931 2284 974 2364; x_wconf 85' lang='lat' dir='ltr'><strong>ad</strong></span> <span class='ocrx_word' id='word_1_96' title='bbox 993 2283 1113 2364; x_wconf 86' lang='lat' dir='ltr'><strong>sedem</strong></span> <span class='ocrx_word' id='word_1_97' title='bbox 1133 2310 1235 2357; x_wconf 91' lang='lat' dir='ltr'><strong>suam</strong></span> 
     </span>
     <span class='ocr_line' id='line_1_17' title="bbox 134 2387 1298 2500; baseline -0.006 -24"><span class='ocrx_word' id='word_1_98' title='bbox 134 2401 363 2490; x_wconf 82' lang='lat' dir='ltr'><strong>revocaveris,</strong></span> <span class='ocrx_word' id='word_1_99' title='bbox 381 2387 598 2474; x_wconf 85' lang='lat' dir='ltr'><strong>Phalaeclum</strong></span> <span class='ocrx_word' id='word_1_100' title='bbox 619 2426 663 2472; x_wconf 88' lang='lat' dir='ltr'><strong>ex</strong></span> <span class='ocrx_word' id='word_1_101' title='bbox 683 2399 867 2500; x_wconf 85' lang='lat' dir='ltr'><strong>Sapphico</strong></span> <span class='ocrx_word' id='word_1_102' title='bbox 884 2427 1004 2474; x_wconf 85' lang='lat' dir='ltr'><strong>rursus</strong></span> <span class='ocrx_word' id='word_1_103' title='bbox 1017 2399 1159 2478; x_wconf 87' lang='lat' dir='ltr'><strong>efficies.</strong></span> <span class='ocrx_word' id='word_1_104' title='bbox 1187 2399 1237 2472; x_wconf 88' lang='lat' dir='ltr'><strong>Et</strong></span> <span class='ocrx_word' id='word_1_105' title='bbox 1253 2429 1298 2482; x_wconf 75' lang='lat'><strong>107</strong></span> 
     </span>
     <span class='ocr_line' id='line_1_18' title="bbox 136 2513 1238 2618; baseline -0.003 -28"><span class='ocrx_word' id='word_1_106' title='bbox 136 2533 176 2592; x_wconf 92' lang='lat' dir='ltr'><strong>nt</strong></span> <span class='ocrx_word' id='word_1_107' title='bbox 192 2545 257 2618; x_wconf 88' lang='lat' dir='ltr'><strong>per</strong></span> <span class='ocrx_word' id='word_1_108' title='bbox 274 2515 436 2590; x_wconf 84' lang='lat' dir='ltr'><strong>ordinem</strong></span> <span class='ocrx_word' id='word_1_109' title='bbox 456 2517 615 2617; x_wconf 87' lang='lat' dir='ltr'><strong>ipsorum</strong></span> <span class='ocrx_word' id='word_1_110' title='bbox 635 2515 875 2589; x_wconf 82' lang='lat' dir='ltr'><strong>trochaeorum</strong></span> <span class='ocrx_word' id='word_1_111' title='bbox 887 2515 995 2612; x_wconf 82' lang='lat' dir='ltr'><strong>juxta</strong></span> <span class='ocrx_word' id='word_1_112' title='bbox 1008 2513 1124 2613; x_wconf 89' lang='lat' dir='ltr'><strong>legem</strong></span> <span class='ocrx_word' id='word_1_113' title='bbox 1146 2515 1238 2588; x_wconf 90' lang='lat' dir='ltr'><strong>Pha-</strong></span> 
     </span>
     <span class='ocr_line' id='line_1_19' title="bbox 135 2629 1240 2738; baseline -0.002 -32"><span class='ocrx_word' id='word_1_114' title='bbox 135 2631 224 2706; x_wconf 86' lang='lat' dir='ltr'><strong>laecii</strong></span> <span class='ocrx_word' id='word_1_115' title='bbox 245 2659 266 2704; x_wconf 91' lang='lat' dir='ltr'><strong>e</strong></span> <span class='ocrx_word' id='word_1_116' title='bbox 283 2631 502 2708; x_wconf 82' lang='lat' dir='ltr'><strong>carminibus</strong></span> <span class='ocrx_word' id='word_1_117' title='bbox 528 2629 649 2704; x_wconf 89' lang='lat' dir='ltr'><strong>Flacci</strong></span> <span class='ocrx_word' id='word_1_118' title='bbox 672 2631 837 2735; x_wconf 85' lang='lat' dir='ltr'><strong>exempla</strong></span> <span class='ocrx_word' id='word_1_119' title='bbox 859 2631 1092 2738; x_wconf 79' lang='lat' dir='ltr'><strong>proferamus,</strong></span> <span class='ocrx_word' id='word_1_120' title='bbox 1111 2630 1157 2704; x_wconf 92' lang='lat' dir='ltr'><strong>sit</strong></span> <span class='ocrx_word' id='word_1_121' title='bbox 1175 2657 1240 2704; x_wconf 92' lang='lat' dir='ltr'><strong>no-</strong></span> 
     </span>
     <span class='ocr_line' id='line_1_20' title="bbox 136 2745 1239 2850; baseline -0.002 -30"><span class='ocrx_word' id='word_1_122' title='bbox 136 2748 189 2820; x_wconf 90' lang='lat' dir='ltr'><strong>bis</strong></span> <span class='ocrx_word' id='word_1_123' title='bbox 218 2746 278 2820; x_wconf 89' lang='lat' dir='ltr'><strong>ille</strong></span> <span class='ocrx_word' id='word_1_124' title='bbox 295 2773 429 2839; x_wconf 87' lang='lat' dir='ltr'><strong>versus,</strong></span> <span class='ocrx_word' id='word_1_125' title='bbox 447 2748 510 2850; x_wconf 90' lang='lat' dir='ltr'><strong>qui</strong></span> <span class='ocrx_word' id='word_1_126' title='bbox 528 2760 582 2825; x_wconf 86' lang='lat' dir='ltr'><strong>est</strong></span> <span class='ocrx_word' id='word_1_127' title='bbox 598 2747 738 2848; x_wconf 88' lang='lat' dir='ltr'><strong>primus</strong></span> <span class='ocrx_word' id='word_1_128' title='bbox 756 2746 852 2846; x_wconf 81' lang='lat' dir='ltr'><strong>apud</strong></span> <span class='ocrx_word' id='word_1_129' title='bbox 870 2746 1027 2828; x_wconf 89' lang='lat' dir='ltr'><strong>eundern</strong></span> <span class='ocrx_word' id='word_1_130' title='bbox 1050 2745 1087 2820; x_wconf 93' lang='lat' dir='ltr'><strong>in</strong></span> <span class='ocrx_word' id='word_1_131' title='bbox 1110 2745 1239 2818; x_wconf 88' lang='lat' dir='ltr'><strong>ultima</strong></span> 
     </span>
    </p>
   </div>
   <div class='ocr_carea' id='block_1_5' title="bbox 136 2861 217 2951">
    <p class='ocr_par' dir='ltr' id='par_1_7' title="bbox 136 2861 217 2951">
     <span class='ocr_line' id='line_1_21' title="bbox 136 2861 217 2951; baseline -0.012 -15"><span class='ocrx_word' id='word_1_132' title='bbox 136 2861 217 2951; x_wconf 89' lang='lat' dir='ltr'><strong>ode,</strong></span> 
     </span>
    </p>
   </div>
   <div class='ocr_carea' id='block_1_6' title="bbox 288 2975 925 3081">
    <p class='ocr_par' dir='ltr' id='par_1_8' title="bbox 288 2975 925 3081">
     <span class='ocr_line' id='line_1_22' title="bbox 288 2975 925 3081; baseline -0.002 -31"><span class='ocrx_word' id='word_1_133' title='bbox 288 2975 404 3051; x_wconf 71' lang='lat' dir='ltr'><strong>Mitte</strong></span> <span class='ocrx_word' id='word_1_134' title='bbox 419 2979 555 3054; x_wconf 78' lang='lat' dir='ltr'><strong>sectari</strong></span> <span class='ocrx_word' id='word_1_135' title='bbox 570 3003 655 3052; x_wconf 79' lang='lat' dir='ltr'><strong>roeo</strong></span> <span class='ocrx_word' id='word_1_136' title='bbox 670 3003 740 3081; x_wconf 82' lang='lat' dir='ltr'><strong>quo</strong></span> <span class='ocrx_word' id='word_1_137' title='bbox 758 2975 925 3050; x_wconf 76' lang='lat' dir='ltr'><strong>locorum.</strong></span> 
     </span>
    </p>
   </div>
   <div class='ocr_carea' id='block_1_7' title="bbox 137 3115 1302 3930">
    <p class='ocr_par' dir='ltr' id='par_1_9' title="bbox 137 3115 1302 3669">
     <span class='ocr_line' id='line_1_23' title="bbox 137 3115 1302 3226; baseline -0.002 -36"><span class='ocrx_word' id='word_1_138' title='bbox 137 3117 295 3226; x_wconf 75' lang='lat' dir='ltr'><strong>Priorem</strong></span> <span class='ocrx_word' id='word_1_139' title='bbox 314 3118 511 3192; x_wconf 78' lang='lat' dir='ltr'><strong>trochaeum</strong></span> <span class='ocrx_word' id='word_1_140' title='bbox 532 3119 685 3192; x_wconf 90' lang='lat' dir='ltr'><strong>liberum</strong></span> <span class='ocrx_word' id='word_1_141' title='bbox 704 3115 803 3190; x_wconf 89' lang='lat' dir='ltr'><strong>vides</strong></span> <span class='ocrx_word' id='word_1_142' title='bbox 821 3117 935 3195; x_wconf 79' lang='lat' dir='ltr'><strong>mitte.</strong></span> <span class='ocrx_word' id='word_1_143' title='bbox 964 3115 1039 3192; x_wconf 91' lang='lat' dir='ltr'><strong>Hic</strong></span> <span class='ocrx_word' id='word_1_144' title='bbox 1056 3116 1084 3188; x_wconf 89' lang='lat' dir='ltr'><strong>si</strong></span> <span class='ocrx_word' id='word_1_145' title='bbox 1101 3127 1302 3198; x_wconf 75' lang='lat' dir='ltr'><strong>mutato108</strong></span> 
     </span>
     <span class='ocr_line' id='line_1_24' title="bbox 137 3233 1242 3336; baseline -0.002 -30"><span class='ocrx_word' id='word_1_146' title='bbox 137 3233 263 3306; x_wconf 85' lang='lat' dir='ltr'><strong>ordine</strong></span> <span class='ocrx_word' id='word_1_147' title='bbox 273 3233 381 3330; x_wconf 88' lang='lat' dir='ltr'><strong>juxta</strong></span> <span class='ocrx_word' id='word_1_148' title='bbox 398 3233 515 3336; x_wconf 87' lang='lat' dir='ltr'><strong>legem</strong></span> <span class='ocrx_word' id='word_1_149' title='bbox 539 3233 800 3311; x_wconf 83' lang='lat' dir='ltr'><strong>Phalaeciorum</strong></span> <span class='ocrx_word' id='word_1_150' title='bbox 827 3234 966 3334; x_wconf 85' lang='lat' dir='ltr'><strong>primus</strong></span> <span class='ocrx_word' id='word_1_151' title='bbox 990 3259 1010 3306; x_wconf 92' lang='lat' dir='ltr'><strong>e</strong></span> <span class='ocrx_word' id='word_1_152' title='bbox 1034 3233 1147 3306; x_wconf 90' lang='lat' dir='ltr'><strong>tribus</strong></span> <span class='ocrx_word' id='word_1_153' title='bbox 1170 3246 1242 3305; x_wconf 88' lang='lat' dir='ltr'><strong>tro-</strong></span> 
     </span>
     <span class='ocr_line' id='line_1_25' title="bbox 137 3347 1242 3459; baseline 0 -37"><span class='ocrx_word' id='word_1_154' title='bbox 137 3349 249 3422; x_wconf 87' lang='lat' dir='ltr'><strong>cbaeis</strong></span> <span class='ocrx_word' id='word_1_155' title='bbox 268 3350 331 3450; x_wconf 91' lang='lat' dir='ltr'><strong>qui</strong></span> <span class='ocrx_word' id='word_1_156' title='bbox 349 3363 458 3427; x_wconf 78' lang='lat' dir='ltr'><strong>¹¹sunt</strong></span> <span class='ocrx_word' id='word_1_157' title='bbox 474 3365 559 3459; x_wconf 89' lang='lat' dir='ltr'><strong>post</strong></span> <span class='ocrx_word' id='word_1_158' title='bbox 575 3351 760 3452; x_wconf 86' lang='lat' dir='ltr'><strong>dactylum</strong></span> <span class='ocrx_word' id='word_1_159' title='bbox 780 3350 986 3438; x_wconf 87' lang='lat' dir='ltr'><strong>collocetur,</strong></span> <span class='ocrx_word' id='word_1_160' title='bbox 1002 3348 1108 3448; x_wconf 84' lang='lat' dir='ltr'><strong>longe</strong></span> <span class='ocrx_word' id='word_1_161' title='bbox 1125 3347 1242 3430; x_wconf 85' lang='lat' dir='ltr'><strong>diver-</strong></span> 
     </span>
     <span class='ocr_line' id='line_1_26' title="bbox 137 3465 1243 3566; baseline 0.005 -28"><span class='ocrx_word' id='word_1_162' title='bbox 137 3492 213 3538; x_wconf 87' lang='lat' dir='ltr'><strong>sam</strong></span> <span class='ocrx_word' id='word_1_163' title='bbox 235 3465 327 3538; x_wconf 90' lang='lat' dir='ltr'><strong>inter</strong></span> <span class='ocrx_word' id='word_1_164' title='bbox 345 3493 382 3538; x_wconf 86' lang='lat' dir='ltr'><strong>se</strong></span> <span class='ocrx_word' id='word_1_165' title='bbox 400 3469 567 3566; x_wconf 84' lang='lat' dir='ltr'><strong>figuram,</strong></span> <span class='ocrx_word' id='word_1_166' title='bbox 586 3493 668 3542; x_wconf 85' lang='lat' dir='ltr'><strong>curn</strong></span> <span class='ocrx_word' id='word_1_167' title='bbox 690 3468 736 3540; x_wconf 87' lang='lat' dir='ltr'><strong>sit</strong></span> <span class='ocrx_word' id='word_1_168' title='bbox 756 3465 853 3540; x_wconf 91' lang='lat' dir='ltr'><strong>idem</strong></span> <span class='ocrx_word' id='word_1_169' title='bbox 881 3480 989 3562; x_wconf 86' lang='lat' dir='ltr'><strong>atque</strong></span> <span class='ocrx_word' id='word_1_170' title='bbox 1015 3465 1163 3563; x_wconf 79' lang='lat' dir='ltr'><strong>integer,</strong></span> <span class='ocrx_word' id='word_1_171' title='bbox 1181 3465 1243 3548; x_wconf 78' lang='lat' dir='ltr'><strong>du-</strong></span> 
     </span>
     <span class='ocr_line' id='line_1_27' title="bbox 137 3581 287 3669; baseline 0.007 -16"><span class='ocrx_word' id='word_1_172' title='bbox 137 3581 204 3669; x_wconf 90' lang='lat' dir='ltr'><strong>bit,</strong></span> <span class='ocrx_word' id='word_1_173' title='bbox 222 3581 287 3669; x_wconf 89' lang='lat' dir='ltr'><strong>sic,</strong></span> 
     </span>
    </p>

    <p class='ocr_par' dir='ltr' id='par_1_10' title="bbox 139 3711 925 3930">
     <span class='ocr_line' id='line_1_28' title="bbox 291 3711 925 3814; baseline -0.002 -28"><span class='ocrx_word' id='word_1_174' title='bbox 291 3711 437 3787; x_wconf 79' lang='lat' dir='ltr'><strong>Sceleri</strong></span> <span class='ocrx_word' id='word_1_175' title='bbox 453 3740 538 3788; x_wconf 81' lang='lat' dir='ltr'><strong>roso</strong></span> <span class='ocrx_word' id='word_1_176' title='bbox 552 3715 657 3788; x_wconf 84' lang='lat' dir='ltr'><strong>mitte</strong></span> <span class='ocrx_word' id='word_1_177' title='bbox 673 3741 741 3814; x_wconf 82' lang='lat' dir='ltr'><strong>quo</strong></span> <span class='ocrx_word' id='word_1_178' title='bbox 755 3713 925 3788; x_wconf 70' lang='lat' dir='ltr'><strong>meorum.</strong></span> 
     </span>
     <span class='ocr_line' id='line_1_29' title="bbox 139 3843 359 3930; baseline -0.005 -12"><span class='ocrx_word' id='word_1_179' title='bbox 139 3845 242 3918; x_wconf 89' lang='lat' dir='ltr'><strong>Sicut</strong></span> <span class='ocrx_word' id='word_1_180' title='bbox 259 3843 359 3930; x_wconf 90' lang='lat' dir='ltr'><strong>illud,</strong></span> 
     </span>
    </p>
   </div>
   <div class='ocr_carea' id='block_1_8' title="bbox 290 3967 940 4184">
    <p class='ocr_par' dir='ltr' id='par_1_11' title="bbox 290 3967 940 4184">
     <span class='ocr_line' id='line_1_30' title="bbox 295 3967 940 4068; baseline -0.002 -25"><span class='ocrx_word' id='word_1_181' title='bbox 295 3967 423 4066; x_wconf 67' lang='lat' dir='ltr'><strong>Crispe</strong></span> <span class='ocrx_word' id='word_1_182' title='bbox 440 3969 610 4059; x_wconf 75' lang='lat' dir='ltr'><strong>Sallusti,</strong></span> <span class='ocrx_word' id='word_1_183' title='bbox 626 3971 701 4044; x_wconf 79' lang='lat' dir='ltr'><strong>nisi</strong></span> <span class='ocrx_word' id='word_1_184' title='bbox 717 3979 940 4068; x_wconf 72' lang='lat' dir='ltr'><strong>imperato:</strong></span> 
     </span>
     <span class='ocr_line' id='line_1_31' title="bbox 290 4083 932 4184; baseline -0.002 -24"><span class='ocrx_word' id='word_1_185' title='bbox 290 4083 451 4160; x_wconf 80' lang='lat' dir='ltr'><strong>Sallusti</strong></span> <span class='ocrx_word' id='word_1_186' title='bbox 467 4087 539 4160; x_wconf 80' lang='lat' dir='ltr'><strong>nisi</strong></span> <span class='ocrx_word' id='word_1_187' title='bbox 560 4087 690 4184; x_wconf 76' lang='lat' dir='ltr'><strong>Crispe</strong></span> <span class='ocrx_word' id='word_1_188' title='bbox 707 4096 932 4184; x_wconf 84' lang='lat' dir='ltr'><strong>temperato:</strong></span> 
     </span>
    </p>
   </div>
   <div class='ocr_carea' id='block_1_9' title="bbox 144 4224 1307 4326">
    <p class='ocr_par' dir='ltr' id='par_1_12' title="bbox 144 4224 1307 4326">
     <span class='ocr_line' id='line_1_32' title="bbox 144 4224 1307 4326; baseline 0.004 -30"><span class='ocrx_word' id='word_1_189' title='bbox 144 4238 178 4297; x_wconf 88' lang='lat' dir='ltr'><strong>et</strong></span> <span class='ocrx_word' id='word_1_190' title='bbox 203 4237 334 4314; x_wconf 88' lang='lat' dir='ltr'><strong>cetera,</strong></span> <span class='ocrx_word' id='word_1_191' title='bbox 359 4225 495 4300; x_wconf 85' lang='lat' dir='ltr'><strong>scilieet</strong></span> <span class='ocrx_word' id='word_1_192' title='bbox 520 4226 626 4326; x_wconf 90' lang='lat' dir='ltr'><strong>primi</strong></span> <span class='ocrx_word' id='word_1_193' title='bbox 653 4254 673 4300; x_wconf 94' lang='lat' dir='ltr'><strong>e</strong></span> <span class='ocrx_word' id='word_1_194' title='bbox 696 4227 810 4300; x_wconf 88' lang='lat' dir='ltr'><strong>tribus</strong></span> <span class='ocrx_word' id='word_1_195' title='bbox 834 4225 1015 4298; x_wconf 66' lang='lat' dir='ltr'><strong>trocheis.</strong></span> <span class='ocrx_word' id='word_1_196' title='bbox 1067 4224 1160 4298; x_wconf 88' lang='lat' dir='ltr'><strong>Item</strong></span> <span class='ocrx_word' id='word_1_197' title='bbox 1191 4249 1245 4294; x_wconf 91' lang='lat' dir='ltr'><strong>se·</strong></span> <span class='ocrx_word' id='word_1_198' title='bbox 1261 4251 1307 4301; x_wconf 85' lang='lat'><strong>109</strong></span> 
     </span>
    </p>
   </div>
   <div class='ocr_carea' id='block_1_10' title="bbox 146 4463 1244 4629">
    <p class='ocr_par' dir='ltr' id='par_1_13' title="bbox 146 4463 1244 4629">
     <span class='ocr_line' id='line_1_33' title="bbox 184 4463 1244 4548; baseline -0.002 -22"><span class='ocrx_word' id='word_1_199' title='bbox 184 4463 193 4508; x_wconf 68' lang='grc' dir='ltr'>ἱ</span> <span class='ocrx_word' id='word_1_200' title='bbox 207 4465 367 4545; x_wconf 83' lang='lat' dir='ltr'><strong>exemplum</strong></span> <span class='ocrx_word' id='word_1_201' title='bbox 383 4463 412 4526; x_wconf 91' lang='lat' dir='ltr'><strong>in</strong></span> <span class='ocrx_word' id='word_1_202' title='bbox 426 4470 496 4546; x_wconf 80' lang='lat' dir='ltr'><strong>quo]</strong></span> <span class='ocrx_word' id='word_1_203' title='bbox 513 4469 540 4534; x_wconf 85' lang='lat' dir='ltr'><strong>in</strong></span> <span class='ocrx_word' id='word_1_204' title='bbox 555 4470 717 4548; x_wconf 72' lang='lat' dir='ltr'><strong>exemplum</strong></span> <span class='ocrx_word' id='word_1_205' title='bbox 735 4471 766 4528; x_wconf 91' lang='lat' dir='ltr'><strong>P.</strong></span> <span class='ocrx_word' id='word_1_206' title='bbox 896 4465 913 4512; x_wconf 86' lang='lat' dir='ltr'>k</span> <span class='ocrx_word' id='word_1_207' title='bbox 926 4467 1084 4546; x_wconf 81' lang='lat' dir='ltr'><strong>separetur]</strong></span> <span class='ocrx_word' id='word_1_208' title='bbox 1100 4471 1199 4544; x_wconf 73' lang='lat' dir='ltr'><strong>separe</strong></span> <span class='ocrx_word' id='word_1_209' title='bbox 1212 4465 1244 4530; x_wconf 78' lang='grc' dir='ltr'><strong>Ρ.</strong></span> 
     </span>
     <span class='ocr_line' id='line_1_34' title="bbox 146 4543 1048 4629; baseline 0.002 -25"><span class='ocrx_word' id='word_1_210' title='bbox 146 4543 155 4586; x_wconf 85' lang='lat'>¹</span> <span class='ocrx_word' id='word_1_211' title='bbox 171 4548 275 4624; x_wconf 84' lang='lat' dir='ltr'><strong>possis]</strong></span> <span class='ocrx_word' id='word_1_212' title='bbox 291 4547 383 4626; x_wconf 82' lang='lat' dir='ltr'><strong>possit</strong></span> <span class='ocrx_word' id='word_1_213' title='bbox 396 4549 429 4606; x_wconf 91' lang='grc' dir='ltr'><strong>Ρ.</strong></span> <span class='ocrx_word' id='word_1_214' title='bbox 512 4561 535 4594; x_wconf 68' lang='lat' dir='ltr'>m</span> <span class='ocrx_word' id='word_1_215' title='bbox 550 4550 612 4628; x_wconf 90' lang='lat' dir='ltr'><strong>qui]</strong></span> <span class='ocrx_word' id='word_1_216' title='bbox 627 4551 704 4629; x_wconf 83' lang='lat' dir='ltr'><strong>quod</strong></span> <span class='ocrx_word' id='word_1_217' title='bbox 719 4553 749 4610; x_wconf 86' lang='lat' dir='ltr'><strong>P.</strong></span> <span class='ocrx_word' id='word_1_218' title='bbox 834 4549 941 4622; x_wconf 77' lang='lat' dir='ltr'><strong>nnum]</strong></span> <span class='ocrx_word' id='word_1_219' title='bbox 957 4561 1002 4608; x_wconf 82' lang='lat' dir='ltr'><strong>est</strong></span> <span class='ocrx_word' id='word_1_220' title='bbox 1016 4549 1048 4606; x_wconf 89' lang='lat' dir='ltr'><strong>P.</strong></span> 
     </span>
    </p>
   </div>
   <div class='ocr_carea' id='block_1_11' title="bbox 0 0 1567 5140">
    <p class='ocr_par' dir='ltr' id='par_1_14' title="bbox 0 0 1567 5140">
     <span class='ocr_line' id='line_1_35' title="bbox 0 0 1567 5140; baseline 0 0"><span class='ocrx_word' id='word_1_221' title='bbox 0 0 1567 5140; x_wconf 95' lang='lat' dir='ltr'><strong> </strong></span> 
     </span>
    </p>
   </div>
  </div>
 </body>
</html>
