3082 5140
137 424 224 476 car.
239 415 273 473 2.
473 396 535 470 De
552 395 691 470 Metm's
712 397 922 473 Oratorem.
1175 413 1247 473 403

137 597 165 630 ‘⁴
183 582 338 673 cadenti,
353 608 427 681 quo
440 581 521 656 loco
540 581 630 656 mihi
648 581 790 655 videtur
802 582 918 676 aptior
930 585 1094 659 creticus.
1120 583 1247 659 Doclr-

137 713 164 746 ‘⁶
184 702 278 776 mius
308 712 430 773 autem
462 725 483 770 e
512 699 675 796 quinque
705 698 864 797 syllabis,
895 699 991 773 brevi
1021 714 1058 774 et
1088 699 1244 774 ⁸duabus

138 826 164 860 “
179 805 312 916 longis,
330 815 429 888 brevi
455 827 491 886 et
514 813 635 913 longa,
660 813 730 886 boc
752 827 808 886 est
830 815 965 902 amicos
990 825 1100 906 tenes,
1116 816 1244 915 quovis

138 943 164 976 “
182 933 262 1007 loco
280 945 385 1032 aptus
403 931 487 1004 est.”

191 1048 312 1121 tldem
337 1047 465 1120 Cicero
488 1046 534 1118 dc
558 1045 712 1146 pedibus
735 1059 772 1120 et
794 1047 982 1122 structuris
1011 1047 1081 1120 sic:
1109 1059 1131 1090 “
1146 1047 1286 1121 Iam-45

138 1164 249 1236 “bus
274 1163 371 1236 enim
398 1162 709 1260 frequentissimus
737 1175 792 1235 est
821 1162 856 1234 in
887 1163 950 1248 eis,
978 1189 1059 1260 quae
1086 1161 1243 1236 demisso

139 1290 164 1321 “
183 1293 290 1378 atque
318 1278 449 1352 humili
476 1303 639 1350 sermone
666 1275 855 1350 dicuntur:
892 1305 996 1377 paean
1029 1291 1172 1351 vautem
1204 1278 1241 1350 in

139 1407 164 1438 “
183 1395 431 1495 amplioribus,
458 1395 494 1466 in
522 1406 675 1491 utroque
699 1391 874 1492 dactylus.
926 1394 1055 1492 Itaque
1085 1394 1122 1466 in
1146 1393 1244 1495 varia

140 1521 219 1584 “et
244 1523 418 1610 perpetua
446 1509 606 1584 oratione
634 1508 671 1582 bi
702 1523 788 1582 sunt
819 1508 912 1582 inter
937 1536 975 1582 se
1001 1507 1177 1582 miscendi
1205 1523 1243 1582 et

143 1637 166 1672 ‘⁴
184 1626 439 1727 temperandi.”

190 1743 351 1816 wCicero
367 1743 411 1816 ad
435 1741 688 1816 ¹Herennium
709 1740 745 1813 in
764 1753 839 1813 arte
856 1740 1032 1816 rhetorica
1056 1739 1101 1814 de
1127 1761 1287 1822 mem-46

140 1863 216 1949 bro,
234 1860 270 1934 id
288 1873 343 1934 est
360 1858 450 1959 rapt
467 1859 571 1946 κόλον,
590 1858 796 1932 “Membra
813 1857 984 1931 orationis
1002 1858 1160 1960 appellat
1185 1887 1241 1934 res

140 1977 335 2050 “breviter
352 1977 545 2064 absolutas,
558 1975 635 2049 sine
652 1974 763 2048 totius
776 1973 1081 2048 demonstratione
1099 1989 1243 2052 senten-

139 2103 163 2135 “
180 2093 250 2180 tiae,
280 2119 351 2192 qua
375 2092 514 2166 'denuo
542 2093 611 2165 alio
638 2091 803 2164 membro
830 2091 1000 2165 orationis
1029 2093 1241 2194 excipiatur,

140 2221 162 2252 “
182 2210 251 2282 boc
276 2223 395 2308 pacto,
413 2209 467 2282 Et
487 2209 630 2282 inimico
641 2207 831 2305 proderes,
857 2207 893 2280 id
923 2222 978 2282 est
1006 2235 1118 2283 unurn
1143 2211 1241 2310 quod

139 2326 405 2425 “appellamus
441 2326 658 2397 membrum.
726 2323 872 2396 Deinde
909 2323 979 2396 boc
1012 2326 1242 2424 “excipiatur

138 2452 161 2485 “
181 2455 322 2540 oportet
352 2441 474 2531 altero,
509 2439 562 2514 Et
588 2440 744 2513 amicum
775 2437 942 2513 laedebaa
1004 2441 1063 2514 Ex
1098 2441 1240 2518 duobus

138 2567 162 2600 ‘⁶
181 2551 355 2630 membris
373 2557 450 2632 haec
467 2557 652 2630 exornatio
670 2569 789 2656 potest
805 2569 980 2630 constare.
1022 2547 1094 2630 Sed
1120 2557 1241 2633 ¹'corn-

139 2683 162 2714 “
183 2673 389 2746 modissima
416 2685 452 2746 et
478 2671 743 2747 absolutissima
765 2685 821 2746 est
842 2685 941 2770 cquae
959 2699 1004 2746 ex
1023 2675 1137 2748 tribus
1155 2702 1241 2750 con-

139 2798 162 2831 “
181 2803 262 2878 stat,
287 2788 381 2863 dboc
408 2803 527 2891 pacto,
554 2789 611 2862 Et
639 2789 783 2864 inimico
804 2789 994 2887 proderes,
1021 2801 1057 2864 et
1083 2793 1240 2866 amiam

139 2916 163 2948 ‘⁶
181 2904 348 2995 laedebas,
375 2916 410 2980 et
441 2907 508 2980 libi
536 2931 608 2978 non
632 2905 852 2980 consulebas,
918 2905 1024 2998 Item,
1043 2907 1124 2982 Nec
1148 2911 1238 3008 reip.

139 3032 162 3065 ‘⁸
181 3023 405 3110 consuluisti,
430 3045 497 3097 nee
514 3023 638 3096 amicis
658 3021 846 3121 prrfiristi,
863 3047 928 3096 nee
953 3023 1109 3100 inimicis
1133 3028 1240 3103 resti·

139 3150 162 3182 ‘⁸
180 3141 288 3215 listi?

179 3351 191 3384 ⁸
206 3355 236 3402 et
248 3342 370 3418 duabus]
385 3354 416 3401 et
429 3361 486 3400 onr.
502 3343 576 3402 Ven.
590 3342 654 3401 Ald.
669 3355 699 3402 et
714 3362 788 3401 mox.
890 3343 991 3400 tOrat.
1005 3362 1031 3401 c.
1046 3344 1094 3420 58.
1115 3343 1239 3403 Idem-

138 3418 340 3483 siconr.Ven.
402 3431 526 3481 'autem
541 3421 586 3500 in]
605 3435 699 3481 autern
715 3443 801 3481 manu
816 3418 845 3477 in
860 3423 933 3481 Ven.
995 3424 1146 3500 wCicero]
1163 3425 1237 3484 ltern

138 3501 240 3564 Cicero
255 3505 326 3562 Veo.
429 3505 653 3578 ¹Herennium]
669 3504 734 3562 Lib.
748 3504 801 3563 1v.
816 3519 842 3560 e.
858 3521 902 3580 ¹9·
998 3508 1255 3583 repletionem...

137 3583 211 3644 Ven.
324 3583 460 3658 ¹denuo]
476 3585 512 3644 de
526 3604 599 3644 noro
615 3586 687 3643 Van.
800 3596 816 3629 ⁸
829 3583 996 3664 excipiatur]
1015 3586 1152 3666 excipitur
1165 3590 1238 3647 Ven.

135 3660 153 3707 b
168 3663 661 3743 cornmodissima-absolutissima]
677 3664 1238 3728 commodissime-absolutissimeVen.

137 3748 284 3829 postus.
299 3746 409 3806 lacuna.
490 3747 593 3825 ⁰quae]
608 3749 656 3826 qul
673 3743 745 3806 Ven.
827 3744 912 3806 dnos
927 3749 1000 3806 Van.
1015 3759 1189 3828 postpacto.
