3100 5142
269 415 344 478 310
587 431 592 440 ’
670 399 810 476 04444444
827 401 967 476 Bam

224 613 253 660 ⁴¹
319 584 379 658 Ex
397 582 558 684 spondeo
574 595 611 658 44
627 585 773 684 epitrito
789 585 918 684 primo,
934 585 975 658 id·
989 597 1045 658 444
1069 609 1113 656 ex
1140 583 1255 684 longis
1280 584 1370 660 dua-

270 703 349 788 bus,
367 719 403 773 44
421 699 517 772 brevi
537 725 619 786 uns,
636 713 673 772 44
690 699 807 798 longis
824 699 984 774 duabus:
1004 697 1153 774 Bellum
1168 699 1369 776 suscitavit.

223 835 255 883 44
318 811 377 885 Ex
402 813 600 911 trisyllabo,
617 811 720 909 cujus
739 812 858 888 media
874 814 991 888 brevis
1016 813 1075 904 444,
1091 813 1127 886 id
1151 827 1206 886 est
1223 813 1369 904 cretico,

269 941 307 1002 et
322 928 466 1028 epitrito
489 926 619 1026 primo,
645 927 715 1000 boc
739 940 795 1002 est
813 929 919 1028 longa
943 955 1027 1018 una,
1044 940 1081 1002 et
1106 929 1203 1002 brevi
1229 956 1313 1020 uns,
1329 943 1369 1004 44

268 1043 377 1144 longa
394 1069 478 1134 44444,
494 1057 532 1116 44
548 1043 646 1117 brevi
662 1069 746 1134 44444,
762 1057 800 1118 44
816 1045 933 1142 longis
949 1045 1085 1118 tribus:
1111 1041 1291 1118 Hostibus
1309 1071 1368 1118 44-

268 1159 444 1232 sistentes.

224 1297 256 1347 44
320 1275 380 1348 Ex
398 1272 595 1372 trisyllabo,
613 1272 716 1370 cujus
742 1273 862 1348 44444444
880 1275 995 1348 brevis
1021 1275 1079 1364 sit,
1098 1273 1133 1348 id
1152 1274 1367 1364 4444444444,

269 1401 307 1462 44
322 1389 469 1488 epitrito
485 1387 655 1474 secundo,
673 1387 708 1460 id
727 1401 783 1462 est
799 1415 844 1462 ex
871 1390 979 1489 longa
997 1415 1067 1462 4444
1081 1389 1178 1463 brevi
1197 1413 1269 1464 uns
1285 1391 1367 1462 lon·

268 1505 323 1604 gis
340 1503 492 1594 duabus,
508 1517 545 1577 44
563 1503 660 1578 brevi
678 1529 761 1592 uns,
777 1517 814 1576 et
830 1505 946 1603 longis
963 1505 1123 1579 duabus:
1149 1503 1367 1578 Exercitum

268 1619 528 1717 compulerunt.

223 1757 255 1804 44
317 1734 376 1807 Ex
394 1736 527 1820 iambo,
545 1735 742 1834 et‚epitn'to
759 1735 889 1835 pn'mo,
907 1735 941 1808 id
959 1749 1015 1809 est
1032 1759 1077 1808 ex
1103 1735 1200 1808 brevi
1229 1761 1311 1822 una,
1327 1747 1366 1807 44

267 1850 375 1948 longa
392 1875 476 1938 uns,
494 1863 531 1922 44
552 1849 649 1922 brevi
677 1877 757 1940 unu,
774 1867 811 1924 et
833 1849 950 1948 longis
976 1850 1110 1924 tribus:
1135 1849 1280 1952 Fugam
1306 1875 1366 1924 ca-

261 1967 467 2064 pessebuut.

222 2111 253 2162 44
317 2081 376 2154 Ex
402 2081 524 2154 iambo
549 2093 587 2153 44
609 2081 753 2180 epitrito
770 2081 939 2170 secundo,
956 2081 993 2154 id
1017 2096 1072 2156 est
1096 2107 1142 2156 ex
1168 2081 1265 2154 brevi
1291 2107 1365 2154 una

267 2211 305 2270 et
331 2197 448 2296 longis
475 2197 626 2286 duabus,
643 2211 680 2270 44
706 2198 802 2270 brevi
827 2225 910 2286 unu,
928 2199 1044 2296 longis
1061 2198 1223 2272 duabus=
1251 2197 1365 2272 Faces

266 2312 505 2388 sststuleiunt.

222 2451 255 2512 ⁴⁶
316 2427 374 2501 Ex
391 2428 553 2528 spondeo
569 2427 879 2528 πρε-4444144444,
892 2428 994 2526 cujus
1008 2428 1088 2502 duae
1101 2427 1227 2526 primu*
1239 2427 1364 2498 breves

266 2558 362 2634 sunt,
377 2543 513 2618 «14444444
534 2544 738 2634 rationulis,
755 2543 790 2618 id
809 2555 863 2616 444
877 2542 959 2616 duae
983 2543 1110 2641 primae
1134 2543 1263 2640 longus,
1279 2539 1362 2614 duae

266 2673 454 2758 sequentes
483 2661 618 2750 breves,
640 2673 676 2732 et
702 2673 773 2732 4444
802 2657 938 2731 4414444444
964 2657 1092 2756 longae,
1110 2657 1214 2753 cujus
1239 2681 1362 2730 exem·

265 2776 368 2875 plum
387 2801 541 2849 sursum.

221 2923 252 2976 u
314 2891 374 2964 Ex
400 2888 560 2991 spondeo
584 2901 622 2962 et
646 2890 907 2988 pentasyllabo,
932 2891 1035 2988 cujus
1060 2887 1217 2964 secunda
1246 2886 1362 2960 brevis

265 3006 323 3095 sit,
341 3005 508 3080 Multum»
519 3002 854 3105 prcfferebuntfflr),
871 3005 909 3078 id
926 3020 981 3080 est
997 3019 1068 3078 tres
1088 3003 1214 3103 primoe
1232 3003 1362 3100 iongae,

265 3133 392 3218 quarta
409 3119 537 3206 brevis,
554 3133 625 3192 4444
642 3119 780 3192 ultimae
797 3119 926 3220 longae,
938 3119 1042 3215 cujus
1060 3118 1267 3218 exemplum
1286 3141 1363 3190 4444-

264 3261 357 3308 sum.

220 3373 253 3434 44
314 3349 373 3422 Ex
399 3335 586 3450 trisyllabo
602 3349 705 3446 cujus
732 3347 851 3424 media
869 3351 985 3424 brevis
1011 3350 1069 3440 sit,
1086 3349 1122 3422 id
1148 3361 1203 3424 est
1219 3349 1362 3437 cretico,

264 3476 302 3538 44
325 3465 587 3562 pentasyllabi»,
603 3463 706 3558 cujus
732 3465 888 3538 secunda
910 3467 1038 3553 brevis,
1055 3463 1160 3538 444444
1181 3477 1218 3537 44
1235 3476 1362 3561 quartu

264 3578 393 3676 longae,
415 3579 543 3674 quintu
564 3579 692 3669 brevis,
717 3592 755 3654 44
775 3580 889 3654 tribus
916 3579 1054 3656 ultimis
1082 3579 1210 3678 longis,
1237 3605 1362 3654 exem·

264 3693 367 3795 plum
385 3719 539 3767 sursum.

220 3843 253 3896 49
313 3809 374 3884 Ex
399 3809 585 3910 trisyllsbo
602 3810 704 3907 cujus
730 3811 850 3886 medis
866 3810 982 3884 brevis
1008 3810 1067 3900 sit,
1086 3810 1124 3884 id
1145 3822 1199 3883 est
1215 3809 1360 3898 cretico,

264 3938 302 4000 44
334 3924 594 4026 pentasyllabo,
623 3925 727 4021 cujus
761 3925 918 4002 secunda
943 3926 1060 4000 brevis
1090 3926 1146 4013 sit,
1177 3926 1361 4002 [nstantia

264 4041 531 4138 comprobatur,
545 4039 581 4114 id
596 4053 708 4114 estex
725 4043 841 4140 primu
854 4042 973 4143 longa,
991 4031 1148 4118 secunda
1165 4041 1274 4128 brevi,
1291 4055 1361 4114 444-

263 4158 313 4232 444
338 4157 457 4256 longa,
474 4171 601 4253 quarta
619 4157 727 4245 brevi,
745 4171 783 4232 44
799 4160 913 4234 tribus
939 4159 1076 4234 ultimis
1103 4158 1231 4257 longis,
1257 4157 1359 4254 cujus

262 4272 472 4370 exemplum
492 4298 609 4372 supra.

218 4417 252 4471 50
310 4386 371 4462 Ex
388 4385 509 4462 iambo
529 4405 566 4462 44
579 4388 841 4488 444444441444,
859 4386 961 4485 cujus
978 4388 1060 4467 duoe
1084 4388 1211 4489 primae
1237 4387 1360 4462 breves

262 4503 346 4594 sint,
372 4503 489 4578 Butes
510 4504 792 4601 reparabantur,
818 4501 853 4576 id
879 4517 1004 4579 estex
1033 4505 1151 4604 prims
1180 4503 1279 4578 brevi
1306 4528 1360 4576 44-
