3100 5142
142 447 221 498 car.
240 439 271 497 1.
620 423 684 498 De
700 423 838 498 metris.
1168 435 1241 500 303

140 634 184 682 ex
202 609 322 707 longa,
339 621 376 682 et
392 608 504 698 brevi,
520 620 557 681 at
574 606 713 682 duabus
732 608 862 708 longis.
914 605 1082 680 Secunda
1098 604 1245 706 dipodia

141 723 384 798 choriambico
402 735 457 796 est
473 724 529 796 ris
545 723 639 797 nivis
656 731 706 797 ol.
751 723 887 809 Tertio,
904 747 974 822 que
991 721 1089 810 dirce,
1104 725 1244 821 positus

140 867 202 938 pes
230 866 295 938 pro
321 839 469 939 dipodia
494 839 679 924 bacchius,
706 855 767 914 aut
798 852 944 940 propter
970 839 1245 912 indifferentiam

142 954 290 1052 syllabae
317 953 386 1026 hoc
412 967 566 1027 metrum
587 955 766 1029 clauditur
783 955 1056 1054 amphibracho,
1075 951 1110 1026 id
1128 967 1193 1044 est,
1210 967 1247 1027 el

141 1069 253 1154 brevi,
271 1082 308 1141 et
324 1069 442 1168 longa,
460 1083 497 1142 et
516 1067 623 1141 brevi.

442 1284 508 1356 Sic
525 1293 561 1356 lc
579 1284 664 1358 divo
675 1295 806 1382 polens
827 1283 950 1383 Cypri.
1258 1308 1273 1356 s

147 1423 376 1524 Glyconicon
401 1424 648 1523 octosyllabon
674 1451 721 1498 ex
745 1450 874 1523 genere
900 1424 1160 1524 Asclepiadeos
1184 1439 1250 1514 est,

148 1541 232 1614 huic
256 1539 353 1612 enim
381 1537 410 1611 si
437 1539 616 1634 addideris
633 1540 818 1640 dipodiam
837 1541 1118 1614 choriambicam
1141 1541 1249 1614 facies

145 1654 420 1755 Asclepiadeon,
437 1655 501 1744 sic,

321 1771 378 1836 Sic
391 1778 420 1833 lc
434 1771 511 1834 clivo
519 1779 635 1857 polens
650 1770 742 1852 (aava
752 1775 879 1858 polens)
897 1773 1010 1860 Cypri.

146 1878 334 1955 Dividitur
359 1893 480 1954 autem
508 1878 679 1978 spondeo,
706 1881 928 1968 choriambo,
955 1883 1176 1982 pyrrhichio,
1195 1885 1249 1956 val

149 1997 272 2069 iambo
289 2007 435 2094 propter
451 1993 599 2092 syllabae
616 1994 906 2082 indifferentiam,

237 2111 295 2176 Slc
309 2119 338 2174 le
351 2111 429 2174 clivo
440 2119 551 2198 polono
567 2112 682 2198 Cypri.

218 2293 385 2368 Solvitur
399 2297 496 2370 acris
513 2295 626 2370 biems
638 2307 754 2396 grato
770 2298 848 2372 vice
865 2297 961 2370 ver-is
979 2307 1015 2371 et
1034 2299 1182 2374 Favoni.
1266 2334 1282 2376 4

151 2443 340 2515 'Alcaicon
359 2442 638 2544 ithyphallicon,

239 2559 386 2624 Solvitur
399 2561 485 2624 acria
498 2559 597 2624 hiems
606 2568 711 2647 gralo
732 2561 799 2622 vice
814 2561 899 2624 veris
913 2569 943 2624 el
956 2559 1096 2637 Favoni,

153 2670 398 2744 commixtum
416 2683 470 2744 cst
487 2696 533 2744 ex
551 2670 697 2744 heroico
713 2683 750 2742 ct
768 2669 1018 2770 ithyphallico.

327 2802 474 2867 Solvitur
489 2803 575 2866 ocris
589 2801 687 2866 hiems
698 2811 802 2890 gralo
817 2802 894 2878 vice,

152 2913 344 3008 hucusque
363 2913 560 2986 heroicum.

336 3029 421 3091 Veris
435 3037 465 3092 el
480 3029 619 3105 Favoni,

158 3135 229 3207 hoc
246 3133 538 3234 ithyphallicum.

335 3252 543 3339 Tralonlqsrc
556 3255 666 3327 meas,

158 3360 276 3456 portio
295 3359 453 3447 iambici,
471 3363 633 3461 sequitur
650 3361 892 3461 ithyphallici,

334 3493 494 3558 Maelinae
508 3497 649 3559 carinas.

377 3677 489 3753 Vides
506 3689 547 3752 ut
565 3677 643 3752 allo
660 3688 733 3751 stet
749 3680 831 3753 nive
847 3677 1052 3752 candidum.
1276 3699 1290 3748 s

160 3808 334 3881 Alcaicon
353 3809 692 3910 hendecasyllabon,
710 3811 811 3907 cujus
834 3811 962 3886 divisio
980 3813 1031 3885 ita
1047 3825 1121 3886 est:
1151 3811 1264 3884 Vides

161 3933 205 3996 ut
231 3923 322 4011 allo,
346 3950 390 3996 ex
416 3925 556 3998 duobus
578 3926 707 3999 iambis
736 3941 773 3999 et
798 3927 946 4025 syllaba,
971 3941 1008 3998 et
1031 3925 1287 4024 sequentibus·

163 4037 305 4112 duobus
341 4037 508 4140 dactylis,
539 4042 594 4115 vel
629 4055 774 4141 propter
808 4041 1081 4115 indifferentiam
1117 4040 1263 4140 syllabae

162 4153 318 4252 dacty10,
336 4168 372 4227 et
391 4156 648 4255 amphimacro.
695 4158 776 4230 Stet
793 4157 875 4230 nive
893 4157 1095 4230 candidum.

381 4287 522 4366 Soracte,
537 4291 671 4374 accjom
685 4290 863 4352 arcsllncarrt
877 4311 968 4370 onos,

166 4403 258 4476 sicut
277 4408 373 4503 prior
389 4408 582 4482 scanditur.

240 4579 416 4656 ualcaicon]
434 4583 503 4641 Post
518 4585 546 4642 h.
563 4603 586 4640 v.
601 4583 702 4641 lacuna
714 4594 758 4640 est
772 4580 892 4660 plurium
907 4583 1053 4641 verborum
1069 4581 1099 4638 in
1114 4582 1193 4642 Med.
