3012 5084
319 409 364 474 10
702 389 823 466 Marta·
842 387 1031 468 Victorini
1296 409 1372 460 niu.
1401 410 1458 458 ι.

314 578 401 652 ferit
417 579 605 664 innectum,
619 603 691 650 non
715 577 918 650 iriensium:
942 573 1184 672 'prostiterint
1199 570 1310 644 etiarn
1329 597 1461 668 pro-

315 695 450 768 miscue
475 691 573 778 facit,
601 719 672 765 non
700 692 891 790 promisce,
917 716 943 763 u
969 689 1068 762 anim
1097 686 1267 788 kperduoi
1296 685 1457 770 debet,

273 835 301 882 ¹:
316 809 409 882 sicut
427 807 596 882 assidens
612 806 758 880 assidue
774 805 871 880 facit.
922 805 1101 889 Quotiens
1126 829 1318 882 numerum
1345 801 1456 900 sig-

315 923 517 1010 nificemus,
542 949 606 1022 per
632 931 648 994 t
677 947 748 994 non
779 949 842 1020 por
871 920 1144 997 dteribeodum
1174 918 1254 1007 erit,
1284 933 1324 990 ut
1351 927 1451 1002 tot,

315 1048 425 1138 quot:
452 1038 503 1112 sic
519 1051 556 1111 et
570 1039 737 1135 quotiens
756 1035 961 1138 praepositio
978 1037 1007 1110 si
1024 1035 1105 1108 ¹erit
1122 1034 1182 1122 ad,
1197 1058 1262 1134 per
1278 1031 1313 1122 d,
1331 1045 1387 1122 ut,

513 1169 580 1244 Ad
594 1179 743 1244 mortem
759 1170 793 1242 ri
809 1179 847 1242 te
848 1167 950 1270 forr.

366 1325 377 1359 ’
515 1365 582 1442 Ad
595 1391 698 1466 quem
714 1368 768 1443 sic
783 1364 922 1440 roseo¹¹.

315 1499 353 1572 Si
372 1499 440 1573 erit
456 1513 576 1572 autern
596 1498 804 1594 conjunctio
822 1524 886 1598 per
902 1507 929 1586 t,
947 1511 998 1584 ut,

517 1615 572 1688 At
587 1615 719 1714 regino
733 1613 854 1713 gravi.

273 1747 303 1798 ro
316 1729 467 1826 Antiqui
485 1755 550 1828 pro
563 1729 660 1802 ”sed
673 1729 877 1802 scribebant
888 1727 1157 1813 redanimata
1172 1739 1259 1801 retes
1275 1739 1431 1824 partem

315 1845 514 1918 litterarum
543 1843 580 1916 in
602 1871 645 1916 eo
663 1842 887 1932 ”reservavit
911 1857 1064 1942 partem,
1082 1841 1265 1916 brevttnn
1291 1843 1433 1939 gratia,

315 1988 360 2035 ex
390 1987 434 2034 eo
464 1959 652 2049 “detraxit
679 1959 814 2033 nullam
844 1959 1071 2032 immutavit:
1095 1971 1131 2032 et
1157 1985 1224 2030 nos
1251 1984 1313 2055 per
1341 1959 1430 2048 red,

273 2101 425 2175 nquam
450 2085 585 2174 penset
608 2075 818 2148 scribamus.
870 2073 1033 2148 Nomine
1050 2100 1131 2171 quae
1157 2072 1328 2171 singulari
1353 2099 1431 2145 no-

316 2188 492 2262 minativo
518 2215 601 2262 cteu
628 2189 666 2262 in
696 2215 740 2262 ae
765 2188 891 2262 litteris
915 2189 1168 2274 terminantur,
1189 2203 1231 2262 ut
1256 2187 1427 2282 Atticus,

316 2304 471 2390 Brutus,
489 2316 524 2375 et
541 2303 683 2392 similia,
708 2303 890 2402 tgenitiuo
906 2329 992 2376 casu
1009 2329 1081 2377 nna
1097 2317 1240 2402 recepte
1259 2303 1274 2374 i
1298 2302 1428 2376 littera

316 2419 613 2492 ‘tdeciinebuntur
632 2433 669 2492 et
692 2419 902 2511 scribentur,
920 2446 992 2494 non
1012 2417 1205 2518 perduoi,
1227 2432 1267 2490 ut
1285 2417 1425 2502 Attici,

317 2535 454 2609 neti.-
482 2559 563 2631 quae
594 2549 714 2608 autem
742 2535 963 2610 nominativo
991 2536 1005 2608 i
1031 2536 1188 2609 litterani
1214 2533 1425 2624 habuerint,

274 2655 284 2674 '
317 2663 368 2736 ut,
390 2649 547 2734 Gellius,
566 2649 740 2739 Furnius,
765 2651 924 2749 genitivo
948 2650 1152 2750 rgentum
1168 2649 1302 2722 debent
1324 2651 1350 2736 i,
1377 2663 1425 2726 ut

274 2789 303 2838 re
322 2767 449 2854 Gellii,
463 2766 605 2840 Furnii.
636 2768 678 2842 V
672 2778 780 2856 oster,
797 2768 918 2856 vortit,
935 2782 972 2840 et
989 2766 1122 2840 similia
1138 2791 1202 2864 per
1219 2791 1250 2854 e,
1262 2791 1334 2840 non
1353 2791 1425 2864 per

317 2911 349 2973 o,
366 2885 519 2958 scribere
537 2883 722 2958 debemus.
757 2883 858 2957 ⁸Has
874 2884 984 2982 igitur
1002 2909 1106 2956 voees
1119 2896 1156 2954 et
1173 2881 1308 2955 similes
1326 2881 1421 2967 istis,

317 3001 488 3098 itemque,
506 3001 699 3100 ogandam,
717 2999 940 3088 ‘cedendum
954 2993 1422 3098 cupiendumsociendm,

278 3166 282 3176 .
318 3139 381 3212 per
399 3140 418 3186 e
435 3115 554 3212 potius
571 3141 680 3212 quani
708 3141 772 3214 per
793 3142 843 3188 u:
871 3115 964 3188 sicut
989 3115 1203 3202 acmes,
1221 3114 1420 3197 eeittimut,

359 3305 558 3383 ¹Promisene]
579 3308 758 3368 Promiscuns
774 3312 805 3367 P.
931 3310 947 3354 ΙΙ
970 3311 1098 3390 perduoi]
1122 3311 1239 3392 produci
1254 3313 1286 3370 P.
1319 3312 1423 3373 Edidit

318 3385 515 3445 Commeiinns
528 3389 682 3446 seeundum
698 3389 924 3450 emendationem
941 3392 1113 3450 Camerarii:
1137 3405 1272 3470 praeterea
1291 3391 1421 3471 interpo-

319 3468 442 3527 nendum
458 3467 566 3526 ridetur
578 3485 643 3526 sorr.
706 3465 783 3529 ierit
798 3469 1144 3551 sthieritadpsrdP.
1210 3471 1295 3531 ueto.
1310 3493 1370 3532 ors.
1385 3473 1418 3530 Ρ.

318 3559 342 3592 ¹¹²
357 3561 401 3610 set
413 3547 584 3617 scribebant,
598 3549 647 3614 ted
660 3550 744 3624 cum]
756 3549 916 3611 scribebant
930 3554 1029 3612 sedum
1045 3555 1077 3612 P.
1167 3563 1182 3595 ¹¹
1198 3554 1358 3630 reservarit]
1375 3573 1421 3612 re-

318 3628 438 3688 servavit
450 3630 482 3686 P.
593 3639 608 3670 ⁰
622 3629 783 3700 detraxerit,
799 3631 965 3690 nonnullam
980 3632 1150 3707 immutarit]
1166 3633 1294 3701 detraxit,
1311 3630 1421 3692 nuilem

319 3708 479 3768 immutarit
493 3709 523 3767 P.
599 3709 762 3788 egenitiro]
814 3711 907 3770 nativo
923 3713 955 3770 Ρ.
970 3725 1000 3770 et
1013 3712 1053 3771 sic
1068 3713 1126 3780 iere
1140 3732 1261 3792 semper.
1340 3713 1422 3772 nde·

318 3789 499 3852 olinebnotur
522 3803 552 3848 et
578 3789 753 3868 scribuntur]
795 3791 877 3850 'tera
899 3791 1116 3854 declinabuntur
1141 3809 1171 3854 et
1197 3792 1356 3855 retibentru
1385 3795 1421 3855 P.

319 3871 503 3954 rgeminare]
556 3869 655 3928 minari
671 3871 702 3928 P.
765 3871 854 3930 ‘Has
870 3875 964 3948 voces]
983 3873 1043 3930 Hes
1058 3873 1144 3956 igitur
1156 3895 1240 3933 voces
1254 3877 1284 3933 P.
1351 3880 1422 3932 ‘ce-

319 3951 458 4026 dendum]
536 3951 641 4009 endum
657 3951 688 4010 P.

364 4097 400 4154 16
421 4095 536 4174 Antiqui
560 4099 625 4174 pro]
649 4097 735 4155 Hune
754 4095 847 4154 locum
889 4101 994 4156 nudam
1009 4103 1172 4166 immutarit,
1191 4107 1218 4157 et
1235 4119 1283 4156 nos
1301 4119 1351 4174 per
1369 4101 1421 4160 sed

320 4176 361 4236 sio
377 4177 528 4256 legendum
543 4191 641 4238 censet
654 4178 846 4237 Consentius:
890 4198 973 4253 quom
991 4199 1041 4254 per
1055 4193 1097 4238 set
1116 4181 1274 4239 scribimur.
1318 4181 1422 4240 Mum

324 4261 437 4334 Aafiqat
446 4277 499 4332 pro
510 4257 560 4319 sed
569 4258 668 4319 sedum
676 4257 846 4317 scribebant:
890 4259 942 4320 bae
956 4259 1161 4338 significatione
1173 4279 1312 4336 nusquam
1324 4259 1420 4337 legere

319 4341 366 4398 ted
392 4357 453 4398 cem
474 4347 570 4396 nostra
588 4347 656 4396 etue
672 4346 783 4412 partem
802 4339 846 4394 tit·
890 4340 1016 4398 memini.
1048 4339 1181 4400 COMM.
1223 4339 1287 4400 Vid.
1319 4340 1419 4402 laidor.

321 4427 442 4478 teroem
466 4421 493 4474 in
515 4437 546 4474 eo
567 4420 721 4482 reservarit,
740 4425 848 4490 partem
889 4421 967 4497 Orig.
984 4422 1006 4480 1.
1021 4422 1066 4478 26.

322 4499 461 4557 brevitati:
479 4501 573 4570 gratio
589 4517 623 4554 ee
643 4517 673 4554 eo
687 4499 846 4564 detruserit,
