3082 5140
186 397 274 448 cnr.
292 389 322 448 1.
563 373 608 448 de
624 374 760 450 Merris
779 371 944 448 Comicir.
1217 370 1297 448 381·

187 560 425 634 “veniuntur
445 583 503 632 xx
528 573 591 632 aut
615 559 771 658 amplius
794 557 1033 657 syllabarum:
1061 556 1146 630 hinc
1170 557 1295 631 existi·

189 684 214 720 ‘⁶
233 688 378 747 mantur
403 687 559 746 metrum
583 699 655 745 non
673 671 843 758 tenuisse,
862 697 929 744 nec
954 697 1018 744 sua
1043 673 1123 772 lege
1145 699 1295 774 compo-

189 799 214 830 “
233 789 355 862 suisae.
407 787 516 872 Quod
542 814 626 860 vero
654 787 697 860 ad
726 787 917 874 clausulas,
942 787 980 860 id
1010 801 1065 860 est
1093 787 1294 862 minuscula

191 915 216 946 “
233 904 323 990 cola,
352 905 519 1004 pertinet,
547 914 636 1002 quot
665 929 796 1000 genera
824 928 991 978 versuum
1020 909 1114 988 sunt,
1140 903 1291 976 totidem

191 1031 215 1064 ‘⁸
232 1021 413 1094 tmembra
445 1047 511 1120 pro
532 1019 707 1092 ‘clausulis
737 1020 822 1118 poni
857 1031 1020 1119 possunt,
1045 1031 1082 1090 et
1110 1017 1226 1092 solent
1255 1019 1293 1092 iu

192 1135 380 1208 “canticis
398 1135 512 1234 magis
530 1161 639 1232 quam
658 1135 862 1226 vdiverbiis,
878 1161 959 1232 quas
976 1161 1022 1207 ex
1040 1135 1203 1208 trimetro
1217 1162 1293 1210 ma-

191 1251 288 1349 “gis
313 1249 524 1336 subsistunt,
542 1250 720 1338 collocari,
738 1263 774 1322 et
794 1252 976 1350 praecipue
1003 1249 1099 1350 apud
1122 1251 1291 1326 Plautum

194 1375 216 1407 ‘⁶
234 1377 271 1436 et
287 1364 457 1438 Naevium
477 1380 514 1438 et
531 1355 736 1438 Afranium.
786 1363 885 1438 Nam
911 1365 947 1437 bi
977 1365 1135 1438 maxime
1152 1391 1196 1438 ex
1215 1393 1294 1450 om,-

193 1492 215 1523 “
233 1478 338 1552 nibus
370 1481 541 1552 membris
568 1505 747 1570 versuum,
774 1481 862 1552 colis
900 1482 944 1553 ab
971 1481 1027 1553 bis
1055 1481 1225 1580 separatis
1252 1482 1294 1554 li-

192 1605 216 1638 “
233 1609 354 1668 center
371 1597 425 1669 usi
443 1595 667 1690 reperiuntur
683 1595 721 1668 in
740 1596 941 1670 clausulis.”

244 1709 347 1783 ldem
364 1710 572 1784 Victorinus
597 1709 634 1782 in
660 1709 762 1782 'alio
788 1709 867 1782 loco
889 1709 935 1782 de
962 1710 1083 1782 iambo
1107 1709 1159 1784 sic
1181 1709 1292 1786 dicit:
1307 1743 1338 1778 10

192 1834 216 1869 “
236 1825 468 1924 Improbatur
485 1837 605 1898 autem
630 1823 725 1924 apud
750 1825 903 1923 tragicos
922 1850 1042 1898 versus
1060 1851 1106 1899 ex
1123 1827 1294 1902 omnibus

194 1951 216 1984 ‘⁴
234 1941 363 2014 iambis
381 1941 624 2040 compositus:
651 1968 736 2014 nam
755 1967 827 2040 quo
844 1941 891 2014 sit
909 1941 1072 2042 amplior,
1090 1943 1208 2043 et‘par
1224 1957 1294 2016 tra-

192 2065 216 2100 “
234 2055 323 2153 gicae
355 2054 535 2154 dignitati,
566 2055 801 2156 interponunt
829 2055 1050 2155 frequentius
1083 2057 1170 2132 locis
1203 2057 1295 2132 dun-

193 2180 335 2243 “taxat
372 2171 570 2272 imparibus
613 2171 746 2270 pedum
782 2171 1068 2270 xdactylicorum
1105 2200 1221 2247 moras
1257 2188 1294 2248 et

193 2295 216 2329 ‘⁶
234 2284 447 2384 spondeum.
499 2286 675 2360 Similiter
697 2291 793 2386 apud
810 2288 968 2360 comicos
992 2289 1108 2362 laxius
1135 2290 1292 2388 spatium

194 2400 359 2474 “datum
383 2415 458 2474 ests
484 2416 630 2476 namet
657 2403 707 2474 illi
734 2403 824 2490 loca,
840 2429 921 2500 quae
949 2405 1090 2503 proprie
1116 2406 1293 2480 debentur

193 2524 218 2558 “
234 2515 376 2601 iambis,
401 2514 569 2616 spondeis
592 2531 783 2616 occupant,
808 2517 1024 2617 dactyloque
1050 2533 1087 2592 et
1112 2533 1293 2620 arrapoesto

192 2641 215 2674 “
233 2631 321 2706 locis
344 2631 494 2731 adaeque
511 2633 722 2732 disparibus.
773 2633 831 2706 Ita
847 2627 935 2707 dum
953 2633 1202 2732 quotidianum
1222 2661 1293 2708 ser-

192 2757 378 2821 “monem
407 2749 539 2823 imitari
569 2751 743 2836 nituntur,
770 2761 883 2822 metra
912 2749 1039 2823 vitiant
1070 2750 1189 2826 studio
1218 2778 1291 2826 non

194 2875 217 2907 ‘⁶
235 2865 436 2962 imperitia:
455 2865 552 2962 quod
566 2865 789 2963 frequentius
807 2865 901 2965 apud
920 2879 1059 2940 nostros
1072 2892 1181 2964 quam
1196 2865 1292 2964 apud

193 2987 216 3021 “
235 2979 380 3053 Gnaeos
398 2981 567 3054 invenies.
619 2981 764 3054 Genera
782 2995 902 3054 autem
922 2981 1066 3055 iambici
1086 2983 1188 3056 metri
1209 2997 1293 3055 sunt

193 3104 217 3136 ‘⁶
233 3093 327 3167 duo:
355 3121 439 3167 nam
466 3121 510 3167 ex
537 3095 580 3168 iis
605 3095 674 3168 alia
691 3095 840 3194 integra,
859 3096 928 3168 alia
953 3097 1091 3189 clauda,
1109 3125 1189 3198 quae
1218 3125 1293 3172 sca·

193 3220 217 3252 ‘⁶
235 3222 342 3282 zunta
354 3237 416 3283 seu
434 3211 664 3284 l'choliamba
676 3226 817 3297 vocant,
831 3226 935 3284 sunt:
962 3239 1115 3308 quorum
1130 3212 1294 3288 differen-

194 3331 216 3366 “
233 3325 320 3396 tiam
339 3324 543 3423 penultima
559 3353 680 3401 versus
706 3325 844 3426 syllaba
870 3326 1141 3402 demonstrabit.
1191 3329 1291 3403 Nam

194 3448 218 3482 “
235 3439 264 3512 si
291 3440 406 3512 brevis
425 3439 627 3540 contigerit,
641 3443 708 3514 erit
734 3457 869 3516 rectum
897 3456 935 3516 et
956 3445 1136 3544 integrum
1165 3443 1294 3519 iambi-

193 3563 216 3596 “
232 3581 329 3640 cum,
347 3554 408 3645 ita,

323 3675 346 3707 ‘⁶
367 3669 495 3755 Vigoris
509 3669 589 3733 adde
603 3671 756 3736 emeritum
770 3673 897 3737 celerem
907 3675 1030 3761 pedem.

194 3787 216 3820 ‘⁶
233 3775 297 3850 Sin
314 3801 397 3849 vero
414 3777 534 3873 longa,
551 3777 722 3851 delumbe
739 3793 776 3852 et
792 3780 974 3872 claudum,
993 3795 1033 3856 ut
1048 3795 1114 3868 est,

324 3899 345 3931 “
360 3892 514 3956 Novitote
528 3893 640 3958 duetus
653 3916 718 3957 non
732 3897 911 3960 cellararius
925 3897 1020 3983 legis.

244 4001 318 4076 “le
347 4004 454 4102 longa
479 4031 563 4102 quae
589 4005 791 4105 penultima
820 4007 1004 4107 reperitur,
1031 4018 1186 4081 metrum
1217 4033 1294 4081 cor-

193 4123 215 4158 “
232 4118 381 4216 rumpit.
426 4119 549 4215 Hujus
567 4134 725 4220 repertor
744 4121 955 4220 Hipponax.
1004 4123 1103 4197 Nam
1122 4123 1295 4223 prolam-

233 4324 245 4367 t
259 4327 400 4403 membra]
419 4340 511 4386 metra
524 4330 598 4388 Van.
685 4337 702 4369 V
715 4327 864 4403 diverbiis]
883 4327 1020 4388 deverbiis
1033 4331 1107 4390 Ven.
1201 4343 1224 4376 V
1238 4332 1294 4394 alio

195 4405 272 4481 loeo]
287 4427 316 4485 p.
330 4409 396 4466 108.
478 4419 494 4451 ¹
508 4409 725 4486 dactylieorum]
742 4407 917 4487 dactylomm
932 4409 1005 4468 Ven.
1019 4409 1080 4470 Ald.
1175 4413 1295 4474 scholi.

195 4487 290 4562 amba]
307 4487 451 4547 coriamba
465 4489 538 4548 Ven.
553 4489 617 4548 Ald.
