2980 5142
38 427 143 478 rae.
156 417 236 478 34.
405 405 470 478 De
485 431 654 480 versuum
669 405 877 504 generibus.
1111 417 1182 500 497

34 588 149 660 Hoc
172 599 328 661 constat
346 589 667 686 proceleusmatico
685 589 787 688 pede,
801 591 861 688 qui
881 603 996 664 estex
1014 605 1184 688 quattuor

35 701 262 775 brevibus.
314 701 379 776 lln
404 704 480 774 imo
508 703 634 803 recipit
656 704 883 802 trisyllabum
911 707 1040 806 pedem
1070 708 1184 780 incer-

35 833 140 890 tum
172 845 295 915 quem
319 817 402 915 ⁰qui
420 817 466 890 dc
485 817 612 892 ultima
636 821 773 917 syllaba
792 822 827 896 id
850 820 967 896 dvarie
990 824 1182 896 observan-

36 932 154 1006 dum
180 949 255 1022 est,
272 933 370 1030 quod
389 959 494 1032 supra
512 933 650 1008 dictum
670 947 735 1010 est.

110 1048 370 1122 Molossicum
393 1063 547 1122 metrum
567 1050 658 1122 milri
672 1051 904 1128 durissimum
920 1054 1071 1128 videtur.
1101 1052 1227 1134 ltu-4³

37 1163 119 1258 jus
141 1165 364 1264 exemplum
384 1163 447 1238 dat
465 1165 625 1238 eCaesius
642 1166 777 1240 Bassus
796 1167 878 1256 tale,

254 1279 406 1344 ‘nonant
421 1281 554 1344 victores
571 1282 741 1354 Germanis
755 1282 898 1346 devictis.

53 1389 220 1464 Omnes
245 1391 364 1488 longae
391 1404 488 1476 sunt,
512 1391 599 1488 quia
625 1391 802 1464 molossus
829 1403 971 1464 constat
997 1417 1041 1463 ex
1067 1391 1181 1464 tribus

56 1506 228 1604 syllabis
246 1505 376 1605 longis.
428 1505 544 1580 Hunc
562 1533 646 1578 sane
664 1531 805 1579 versum
837 1508 1063 1580 simillimum
1091 1519 1181 1606 puto
1224 1493 1227 1499 ⁵
1264 1593 1268 1600 ⁵

57 1621 145 1694 silli
175 1621 392 1694 hexametro
409 1623 470 1718 qui
490 1620 730 1722 '’spondiacus
748 1621 888 1694 dicitur.
938 1622 1038 1696 Nam
1063 1635 1099 1694 et
1122 1621 1182 1696 hic

61 1737 247 1810 similiter
262 1736 452 1810 duodecim
473 1738 628 1834 syllabas
647 1738 772 1837 longas
789 1739 910 1812 habet.

121 1853 264 1927 Cretici
283 1877 404 1925 versus
422 1851 493 1926 hoc
510 1854 720 1952 exemplum
738 1869 804 1942 cst,
1195 1895 1228 1940 44

222 2021 226 2028 .
253 1969 347 2034 Alma
361 1969 419 2033 lua
434 1968 571 2033 iroscida
581 1972 835 2058 priomflamma
849 1976 963 2038 sitem.

69 2081 167 2154 ΙιΜθ
199 2095 256 2153 sat
284 2094 339 2154 est
364 2080 498 2154 dixisse
529 2081 700 2155 creticum
732 2095 895 2156 constare
925 2111 969 2156 cx
1000 2083 1120 2182 longa,
1145 2097 1183 2155 et

71 2196 190 2286 brevi,
208 2210 246 2270 et
263 2196 381 2295 longa,
399 2197 460 2294 qui
479 2211 515 2268 et
533 2197 799 2296 amphimacros
818 2201 1036 2275 nominatur.

126 2312 392 2386 Antibacchias
410 2337 531 2384 versus
549 2311 772 2408 ¹hujusmodi
791 2331 856 2404 est,
1196 2353 1226 2403 45
1315 2381 1317 2386 ,

254 2430 405 2493 τῃΜαθὶῖί
420 2430 503 2492 beati
515 2451 667 2516 paremus
681 2439 817 2517 nepotes.

82 2539 205 2636 Hujus
236 2539 351 2612 facilis
380 2539 537 2638 partitio,
566 2565 679 2636 quum
711 2540 867 2615 sciamus
902 2541 1031 2639 pedem
1064 2542 1181 2641 ipsum

82 2668 246 2728 constare
264 2667 333 2727 ners
353 2655 451 2728 brevi
468 2669 504 2728 et
521 2655 660 2728 duabus
678 2655 807 2754 longis.

134 2771 355 2845 Bacchicam
378 2785 533 2846 metrum
552 2789 606 2844 cst
623 2773 706 2860 tale,
1196 2801 1229 2860 4⁶

253 2887 399 2952 ‘’Laetare
413 2888 562 2952 bacclore
573 2899 730 2975 premente
745 2891 915 2953 Frontone.

88 2995 192 3070 ¹’Hoc
215 2995 303 3069 mihi
328 2996 469 3070 videtur
497 2999 612 3097 nragis
641 2999 684 3072 ad
713 3025 854 3100 prosam
881 2997 1081 3071 convenire.
1132 2997 1184 3070 Et

90 3138 170 3184 sane
200 3111 321 3185 multis
352 3111 503 3210 pedibus
534 3114 570 3185 in
600 3115 760 3186 oratione
789 3115 936 3202 utimur,
967 3115 1052 3186 licet
1082 3113 1183 3188 stulti

132 3400 148 3448 b
160 3404 242 3462 immo
257 3403 370 3483 recipit]
387 3409 416 3464 ta
429 3409 484 3463 imo
497 3411 597 3482 recepit
611 3409 647 3466 A.
781 3419 795 3450 ⁰
808 3407 923 3485 quidem
940 3407 982 3482 in]
1000 3409 1046 3484 qui
1060 3409 1093 3465 de
1107 3407 1181 3466 A.B.

97 3481 225 3543 lrsrium
251 3486 454 3544 observandum
477 3489 554 3563 esse]
582 3491 611 3546 id
633 3491 710 3547 varie
737 3489 932 3548 olomundum
953 3497 993 3546 est
1016 3489 1089 3563 qaod
1111 3488 1181 3546 Am.

98 3567 234 3640 ‘Cassiod
252 3567 354 3624 Celsius
367 3569 439 3625 Α.Β.
457 3569 561 3626 Celsius
575 3571 687 3626 Boetius
703 3569 774 3626 Van.
866 3567 1017 3628 sRomani
1031 3567 1121 3626 Gallis
1132 3569 1181 3626 ‹le-

100 3645 170 3705 victis
182 3659 244 3705 sunt
258 3645 377 3706 victores
390 3647 451 3725 qui]
466 3649 583 3706 Romani
593 3653 707 3707 victores
721 3651 863 3708 Gemonis
877 3653 987 3709 devictis
1000 3669 1090 3708 omnes
1104 3652 1183 3723 longe

100 3737 164 3794 mat,
185 3730 244 3802 quio
270 3729 399 3786 molossus
423 3737 530 3786 constat
553 3731 626 3788 A.B.
651 3731 806 3788 Romanum
831 3733 944 3788 victores
966 3734 1050 3806 gallis
1071 3733 1183 3787 devictis

102 3809 172 3882 longe
183 3817 240 3866 mat
255 3827 346 3866 omnes
362 3809 431 3868 Ven.
534 3821 551 3866 8
565 3809 617 3885 illi]
634 3812 683 3868 illo
698 3813 731 3868 Α.
824 3808 841 3853 h
855 3811 1039 3889 spondeicus]
1055 3811 1182 3885 spondia-

103 3908 143 3946 αα
155 3891 187 3948 Β.
272 3887 281 3930 i
297 3889 401 3964 rosida]
420 3893 526 3948 roscido
541 3893 574 3948 Α.
669 3888 741 3948 kMi
757 3905 800 3948 sat
813 3905 858 3950 est
872 3891 984 3960 dixisse,
998 3893 1133 3950 creticum
1148 3908 1182 3947 ex

103 3967 214 4047 longasi
228 3969 301 4028 brevi
315 3983 343 4028 et
358 3969 444 4048 longa
465 3991 526 4030 esse
542 3971 591 4048 qui
611 3985 641 4030 et
662 3973 880 4048 amphimacrus]
904 3991 947 4030 me
963 3981 1007 4028 rot
1026 3979 1065 4028 est
1085 3973 1183 4028 divisse

105 4056 215 4107 creticum
234 4059 358 4108 constare
374 4071 408 4109 ec
430 4055 513 4126 longa
535 4061 562 4110 et
584 4055 664 4110 brevi.
686 4072 719 4109 ex
740 4055 779 4125 (et
803 4053 851 4125 B.)
873 4055 954 4126 longa
979 4054 1086 4126 quidem
1109 4053 1182 4124 (qui-

104 4131 159 4187 dam
172 4131 214 4204 Β.)
229 4133 430 4206 amphimacrus
442 4133 515 4191 Am.
538 4152 581 4190 me
593 4142 637 4190 sot
650 4151 706 4210 esse
722 4133 792 4190 Van.
807 4131 855 4210 qui
869 4152 925 4190 esse
938 4151 995 4190 om.
1010 4143 1076 4210 post
1090 4133 1181 4206 longo.

106 4207 283 4284 ¹hujusmodi]
299 4211 431 4285 eimrnodi
443 4214 516 4272 AB.
552 4215 643 4292 Supra
657 4215 848 4271 Antebocolms
861 4213 934 4271 Ven.
1084 4223 1108 4254 ¹¹²
1124 4211 1183 4270 nati

108 4291 171 4349 beati
181 4294 288 4370 parens]
303 4297 397 4351 mariti
412 4295 484 4351 beati
493 4313 624 4370 porcinas
636 4293 706 4351 AB.
850 4304 866 4336 ¹³
880 4313 915 4352 ex
925 4293 1034 4352 duabus
1047 4291 1140 4373 longis
1153 4305 1184 4351 θῖ

109 4371 182 4446 brevi]
196 4375 309 4432 ealreoi
323 4382 350 4431 et
363 4376 470 4432 duobus
484 4377 571 4450 longis
585 4375 654 4432 ΑΒ.
668 4375 741 4431 Ven.
877 4383 893 4416 ⁰
907 4376 1030 4434 Buccare
1044 4373 1184 4452 precinge

110 4451 223 4530 frontem]
239 4456 333 4512 latore
347 4455 479 4513 bacchorc
501 4464 632 4532 prasente
641 4455 776 4532 frontone
791 4455 861 4514 Α.Β.
985 4453 1043 4512 ihi
1060 4453 1129 4513 milri
1143 4453 1184 4513 ri-

111 4532 207 4610 dentur]
227 4536 277 4593 loc
290 4537 358 4594 mitt
371 4539 479 4594 videtur
491 4537 565 4598 Α.Β.

608 4645 667 4706 3s
