<?xml version="1.0" encoding="UTF-8"?>
<!DOCTYPE html PUBLIC "-//W3C//DTD XHTML 1.0 Transitional//EN"
    "http://www.w3.org/TR/xhtml1/DTD/xhtml1-transitional.dtd">
<html xmlns="http://www.w3.org/1999/xhtml" xml:lang="en" lang="en">
 <head>
  <title>
</title>
<meta http-equiv="Content-Type" content="text/html;charset=utf-8" />
  <meta name='ocr-system' content='tesseract 3.04.00' />
  <meta name='ocr-capabilities' content='ocr_page ocr_carea ocr_par ocr_line ocrx_word'/>
</head>
<body>
  <div class='ocr_page' id='page_1' title='image "./scriptoreslatin00gaisgoog_0042.png"; bbox 0 0 3012 5084; ppageno 0'>
   <div class='ocr_carea' id='block_1_1' title="bbox 307 361 1434 440">
    <p class='ocr_par' dir='ltr' id='par_1_1' title="bbox 307 361 1434 440">
     <span class='ocr_line' id='line_1_1' title="bbox 307 361 1434 440; baseline -0.002 -1"><span class='ocrx_word' id='word_1_1' title='bbox 307 381 354 440; x_wconf 78' lang='lat'><strong><em>22</em></strong></span> <span class='ocrx_word' id='word_1_2' title='bbox 697 361 819 438; x_wconf 84' lang='lat' dir='ltr'><strong><em>Marii</em></strong></span> <span class='ocrx_word' id='word_1_3' title='bbox 839 363 1024 438; x_wconf 74' lang='lat' dir='ltr'><strong><em>Victorini</em></strong></span> <span class='ocrx_word' id='word_1_4' title='bbox 1290 386 1378 436; x_wconf 76' lang='lat' dir='ltr'><strong><em>ars.</em></strong></span> <span class='ocrx_word' id='word_1_5' title='bbox 1402 388 1434 438; x_wconf 92' lang='lat' dir='ltr'><strong><em>r.</em></strong></span> 
     </span>
    </p>
   </div>
   <div class='ocr_carea' id='block_1_2' title="bbox 259 547 1432 3645">
    <p class='ocr_par' dir='ltr' id='par_1_2' title="bbox 259 547 1432 3645">
     <span class='ocr_line' id='line_1_2' title="bbox 305 547 1432 649; baseline -0.002 -27"><span class='ocrx_word' id='word_1_6' title='bbox 305 561 431 649; x_wconf 89' lang='lat' dir='ltr'><strong><em>perent</em></strong></span> <span class='ocrx_word' id='word_1_7' title='bbox 448 549 486 622; x_wconf 89' lang='lat' dir='ltr'><strong><em>in</em></strong></span> <span class='ocrx_word' id='word_1_8' title='bbox 503 547 664 622; x_wconf 84' lang='lat' dir='ltr'>ordinem</span> <span class='ocrx_word' id='word_1_9' title='bbox 683 547 882 622; x_wconf 88' lang='lat' dir='ltr'><strong><em>litterarum</em></strong></span> <span class='ocrx_word' id='word_1_10' title='bbox 909 573 1054 620; x_wconf 90' lang='lat' dir='ltr'><strong><em>suarum</em></strong></span> <span class='ocrx_word' id='word_1_11' title='bbox 1076 551 1095 632; x_wconf 87' lang='grc' dir='ltr'><em>ξ</em></span> <span class='ocrx_word' id='word_1_12' title='bbox 1116 559 1154 619; x_wconf 91' lang='lat' dir='ltr'><strong><em>et</em></strong></span> <span class='ocrx_word' id='word_1_13' title='bbox 1175 555 1212 634; x_wconf 74' lang='grc' dir='ltr'><strong><em>ψ,</em></strong></span> <span class='ocrx_word' id='word_1_14' title='bbox 1230 558 1313 620; x_wconf 66' lang='lat' dir='ltr'><strong><em>teas</em></strong></span> <span class='ocrx_word' id='word_1_15' title='bbox 1332 549 1432 645; x_wconf 92' lang='lat' dir='ltr'><strong><em>qui-</em></strong></span> 
     </span>
     <span class='ocr_line' id='line_1_3' title="bbox 303 655 1430 763; baseline -0.002 -27"><span class='ocrx_word' id='word_1_16' title='bbox 303 663 389 738; x_wconf 91' lang='lat' dir='ltr'><strong><em>dem</em></strong></span> <span class='ocrx_word' id='word_1_17' title='bbox 414 689 520 737; x_wconf 89' lang='lat' dir='ltr'><strong><em>voces</em></strong></span> <span class='ocrx_word' id='word_1_18' title='bbox 554 662 592 735; x_wconf 90' lang='lat' dir='ltr'><strong><em>in</em></strong></span> <span class='ocrx_word' id='word_1_19' title='bbox 618 663 750 760; x_wconf 82' lang='lat' dir='ltr'><strong><em>quibus</em></strong></span> <span class='ocrx_word' id='word_1_20' title='bbox 776 664 972 763; x_wconf 77' lang='lat' dir='ltr'><strong>apparebat</strong></span> <span class='ocrx_word' id='word_1_21' title='bbox 996 689 1037 762; x_wconf 80' lang='lat' dir='ltr'><strong><em>g,</em></strong></span> <span class='ocrx_word' id='word_1_22' title='bbox 1062 675 1105 736; x_wconf 94' lang='lat' dir='ltr'><strong><em>ut</em></strong></span> <span class='ocrx_word' id='word_1_23' title='bbox 1130 655 1182 747; x_wconf 72' lang='grc' dir='ltr'><strong><em>αἲξ</em></strong></span> <span class='ocrx_word' id='word_1_24' title='bbox 1204 662 1304 756; x_wconf 74' lang='grc' dir='ltr'><strong><em>αἰγίς,</em></strong></span> <span class='ocrx_word' id='word_1_25' title='bbox 1329 661 1430 754; x_wconf 70' lang='grc' dir='ltr'>φλὸξ</span> 
     </span>
     <span class='ocr_line' id='line_1_4' title="bbox 303 777 1426 878; baseline -0.003 -25"><span class='ocrx_word' id='word_1_26' title='bbox 303 778 433 877; x_wconf 69' lang='grc' dir='ltr'><strong><em>φλογός,</em></strong></span> <span class='ocrx_word' id='word_1_27' title='bbox 450 793 487 853; x_wconf 92' lang='lat' dir='ltr'><strong><em>et</em></strong></span> <span class='ocrx_word' id='word_1_28' title='bbox 505 777 646 868; x_wconf 76' lang='lat' dir='ltr'><strong><em>similia,</em></strong></span> <span class='ocrx_word' id='word_1_29' title='bbox 663 780 868 854; x_wconf 80' lang='lat' dir='ltr'><strong><em>scribebant</em></strong></span> <span class='ocrx_word' id='word_1_30' title='bbox 885 805 950 878; x_wconf 88' lang='lat' dir='ltr'><strong><em>per</em></strong></span> <span class='ocrx_word' id='word_1_31' title='bbox 962 811 1023 876; x_wconf 73' lang='lat'><strong><em>753</em></strong></span> <span class='ocrx_word' id='word_1_32' title='bbox 1048 778 1085 852; x_wconf 92' lang='lat' dir='ltr'><strong><em>in</em></strong></span> <span class='ocrx_word' id='word_1_33' title='bbox 1103 777 1235 876; x_wconf 89' lang='lat' dir='ltr'><strong><em>quihus</em></strong></span> <span class='ocrx_word' id='word_1_34' title='bbox 1252 803 1338 850; x_wconf 88' lang='lat' dir='ltr'><strong><em>vero</em></strong></span> <span class='ocrx_word' id='word_1_35' title='bbox 1359 779 1426 851; x_wconf 90' lang='lat' dir='ltr'><strong><em>in-</em></strong></span> 
     </span>
     <span class='ocr_line' id='line_1_5' title="bbox 303 892 1423 981; baseline -0.004 -11"><span class='ocrx_word' id='word_1_36' title='bbox 303 895 448 970; x_wconf 81' lang='lat' dir='ltr'><strong><em>cidebat</em></strong></span> <span class='ocrx_word' id='word_1_37' title='bbox 481 927 512 981; x_wconf 80' lang='lat' dir='ltr'><strong><em>r,</em></strong></span> <span class='ocrx_word' id='word_1_38' title='bbox 546 907 586 967; x_wconf 88' lang='lat' dir='ltr'><strong><em>ut</em></strong></span> <span class='ocrx_word' id='word_1_39' title='bbox 622 893 715 978; x_wconf 70' lang='lat' dir='ltr'><strong><em>&#39;bsai</em></strong></span> <span class='ocrx_word' id='word_1_40' title='bbox 750 894 889 980; x_wconf 75' lang='grc' dir='ltr'><strong><em>ἄνακτος,</em></strong></span> <span class='ocrx_word' id='word_1_41' title='bbox 920 893 1005 979; x_wconf 64' lang='lat' dir='ltr'><strong><em>birci</em></strong></span> <span class='ocrx_word' id='word_1_42' title='bbox 1035 892 1165 980; x_wconf 71' lang='lat' dir='ltr'><strong><em>bimos,</em></strong></span> <span class='ocrx_word' id='word_1_43' title='bbox 1194 906 1232 966; x_wconf 84' lang='lat' dir='ltr'><strong><em>et</em></strong></span> <span class='ocrx_word' id='word_1_44' title='bbox 1265 892 1423 980; x_wconf 79' lang='lat' dir='ltr'><strong><em>similia,</em></strong></span> 
     </span>
     <span class='ocr_line' id='line_1_6' title="bbox 259 1007 1424 1110; baseline -0.003 -26"><span class='ocrx_word' id='word_1_45' title='bbox 259 1043 289 1096; x_wconf 70' lang='grc' dir='ltr'><strong><em>π,</em></strong></span> <span class='ocrx_word' id='word_1_46' title='bbox 304 1037 368 1110; x_wconf 96' lang='lat' dir='ltr'><strong><em>per</em></strong></span> <span class='ocrx_word' id='word_1_47' title='bbox 390 1044 411 1084; x_wconf 86' lang='grc' dir='ltr'>κ</span> <span class='ocrx_word' id='word_1_48' title='bbox 435 1023 474 1083; x_wconf 92' lang='lat' dir='ltr'><strong><em>et</em></strong></span> <span class='ocrx_word' id='word_1_49' title='bbox 498 1037 540 1084; x_wconf 75' lang='lat' dir='ltr'><strong><em>o:</em></strong></span> <span class='ocrx_word' id='word_1_50' title='bbox 566 1009 606 1082; x_wconf 93' lang='lat' dir='ltr'><strong><em>in</em></strong></span> <span class='ocrx_word' id='word_1_51' title='bbox 631 1034 785 1107; x_wconf 91' lang='lat' dir='ltr'><strong><em>quorum</em></strong></span> <span class='ocrx_word' id='word_1_52' title='bbox 811 1007 1053 1082; x_wconf 80' lang='lat' dir='ltr'><strong><em>declinatione</em></strong></span> <span class='ocrx_word' id='word_1_53' title='bbox 1078 1008 1194 1082; x_wconf 85' lang='lat' dir='ltr'><strong><em>inerat</em></strong></span> <span class='ocrx_word' id='word_1_54' title='bbox 1214 1015 1251 1098; x_wconf 86' lang='grc' dir='ltr'><strong><em>β,</em></strong></span> <span class='ocrx_word' id='word_1_55' title='bbox 1268 1022 1310 1082; x_wconf 92' lang='lat' dir='ltr'><strong><em>ut</em></strong></span> <span class='ocrx_word' id='word_1_56' title='bbox 1326 1009 1424 1106; x_wconf 72' lang='grc' dir='ltr'><strong><em>ἅραψ</em></strong></span> 
     </span>
     <span class='ocr_line' id='line_1_7' title="bbox 302 1124 1421 1226; baseline -0.004 -24"><span class='ocrx_word' id='word_1_57' title='bbox 302 1127 431 1226; x_wconf 69' lang='grc' dir='ltr'><strong><em>ἄραβος,</em></strong></span> <span class='ocrx_word' id='word_1_58' title='bbox 455 1151 520 1226; x_wconf 90' lang='lat' dir='ltr'><strong><em>per</em></strong></span> <span class='ocrx_word' id='word_1_59' title='bbox 546 1134 573 1212; x_wconf 82' lang='grc' dir='ltr'><strong><em>β</em></strong></span> <span class='ocrx_word' id='word_1_60' title='bbox 606 1139 643 1198; x_wconf 88' lang='lat' dir='ltr'><strong><em>et</em></strong></span> <span class='ocrx_word' id='word_1_61' title='bbox 673 1154 714 1199; x_wconf 79' lang='lat' dir='ltr'><strong><em>o:</em></strong></span> <span class='ocrx_word' id='word_1_62' title='bbox 741 1137 778 1198; x_wconf 90' lang='lat' dir='ltr'><strong><em>et</em></strong></span> <span class='ocrx_word' id='word_1_63' title='bbox 805 1125 841 1197; x_wconf 91' lang='lat' dir='ltr'><strong><em>in</em></strong></span> <span class='ocrx_word' id='word_1_64' title='bbox 868 1124 1001 1222; x_wconf 90' lang='lat' dir='ltr'><strong><em>quihus</em></strong></span> <span class='ocrx_word' id='word_1_65' title='bbox 1025 1155 1060 1210; x_wconf 73' lang='lat' dir='ltr'><strong><em>a,</em></strong></span> <span class='ocrx_word' id='word_1_66' title='bbox 1088 1125 1214 1212; x_wconf 67' lang='grc' dir='ltr'>κόκλωψ</span> <span class='ocrx_word' id='word_1_67' title='bbox 1244 1124 1421 1216; x_wconf 60' lang='lat' dir='ltr'><strong><em>rietatis,</em></strong></span> 
     </span>
     <span class='ocr_line' id='line_1_8' title="bbox 302 1239 1415 1342; baseline -0.002 -28"><span class='ocrx_word' id='word_1_68' title='bbox 302 1268 368 1342; x_wconf 89' lang='lat' dir='ltr'><strong><em>per</em></strong></span> <span class='ocrx_word' id='word_1_69' title='bbox 384 1275 408 1314; x_wconf 75' lang='grc' dir='ltr'><strong>π</strong></span> <span class='ocrx_word' id='word_1_70' title='bbox 424 1257 461 1315; x_wconf 92' lang='lat' dir='ltr'><strong><em>et</em></strong></span> <span class='ocrx_word' id='word_1_71' title='bbox 479 1269 521 1314; x_wconf 80' lang='lat' dir='ltr'><strong><em>c:</em></strong></span> <span class='ocrx_word' id='word_1_72' title='bbox 559 1240 725 1314; x_wconf 88' lang='lat' dir='ltr'><strong><em>similiter</em></strong></span> <span class='ocrx_word' id='word_1_73' title='bbox 749 1239 874 1328; x_wconf 81' lang='lat' dir='ltr'><strong><em>nostri,</em></strong></span> <span class='ocrx_word' id='word_1_74' title='bbox 901 1265 1006 1314; x_wconf 85' lang='lat' dir='ltr'><strong><em>voces</em></strong></span> <span class='ocrx_word' id='word_1_75' title='bbox 1032 1265 1112 1338; x_wconf 80' lang='lat' dir='ltr'><strong><em>quae</em></strong></span> <span class='ocrx_word' id='word_1_76' title='bbox 1138 1239 1175 1310; x_wconf 92' lang='lat' dir='ltr'><strong><em>iu</em></strong></span> <span class='ocrx_word' id='word_1_77' title='bbox 1202 1265 1228 1312; x_wconf 80' lang='lat' dir='ltr'><strong><em>c</em></strong></span> <span class='ocrx_word' id='word_1_78' title='bbox 1250 1239 1415 1314; x_wconf 87' lang='lat' dir='ltr'><strong><em>litteram</em></strong></span> 
     </span>
     <span class='ocr_line' id='line_1_9' title="bbox 303 1355 1417 1454; baseline 0 -24"><span class='ocrx_word' id='word_1_79' title='bbox 303 1357 479 1445; x_wconf 90' lang='lat' dir='ltr'><strong><em>incidunt,</em></strong></span> <span class='ocrx_word' id='word_1_80' title='bbox 496 1357 525 1429; x_wconf 89' lang='lat' dir='ltr'><strong><em>si</em></strong></span> <span class='ocrx_word' id='word_1_81' title='bbox 547 1357 583 1429; x_wconf 92' lang='lat' dir='ltr'><strong><em>in</em></strong></span> <span class='ocrx_word' id='word_1_82' title='bbox 604 1355 844 1430; x_wconf 86' lang='lat' dir='ltr'><strong><em>declinatione</em></strong></span> <span class='ocrx_word' id='word_1_83' title='bbox 866 1381 989 1428; x_wconf 88' lang='lat' dir='ltr'><strong><em>earum</em></strong></span> <span class='ocrx_word' id='word_1_84' title='bbox 1008 1355 1203 1454; x_wconf 84' lang='lat' dir='ltr'><strong><em>apparebat</em></strong></span> <span class='ocrx_word' id='word_1_85' title='bbox 1218 1381 1259 1453; x_wconf 86' lang='lat' dir='ltr'><strong><em>g,</em></strong></span> <span class='ocrx_word' id='word_1_86' title='bbox 1276 1357 1417 1430; x_wconf 87' lang='lat' dir='ltr'><strong><em>scribe·</em></strong></span> 
     </span>
     <span class='ocr_line' id='line_1_10' title="bbox 304 1469 1412 1573; baseline -0.001 -26"><span class='ocrx_word' id='word_1_87' title='bbox 304 1474 391 1547; x_wconf 88' lang='lat' dir='ltr'><strong><em>bant</em></strong></span> <span class='ocrx_word' id='word_1_88' title='bbox 409 1485 493 1573; x_wconf 84' lang='lat' dir='ltr'><strong><em>get</em></strong></span> <span class='ocrx_word' id='word_1_89' title='bbox 516 1498 546 1560; x_wconf 88' lang='lat' dir='ltr'><strong><em>s,</em></strong></span> <span class='ocrx_word' id='word_1_90' title='bbox 564 1485 616 1560; x_wconf 92' lang='lat' dir='ltr'><strong><em>ut,</em></strong></span> <span class='ocrx_word' id='word_1_91' title='bbox 633 1470 813 1570; x_wconf 65' lang='lat' dir='ltr'><strong><em>‘conjuga</em></strong></span> <span class='ocrx_word' id='word_1_92' title='bbox 840 1469 931 1570; x_wconf 82' lang='lat' dir='ltr'><strong><em>legs,</em></strong></span> <span class='ocrx_word' id='word_1_93' title='bbox 948 1483 985 1544; x_wconf 86' lang='lat' dir='ltr'><strong><em>et</em></strong></span> <span class='ocrx_word' id='word_1_94' title='bbox 1010 1471 1154 1560; x_wconf 86' lang='lat' dir='ltr'><strong><em>similia,</em></strong></span> <span class='ocrx_word' id='word_1_95' title='bbox 1178 1497 1243 1570; x_wconf 90' lang='lat' dir='ltr'><strong><em>per</em></strong></span> <span class='ocrx_word' id='word_1_96' title='bbox 1263 1487 1353 1571; x_wconf 85' lang='lat' dir='ltr'><strong><em>get</em></strong></span> <span class='ocrx_word' id='word_1_97' title='bbox 1377 1499 1412 1546; x_wconf 85' lang='lat' dir='ltr'><strong><em>s.</em></strong></span> 
     </span>
     <span class='ocr_line' id='line_1_11' title="bbox 260 1586 1411 1687; baseline 0 -25"><span class='ocrx_word' id='word_1_98' title='bbox 260 1589 356 1674; x_wconf 75' lang='lat' dir='ltr'><strong><em>76At</em></strong></span> <span class='ocrx_word' id='word_1_99' title='bbox 371 1615 454 1687; x_wconf 83' lang='lat' dir='ltr'><strong><em>quae</em></strong></span> <span class='ocrx_word' id='word_1_100' title='bbox 472 1613 577 1662; x_wconf 83' lang='lat' dir='ltr'><strong><em>voces</em></strong></span> <span class='ocrx_word' id='word_1_101' title='bbox 593 1590 636 1672; x_wconf 72' lang='lat' dir='ltr'><strong><em>‘d</em></strong></span> <span class='ocrx_word' id='word_1_102' title='bbox 651 1587 807 1660; x_wconf 84' lang='lat' dir='ltr'><strong><em>litteram</em></strong></span> <span class='ocrx_word' id='word_1_103' title='bbox 827 1587 977 1676; x_wconf 88' lang='lat' dir='ltr'><strong><em>habent,</em></strong></span> <span class='ocrx_word' id='word_1_104' title='bbox 994 1586 1050 1660; x_wconf 81' lang='lat' dir='ltr'><strong><em>hoe</em></strong></span> <span class='ocrx_word' id='word_1_105' title='bbox 1067 1611 1132 1686; x_wconf 89' lang='lat' dir='ltr'><strong><em>per</em></strong></span> <span class='ocrx_word' id='word_1_106' title='bbox 1149 1586 1170 1660; x_wconf 94' lang='lat' dir='ltr'><strong><em>b</em></strong></span> <span class='ocrx_word' id='word_1_107' title='bbox 1187 1601 1259 1659; x_wconf 87' lang='lat' dir='ltr'><strong><em>ets</em></strong></span> <span class='ocrx_word' id='word_1_108' title='bbox 1275 1587 1411 1662; x_wconf 90' lang='lat' dir='ltr'><strong><em>scribe-</em></strong></span> 
     </span>
     <span class='ocr_line' id='line_1_12' title="bbox 304 1701 1411 1800; baseline -0.003 -21"><span class='ocrx_word' id='word_1_109' title='bbox 304 1706 447 1793; x_wconf 82' lang='lat' dir='ltr'><strong><em>bantur,</em></strong></span> <span class='ocrx_word' id='word_1_110' title='bbox 465 1703 494 1776; x_wconf 85' lang='lat' dir='ltr'><strong><em>ai</em></strong></span> <span class='ocrx_word' id='word_1_111' title='bbox 521 1703 560 1776; x_wconf 92' lang='lat' dir='ltr'><strong><em>in</em></strong></span> <span class='ocrx_word' id='word_1_112' title='bbox 582 1701 822 1776; x_wconf 89' lang='lat' dir='ltr'><strong><em>declinatione</em></strong></span> <span class='ocrx_word' id='word_1_113' title='bbox 843 1701 1048 1800; x_wconf 88' lang='lat' dir='ltr'><strong><em>acciperent</em></strong></span> <span class='ocrx_word' id='word_1_114' title='bbox 1065 1701 1098 1790; x_wconf 92' lang='lat' dir='ltr'><strong><em>b,</em></strong></span> <span class='ocrx_word' id='word_1_115' title='bbox 1114 1713 1155 1774; x_wconf 91' lang='lat' dir='ltr'><strong><em>ut</em></strong></span> <span class='ocrx_word' id='word_1_116' title='bbox 1170 1701 1316 1776; x_wconf 72' lang='lat' dir='ltr'><strong><em>&#39;celebs</em></strong></span> <span class='ocrx_word' id='word_1_117' title='bbox 1341 1729 1411 1776; x_wconf 74' lang='grc' dir='ltr'><strong><em>οω-</em></strong></span> 
     </span>
     <span class='ocr_line' id='line_1_13' title="bbox 259 1816 1410 1918; baseline -0.003 -23"><span class='ocrx_word' id='word_1_118' title='bbox 259 1843 289 1896; x_wconf 79' lang='lat'><strong><em>77</em></strong></span> <span class='ocrx_word' id='word_1_119' title='bbox 303 1820 397 1910; x_wconf 78' lang='lat' dir='ltr'><strong><em>libis,</em></strong></span> <span class='ocrx_word' id='word_1_120' title='bbox 429 1819 534 1918; x_wconf 84' lang='lat' dir='ltr'><strong><em>plebs</em></strong></span> <span class='ocrx_word' id='word_1_121' title='bbox 572 1816 701 1916; x_wconf 83' lang='lat' dir='ltr'><strong><em>plebis.</em></strong></span> <span class='ocrx_word' id='word_1_122' title='bbox 753 1817 992 1914; x_wconf 87' lang='lat' dir='ltr'><strong><em>Posteaquam</em></strong></span> <span class='ocrx_word' id='word_1_123' title='bbox 1031 1843 1053 1890; x_wconf 88' lang='lat' dir='ltr'><strong><em>a</em></strong></span> <span class='ocrx_word' id='word_1_124' title='bbox 1086 1817 1223 1890; x_wconf 73' lang='lat' dir='ltr'><strong><em>Gracia</em></strong></span> <span class='ocrx_word' id='word_1_125' title='bbox 1256 1821 1285 1905; x_wconf 81' lang='grc' dir='ltr'><strong><em>ξ,</em></strong></span> <span class='ocrx_word' id='word_1_126' title='bbox 1313 1833 1351 1892; x_wconf 90' lang='lat' dir='ltr'><strong><em>et</em></strong></span> <span class='ocrx_word' id='word_1_127' title='bbox 1385 1847 1410 1892; x_wconf 90' lang='lat' dir='ltr'><strong><em>a</em></strong></span> 
     </span>
     <span class='ocr_line' id='line_1_14' title="bbox 303 1933 1409 2036; baseline -0.002 -26"><span class='ocrx_word' id='word_1_128' title='bbox 303 1935 407 2010; x_wconf 89' lang='lat' dir='ltr'><strong><em>nobis</em></strong></span> <span class='ocrx_word' id='word_1_129' title='bbox 427 1963 454 2010; x_wconf 83' lang='lat' dir='ltr'><strong><em>c</em></strong></span> <span class='ocrx_word' id='word_1_130' title='bbox 474 1947 619 2036; x_wconf 88' lang='lat' dir='ltr'><strong><em>recepta</em></strong></span> <span class='ocrx_word' id='word_1_131' title='bbox 636 1947 702 2024; x_wconf 86' lang='lat' dir='ltr'><strong><em>est,</em></strong></span> <span class='ocrx_word' id='word_1_132' title='bbox 720 1933 810 2007; x_wconf 91' lang='lat' dir='ltr'><strong><em>abiit</em></strong></span> <span class='ocrx_word' id='word_1_133' title='bbox 826 1946 863 2006; x_wconf 90' lang='lat' dir='ltr'><strong><em>et</em></strong></span> <span class='ocrx_word' id='word_1_134' title='bbox 880 1933 1023 2006; x_wconf 89' lang='lat' dir='ltr'><strong><em>illorum</em></strong></span> <span class='ocrx_word' id='word_1_135' title='bbox 1042 1946 1079 2006; x_wconf 90' lang='lat' dir='ltr'><strong><em>et</em></strong></span> <span class='ocrx_word' id='word_1_136' title='bbox 1097 1947 1218 2006; x_wconf 87' lang='lat' dir='ltr'><strong><em>nostra</em></strong></span> <span class='ocrx_word' id='word_1_137' title='bbox 1234 1935 1409 2033; x_wconf 86' lang='lat' dir='ltr'><strong><em>perplexa</em></strong></span> 
     </span>
     <span class='ocr_line' id='line_1_15' title="bbox 303 2047 1407 2150; baseline -0.002 -26"><span class='ocrx_word' id='word_1_138' title='bbox 303 2052 433 2140; x_wconf 79' lang='lat' dir='ltr'><strong><em>&#39;ratio,</em></strong></span> <span class='ocrx_word' id='word_1_139' title='bbox 459 2065 496 2124; x_wconf 90' lang='lat' dir='ltr'><strong><em>et</em></strong></span> <span class='ocrx_word' id='word_1_140' title='bbox 523 2051 559 2124; x_wconf 93' lang='lat' dir='ltr'><strong><em>in</em></strong></span> <span class='ocrx_word' id='word_1_141' title='bbox 584 2049 710 2150; x_wconf 89' lang='lat' dir='ltr'><strong><em>primia</em></strong></span> <span class='ocrx_word' id='word_1_142' title='bbox 734 2048 937 2122; x_wconf 84' lang='lat' dir='ltr'><strong><em>observatio</em></strong></span> <span class='ocrx_word' id='word_1_143' title='bbox 958 2047 1111 2146; x_wconf 87' lang='lat' dir='ltr'><strong><em>Nigidii,</em></strong></span> <span class='ocrx_word' id='word_1_144' title='bbox 1136 2049 1223 2146; x_wconf 85' lang='lat' dir='ltr'><strong><em>¹qui</em></strong></span> <span class='ocrx_word' id='word_1_145' title='bbox 1248 2049 1407 2122; x_wconf 88' lang='lat' dir='ltr'><strong><em>inlibris</em></strong></span> 
     </span>
     <span class='ocr_line' id='line_1_16' title="bbox 260 2163 1405 2261; baseline 0.002 -27"><span class='ocrx_word' id='word_1_146' title='bbox 260 2186 290 2247; x_wconf 82' lang='lat'><strong><em>⁷⁸</em></strong></span> <span class='ocrx_word' id='word_1_147' title='bbox 304 2165 377 2238; x_wconf 88' lang='lat' dir='ltr'><strong><em>suis</em></strong></span> <span class='ocrx_word' id='word_1_148' title='bbox 395 2179 441 2237; x_wconf 73' lang='lat' dir='ltr'><strong><em>tc</em></strong></span> <span class='ocrx_word' id='word_1_149' title='bbox 457 2167 575 2238; x_wconf 89' lang='lat' dir='ltr'><strong><em>littera</em></strong></span> <span class='ocrx_word' id='word_1_150' title='bbox 591 2191 663 2238; x_wconf 89' lang='lat' dir='ltr'><strong><em>non</em></strong></span> <span class='ocrx_word' id='word_1_151' title='bbox 682 2176 737 2236; x_wconf 90' lang='lat' dir='ltr'><strong><em>est</em></strong></span> <span class='ocrx_word' id='word_1_152' title='bbox 756 2189 853 2254; x_wconf 88' lang='lat' dir='ltr'><strong><em>usus,</em></strong></span> <span class='ocrx_word' id='word_1_153' title='bbox 867 2163 1120 2261; x_wconf 87' lang='lat' dir='ltr'><strong><em>antiquitatem</em></strong></span> <span class='ocrx_word' id='word_1_154' title='bbox 1140 2189 1304 2261; x_wconf 88' lang='lat' dir='ltr'><strong><em>sequens.</em></strong></span> <span class='ocrx_word' id='word_1_155' title='bbox 1332 2164 1405 2237; x_wconf 85' lang='lat' dir='ltr'><strong><em>Sed</em></strong></span> 
     </span>
     <span class='ocr_line' id='line_1_17' title="bbox 303 2278 1405 2378; baseline 0 -26"><span class='ocrx_word' id='word_1_156' title='bbox 303 2281 455 2354; x_wconf 85' lang='lat' dir='ltr'><strong><em>libenter</em></strong></span> <span class='ocrx_word' id='word_1_157' title='bbox 479 2305 686 2378; x_wconf 81' lang='lat' dir='ltr'><strong><em>quaererem,</em></strong></span> <span class='ocrx_word' id='word_1_158' title='bbox 703 2279 835 2376; x_wconf 92' lang='lat' dir='ltr'><strong><em>quibus</em></strong></span> <span class='ocrx_word' id='word_1_159' title='bbox 861 2278 988 2351; x_wconf 88' lang='lat' dir='ltr'><strong><em>litteris</em></strong></span> <span class='ocrx_word' id='word_1_160' title='bbox 1014 2278 1178 2378; x_wconf 90' lang='lat' dir='ltr'><strong><em>scripturi</em></strong></span> <span class='ocrx_word' id='word_1_161' title='bbox 1204 2293 1322 2352; x_wconf 87' lang='lat' dir='ltr'><strong><em>essent</em></strong></span> <span class='ocrx_word' id='word_1_162' title='bbox 1343 2305 1405 2353; x_wconf 87' lang='lat' dir='ltr'><strong><em>eas</em></strong></span> 
     </span>
     <span class='ocr_line' id='line_1_18' title="bbox 303 2393 1405 2493; baseline -0.001 -25"><span class='ocrx_word' id='word_1_163' title='bbox 303 2421 420 2484; x_wconf 88' lang='lat' dir='ltr'><strong><em>voces,</em></strong></span> <span class='ocrx_word' id='word_1_164' title='bbox 450 2421 532 2492; x_wconf 81' lang='lat' dir='ltr'><strong><em>quae</em></strong></span> <span class='ocrx_word' id='word_1_165' title='bbox 559 2395 595 2466; x_wconf 90' lang='lat' dir='ltr'><strong><em>in</em></strong></span> <span class='ocrx_word' id='word_1_166' title='bbox 626 2393 865 2468; x_wconf 89' lang='lat' dir='ltr'><strong><em>declinatione</em></strong></span> <span class='ocrx_word' id='word_1_167' title='bbox 895 2419 963 2468; x_wconf 90' lang='lat' dir='ltr'><strong><em>nec</em></strong></span> <span class='ocrx_word' id='word_1_168' title='bbox 992 2406 1038 2493; x_wconf 79' lang='lat' dir='ltr'><strong><em>&#39;g</em></strong></span> <span class='ocrx_word' id='word_1_169' title='bbox 1067 2407 1104 2466; x_wconf 93' lang='lat' dir='ltr'><strong><em>et</em></strong></span> <span class='ocrx_word' id='word_1_170' title='bbox 1131 2419 1241 2468; x_wconf 87' lang='lat' dir='ltr'><strong><em>snec</em></strong></span> <span class='ocrx_word' id='word_1_171' title='bbox 1271 2419 1291 2466; x_wconf 95' lang='lat' dir='ltr'><strong><em>c</em></strong></span> <span class='ocrx_word' id='word_1_172' title='bbox 1319 2407 1356 2468; x_wconf 87' lang='lat' dir='ltr'><strong><em>et</em></strong></span> <span class='ocrx_word' id='word_1_173' title='bbox 1383 2421 1405 2467; x_wconf 87' lang='lat' dir='ltr'><strong><em>s</em></strong></span> 
     </span>
     <span class='ocr_line' id='line_1_19' title="bbox 303 2508 1405 2609; baseline -0.002 -25"><span class='ocrx_word' id='word_1_174' title='bbox 303 2527 451 2600; x_wconf 83' lang='lat' dir='ltr'><strong><em>exeunt,</em></strong></span> <span class='ocrx_word' id='word_1_175' title='bbox 477 2524 530 2599; x_wconf 93' lang='lat' dir='ltr'><strong><em>ut,</em></strong></span> <span class='ocrx_word' id='word_1_176' title='bbox 559 2513 624 2585; x_wconf 81' lang='lat' dir='ltr'><strong><em>nic</em></strong></span> <span class='ocrx_word' id='word_1_177' title='bbox 653 2511 758 2596; x_wconf 83' lang='lat' dir='ltr'><strong><em>nivis,</em></strong></span> <span class='ocrx_word' id='word_1_178' title='bbox 784 2535 894 2584; x_wconf 78' lang='lat' dir='ltr'><strong><em>senec</em></strong></span> <span class='ocrx_word' id='word_1_179' title='bbox 914 2509 1030 2596; x_wconf 62' lang='lat' dir='ltr'><strong><em>seram,</em></strong></span> <span class='ocrx_word' id='word_1_180' title='bbox 1056 2508 1209 2584; x_wconf 63' lang='lat' dir='ltr'><strong><em>Psecas:</em></strong></span> <span class='ocrx_word' id='word_1_181' title='bbox 1234 2521 1272 2582; x_wconf 92' lang='lat' dir='ltr'><strong><em>et</em></strong></span> <span class='ocrx_word' id='word_1_182' title='bbox 1300 2509 1405 2609; x_wconf 89' lang='lat' dir='ltr'><strong><em>oppi-</em></strong></span> 
     </span>
     <span class='ocr_line' id='line_1_20' title="bbox 301 2623 1405 2725; baseline 0 -27"><span class='ocrx_word' id='word_1_183' title='bbox 301 2625 389 2702; x_wconf 91' lang='lat' dir='ltr'><strong><em>dum</em></strong></span> <span class='ocrx_word' id='word_1_184' title='bbox 417 2627 457 2700; x_wconf 93' lang='lat' dir='ltr'><strong><em>in</em></strong></span> <span class='ocrx_word' id='word_1_185' title='bbox 484 2625 664 2725; x_wconf 88' lang='lat' dir='ltr'><strong><em>Hispania</em></strong></span> <span class='ocrx_word' id='word_1_186' title='bbox 679 2625 878 2714; x_wconf 76' lang='lat' dir='ltr'><strong><em>Austnaci,</em></strong></span> <span class='ocrx_word' id='word_1_187' title='bbox 894 2623 992 2721; x_wconf 91' lang='lat' dir='ltr'><strong><em>quod</em></strong></span> <span class='ocrx_word' id='word_1_188' title='bbox 1018 2636 1073 2696; x_wconf 86' lang='lat' dir='ltr'><strong><em>est</em></strong></span> <span class='ocrx_word' id='word_1_189' title='bbox 1094 2625 1141 2697; x_wconf 88' lang='lat' dir='ltr'><strong><em>ab</em></strong></span> <span class='ocrx_word' id='word_1_190' title='bbox 1164 2624 1348 2710; x_wconf 66' lang='lat' dir='ltr'><strong><em>“odtrobn</em></strong></span> <span class='ocrx_word' id='word_1_191' title='bbox 1364 2641 1405 2698; x_wconf 92' lang='lat' dir='ltr'><strong><em>et</em></strong></span> 
     </span>
     <span class='ocr_line' id='line_1_21' title="bbox 260 2738 1403 2840; baseline -0.003 -23"><span class='ocrx_word' id='word_1_192' title='bbox 260 2773 291 2829; x_wconf 84' lang='lat'><strong><em>⁷9</em></strong></span> <span class='ocrx_word' id='word_1_193' title='bbox 302 2743 395 2818; x_wconf 81' lang='lat' dir='ltr'><strong><em>oeci.</em></strong></span> <span class='ocrx_word' id='word_1_194' title='bbox 423 2743 541 2816; x_wconf 88' lang='lat' dir='ltr'><strong><em>Voces</em></strong></span> <span class='ocrx_word' id='word_1_195' title='bbox 559 2741 765 2840; x_wconf 74' lang='lat' dir='ltr'><strong><em>igiturquia</em></strong></span> <span class='ocrx_word' id='word_1_196' title='bbox 783 2741 852 2836; x_wconf 83' lang='lat' dir='ltr'><strong><em>(in)</em></strong></span> <span class='ocrx_word' id='word_1_197' title='bbox 871 2764 898 2813; x_wconf 76' lang='lat' dir='ltr'><strong><em>c</em></strong></span> <span class='ocrx_word' id='word_1_198' title='bbox 915 2739 1070 2812; x_wconf 88' lang='lat' dir='ltr'><strong><em>litteram</em></strong></span> <span class='ocrx_word' id='word_1_199' title='bbox 1088 2738 1265 2830; x_wconf 89' lang='lat' dir='ltr'><strong><em>incidunt,</em></strong></span> <span class='ocrx_word' id='word_1_200' title='bbox 1281 2741 1403 2814; x_wconf 90' lang='lat' dir='ltr'><strong><em>relicta</em></strong></span> 
     </span>
     <span class='ocr_line' id='line_1_22' title="bbox 302 2854 1402 2957; baseline 0 -26"><span class='ocrx_word' id='word_1_201' title='bbox 302 2858 451 2955; x_wconf 86' lang='lat' dir='ltr'><strong><em>antiqua</em></strong></span> <span class='ocrx_word' id='word_1_202' title='bbox 464 2857 722 2940; x_wconf 85' lang='lat' dir='ltr'><strong><em>observatione,</em></strong></span> <span class='ocrx_word' id='word_1_203' title='bbox 739 2883 804 2954; x_wconf 92' lang='lat' dir='ltr'><strong><em>per</em></strong></span> <span class='ocrx_word' id='word_1_204' title='bbox 819 2879 846 2928; x_wconf 83' lang='lat' dir='ltr'><strong><em>c</em></strong></span> <span class='ocrx_word' id='word_1_205' title='bbox 862 2854 1018 2943; x_wconf 87' lang='lat' dir='ltr'><strong><em>scribite,</em></strong></span> <span class='ocrx_word' id='word_1_206' title='bbox 1031 2880 1115 2951; x_wconf 85' lang='lat' dir='ltr'><strong><em>quae</em></strong></span> <span class='ocrx_word' id='word_1_207' title='bbox 1132 2882 1215 2930; x_wconf 83' lang='lat' dir='ltr'><strong><em>vero</em></strong></span> <span class='ocrx_word' id='word_1_208' title='bbox 1232 2883 1297 2957; x_wconf 92' lang='lat' dir='ltr'><strong><em>per</em></strong></span> <span class='ocrx_word' id='word_1_209' title='bbox 1308 2867 1343 2944; x_wconf 76' lang='lat' dir='ltr'><strong><em>t,</em></strong></span> <span class='ocrx_word' id='word_1_210' title='bbox 1359 2885 1402 2932; x_wconf 90' lang='lat' dir='ltr'><strong><em>ea</em></strong></span> 
     </span>
     <span class='ocr_line' id='line_1_23' title="bbox 303 2969 1399 3072; baseline -0.001 -25"><span class='ocrx_word' id='word_1_211' title='bbox 303 2999 367 3072; x_wconf 86' lang='lat' dir='ltr'><strong><em>per</em></strong></span> <span class='ocrx_word' id='word_1_212' title='bbox 387 3000 435 3070; x_wconf 88' lang='lat' dir='ltr'><strong><em>ps</em></strong></span> <span class='ocrx_word' id='word_1_213' title='bbox 452 2972 698 3072; x_wconf 88' lang='lat' dir='ltr'><strong><em>potiusquam</em></strong></span> <span class='ocrx_word' id='word_1_214' title='bbox 719 2970 769 3057; x_wconf 87' lang='lat' dir='ltr'><strong><em>bs,</em></strong></span> <span class='ocrx_word' id='word_1_215' title='bbox 790 2969 928 3058; x_wconf 64' lang='lat' dir='ltr'><strong><em>terrim</em></strong></span> <span class='ocrx_word' id='word_1_216' title='bbox 956 2997 1023 3044; x_wconf 90' lang='lat' dir='ltr'><strong><em>nec</em></strong></span> <span class='ocrx_word' id='word_1_217' title='bbox 1049 2971 1087 3044; x_wconf 89' lang='lat' dir='ltr'><strong><em>in</em></strong></span> <span class='ocrx_word' id='word_1_218' title='bbox 1112 2971 1255 3063; x_wconf 85' lang='lat' dir='ltr'><strong><em>nostris,</em></strong></span> <span class='ocrx_word' id='word_1_219' title='bbox 1273 2999 1338 3046; x_wconf 85' lang='lat' dir='ltr'><strong><em>noc</em></strong></span> <span class='ocrx_word' id='word_1_220' title='bbox 1363 2973 1399 3046; x_wconf 93' lang='lat' dir='ltr'><strong><em>in</em></strong></span> 
     </span>
     <span class='ocr_line' id='line_1_24' title="bbox 259 3083 1400 3183; baseline 0.004 -25"><span class='ocrx_word' id='word_1_221' title='bbox 259 3109 292 3158; x_wconf 82' lang='lat' dir='ltr'><strong><em>so</em></strong></span> <span class='ocrx_word' id='word_1_222' title='bbox 304 3088 514 3162; x_wconf 85' lang='lat' dir='ltr'><strong><em>Graecorum</em></strong></span> <span class='ocrx_word' id='word_1_223' title='bbox 532 3087 632 3160; x_wconf 92' lang='lat' dir='ltr'><strong><em>libris</em></strong></span> <span class='ocrx_word' id='word_1_224' title='bbox 650 3085 881 3160; x_wconf 88' lang='lat' dir='ltr'><strong><em>inveniuntur</em></strong></span> <span class='ocrx_word' id='word_1_225' title='bbox 896 3083 1112 3183; x_wconf 82' lang='lat' dir='ltr'><strong><em>dsubjuncta</em></strong></span> <span class='ocrx_word' id='word_1_226' title='bbox 1129 3087 1151 3160; x_wconf 93' lang='lat' dir='ltr'><strong><em>b</em></strong></span> <span class='ocrx_word' id='word_1_227' title='bbox 1168 3086 1305 3160; x_wconf 82' lang='lat' dir='ltr'><strong><em>litterae.</em></strong></span> <span class='ocrx_word' id='word_1_228' title='bbox 1345 3087 1400 3162; x_wconf 88' lang='lat' dir='ltr'><strong><em>Ea</em></strong></span> 
     </span>
     <span class='ocr_line' id='line_1_25' title="bbox 302 3200 1400 3302; baseline 0.002 -28"><span class='ocrx_word' id='word_1_229' title='bbox 302 3227 386 3275; x_wconf 83' lang='lat' dir='ltr'><strong><em>vero</em></strong></span> <span class='ocrx_word' id='word_1_230' title='bbox 403 3229 484 3300; x_wconf 83' lang='lat' dir='ltr'><strong><em>quae</em></strong></span> <span class='ocrx_word' id='word_1_231' title='bbox 500 3211 526 3290; x_wconf 77' lang='grc' dir='ltr'>ψ</span> <span class='ocrx_word' id='word_1_232' title='bbox 543 3214 683 3286; x_wconf 80' lang='lat' dir='ltr'><strong><em>sonant,</em></strong></span> <span class='ocrx_word' id='word_1_233' title='bbox 700 3213 737 3273; x_wconf 92' lang='lat' dir='ltr'><strong><em>et</em></strong></span> <span class='ocrx_word' id='word_1_234' title='bbox 760 3227 831 3273; x_wconf 92' lang='lat' dir='ltr'><strong><em>non</em></strong></span> <span class='ocrx_word' id='word_1_235' title='bbox 855 3200 1082 3276; x_wconf 88' lang='lat' dir='ltr'><strong><em>declinantur</em></strong></span> <span class='ocrx_word' id='word_1_236' title='bbox 1106 3216 1146 3276; x_wconf 91' lang='lat' dir='ltr'><strong><em>ut</em></strong></span> <span class='ocrx_word' id='word_1_237' title='bbox 1167 3227 1275 3302; x_wconf 87' lang='lat' dir='ltr'><strong><em>supra</em></strong></span> <span class='ocrx_word' id='word_1_238' title='bbox 1294 3201 1400 3294; x_wconf 87' lang='lat' dir='ltr'><strong><em>dicta,</em></strong></span> 
     </span>
     <span class='ocr_line' id='line_1_26' title="bbox 303 3314 1401 3416; baseline 0 -25"><span class='ocrx_word' id='word_1_239' title='bbox 303 3343 367 3416; x_wconf 92' lang='lat' dir='ltr'><strong><em>per</em></strong></span> <span class='ocrx_word' id='word_1_240' title='bbox 384 3317 424 3391; x_wconf 87' lang='lat' dir='ltr'><strong><em>bs</em></strong></span> <span class='ocrx_word' id='word_1_241' title='bbox 441 3316 595 3405; x_wconf 87' lang='lat' dir='ltr'><strong><em>scribite,</em></strong></span> <span class='ocrx_word' id='word_1_242' title='bbox 613 3327 654 3388; x_wconf 87' lang='lat' dir='ltr'><strong><em>ut</em></strong></span> <span class='ocrx_word' id='word_1_243' title='bbox 670 3316 862 3402; x_wconf 70' lang='lat' dir='ltr'><strong><em>‘abscedit</em></strong></span> <span class='ocrx_word' id='word_1_244' title='bbox 879 3315 1045 3402; x_wconf 80' lang='lat' dir='ltr'><strong><em>abscidit,</em></strong></span> <span class='ocrx_word' id='word_1_245' title='bbox 1062 3314 1075 3364; x_wconf 81' lang='lat'><em>¹</em></span> <span class='ocrx_word' id='word_1_246' title='bbox 1078 3316 1275 3404; x_wconf 86' lang='lat' dir='ltr'><strong><em>abscondit,</em></strong></span> <span class='ocrx_word' id='word_1_247' title='bbox 1292 3317 1401 3392; x_wconf 88' lang='lat' dir='ltr'><strong><em>obsti-</em></strong></span> 
     </span>
     <span class='ocr_line' id='line_1_27' title="bbox 303 3429 1399 3533; baseline 0.001 -27"><span class='ocrx_word' id='word_1_248' title='bbox 303 3443 376 3522; x_wconf 83' lang='lat' dir='ltr'><strong><em>net,</em></strong></span> <span class='ocrx_word' id='word_1_249' title='bbox 392 3445 429 3506; x_wconf 91' lang='lat' dir='ltr'><strong><em>et</em></strong></span> <span class='ocrx_word' id='word_1_250' title='bbox 447 3429 639 3516; x_wconf 77' lang='lat' dir='ltr'><strong><em>abstrahit,</em></strong></span> <span class='ocrx_word' id='word_1_251' title='bbox 656 3429 784 3520; x_wconf 81' lang='lat' dir='ltr'><strong><em>obstat,</em></strong></span> <span class='ocrx_word' id='word_1_252' title='bbox 802 3432 986 3530; x_wconf 83' lang='lat' dir='ltr'><strong><em>obstipuit,</em></strong></span> <span class='ocrx_word' id='word_1_253' title='bbox 1006 3445 1026 3496; x_wconf 72' lang='lat'>8</span> <span class='ocrx_word' id='word_1_254' title='bbox 1031 3433 1275 3532; x_wconf 79' lang='lat' dir='ltr'><strong><em>absynthium,</em></strong></span> <span class='ocrx_word' id='word_1_255' title='bbox 1292 3431 1308 3480; x_wconf 79' lang='lat'><strong><em>¹¹</em></strong></span> <span class='ocrx_word' id='word_1_256' title='bbox 1310 3434 1399 3533; x_wconf 76' lang='lat' dir='ltr'><strong><em>gyb-</em></strong></span> 
     </span>
     <span class='ocr_line' id='line_1_28' title="bbox 259 3543 1398 3645; baseline -0.004 -18"><span class='ocrx_word' id='word_1_257' title='bbox 259 3578 288 3627; x_wconf 79' lang='grc' dir='ltr'><strong><em>ει</em></strong></span> <span class='ocrx_word' id='word_1_258' title='bbox 303 3575 395 3622; x_wconf 83' lang='lat' dir='ltr'><strong><em>sam.</em></strong></span> <span class='ocrx_word' id='word_1_259' title='bbox 446 3547 545 3620; x_wconf 89' lang='lat' dir='ltr'><strong><em>Nam</em></strong></span> <span class='ocrx_word' id='word_1_260' title='bbox 565 3543 705 3645; x_wconf 75' lang='lat' dir='ltr'><strong><em>&#39;byems</em></strong></span> <span class='ocrx_word' id='word_1_261' title='bbox 721 3560 760 3620; x_wconf 92' lang='lat' dir='ltr'><strong><em>et</em></strong></span> <span class='ocrx_word' id='word_1_262' title='bbox 774 3549 905 3622; x_wconf 74' lang='lat' dir='ltr'><strong><em>coemit</em></strong></span> <span class='ocrx_word' id='word_1_263' title='bbox 921 3561 958 3620; x_wconf 88' lang='lat' dir='ltr'><strong><em>et</em></strong></span> <span class='ocrx_word' id='word_1_264' title='bbox 973 3549 1153 3639; x_wconf 80' lang='lat' dir='ltr'><strong><em>insumsit,</em></strong></span> <span class='ocrx_word' id='word_1_265' title='bbox 1171 3549 1310 3634; x_wconf 66' lang='lat' dir='ltr'><strong><em>demit,</em></strong></span> <span class='ocrx_word' id='word_1_266' title='bbox 1324 3549 1398 3622; x_wconf 90' lang='lat' dir='ltr'><strong><em>sine</em></strong></span> 
     </span>
    </p>
   </div>
   <div class='ocr_carea' id='block_1_3' title="bbox 300 3723 1397 4384">
    <p class='ocr_par' dir='ltr' id='par_1_3' title="bbox 300 3723 1397 4384">
     <span class='ocr_line' id='line_1_29' title="bbox 343 3723 1392 3822; baseline 0.003 -25"><span class='ocrx_word' id='word_1_267' title='bbox 343 3740 562 3820; x_wconf 75' lang='lat' dir='ltr'><strong><em>seasquidem]</em></strong></span> <span class='ocrx_word' id='word_1_268' title='bbox 580 3723 712 3819; x_wconf 61' lang='lat' dir='ltr'><strong><em>eaide.</em></strong></span> <span class='ocrx_word' id='word_1_269' title='bbox 814 3739 918 3816; x_wconf 65' lang='lat' dir='ltr'><strong><em>risui]</em></strong></span> <span class='ocrx_word' id='word_1_270' title='bbox 937 3742 1071 3800; x_wconf 86' lang='lat' dir='ltr'><strong><em>annaxP.</em></strong></span> <span class='ocrx_word' id='word_1_271' title='bbox 1166 3739 1312 3822; x_wconf 79' lang='lat' dir='ltr'><strong><em>⁸conjuga</em></strong></span> <span class='ocrx_word' id='word_1_272' title='bbox 1325 3741 1392 3821; x_wconf 82' lang='lat' dir='ltr'><strong><em>legs]</em></strong></span> 
     </span>
     <span class='ocr_line' id='line_1_30' title="bbox 301 3819 1397 3902; baseline 0.001 -22"><span class='ocrx_word' id='word_1_273' title='bbox 301 3828 425 3902; x_wconf 76' lang='lat' dir='ltr'><strong><em>conjunx</em></strong></span> <span class='ocrx_word' id='word_1_274' title='bbox 438 3821 484 3880; x_wconf 88' lang='lat' dir='ltr'><strong><em>lex</em></strong></span> <span class='ocrx_word' id='word_1_275' title='bbox 497 3821 529 3879; x_wconf 88' lang='lat' dir='ltr'><strong><em>P.</em></strong></span> <span class='ocrx_word' id='word_1_276' title='bbox 592 3820 640 3890; x_wconf 66' lang='lat' dir='ltr'><strong><em>lte</em></strong></span> <span class='ocrx_word' id='word_1_277' title='bbox 654 3819 776 3878; x_wconf 86' lang='lat' dir='ltr'><strong><em>litteram</em></strong></span> <span class='ocrx_word' id='word_1_278' title='bbox 791 3821 911 3895; x_wconf 87' lang='lat' dir='ltr'><strong><em>habent]</em></strong></span> <span class='ocrx_word' id='word_1_279' title='bbox 928 3823 1033 3880; x_wconf 89' lang='lat' dir='ltr'><strong><em>habent</em></strong></span> <span class='ocrx_word' id='word_1_280' title='bbox 1044 3821 1167 3880; x_wconf 85' lang='lat' dir='ltr'><strong><em>litteram</em></strong></span> <span class='ocrx_word' id='word_1_281' title='bbox 1182 3841 1199 3880; x_wconf 90' lang='lat' dir='ltr'><strong><em>e</em></strong></span> <span class='ocrx_word' id='word_1_282' title='bbox 1212 3823 1244 3881; x_wconf 88' lang='lat' dir='ltr'><strong><em>P.</em></strong></span> <span class='ocrx_word' id='word_1_283' title='bbox 1313 3831 1397 3881; x_wconf 77' lang='lat' dir='ltr'><strong><em>&#39;oce-</em></strong></span> 
     </span>
     <span class='ocr_line' id='line_1_31' title="bbox 301 3901 1390 3980; baseline -0.001 -20"><span class='ocrx_word' id='word_1_284' title='bbox 301 3902 362 3962; x_wconf 86' lang='lat' dir='ltr'><strong><em>lebs</em></strong></span> <span class='ocrx_word' id='word_1_285' title='bbox 375 3901 497 3977; x_wconf 81' lang='lat' dir='ltr'><strong><em>coelibis]</em></strong></span> <span class='ocrx_word' id='word_1_286' title='bbox 513 3901 623 3960; x_wconf 85' lang='lat' dir='ltr'><strong><em>caelebs</em></strong></span> <span class='ocrx_word' id='word_1_287' title='bbox 636 3901 751 3960; x_wconf 87' lang='lat' dir='ltr'><strong><em>caelibis</em></strong></span> <span class='ocrx_word' id='word_1_288' title='bbox 767 3903 798 3960; x_wconf 89' lang='lat' dir='ltr'><strong><em>P.</em></strong></span> <span class='ocrx_word' id='word_1_289' title='bbox 920 3911 942 3943; x_wconf 74' lang='lat'>&#39;</span> <span class='ocrx_word' id='word_1_290' title='bbox 957 3901 1041 3976; x_wconf 85' lang='lat' dir='ltr'><strong><em>ratio]</em></strong></span> <span class='ocrx_word' id='word_1_291' title='bbox 1056 3902 1148 3961; x_wconf 87' lang='lat' dir='ltr'><strong><em>oratio</em></strong></span> <span class='ocrx_word' id='word_1_292' title='bbox 1161 3905 1193 3961; x_wconf 90' lang='lat' dir='ltr'><strong>P.</strong></span> <span class='ocrx_word' id='word_1_293' title='bbox 1306 3902 1390 3980; x_wconf 84' lang='lat' dir='ltr'><strong><em>¹qui]</em></strong></span> 
     </span>
     <span class='ocr_line' id='line_1_32' title="bbox 300 3979 1394 4061; baseline -0.003 -19"><span class='ocrx_word' id='word_1_294' title='bbox 300 3985 409 4061; x_wconf 80' lang='lat' dir='ltr'><strong>qoaeP.</strong></span> <span class='ocrx_word' id='word_1_295' title='bbox 500 3982 679 4058; x_wconf 54' lang='lat' dir='ltr'><strong><em>resnou.</em></strong></span> <span class='ocrx_word' id='word_1_296' title='bbox 773 3982 1202 4056; x_wconf 79' lang='lat' dir='ltr'><strong><em>²gets]neccetcadditP.</em></strong></span> <span class='ocrx_word' id='word_1_297' title='bbox 1293 3979 1394 4041; x_wconf 72' lang='lat' dir='ltr'><strong><em>bsexus</em></strong></span> 
     </span>
     <span class='ocr_line' id='line_1_33' title="bbox 301 4059 1393 4142; baseline 0.001 -22"><span class='ocrx_word' id='word_1_298' title='bbox 301 4063 397 4139; x_wconf 85' lang='lat' dir='ltr'><strong><em>sexus]</em></strong></span> <span class='ocrx_word' id='word_1_299' title='bbox 413 4081 495 4122; x_wconf 86' lang='lat' dir='ltr'><strong><em>sexus</em></strong></span> <span class='ocrx_word' id='word_1_300' title='bbox 509 4063 541 4121; x_wconf 89' lang='lat' dir='ltr'><strong><em>P.</em></strong></span> <span class='ocrx_word' id='word_1_301' title='bbox 612 4061 764 4136; x_wconf 76' lang='lat' dir='ltr'><strong><em>⁰attraho]</em></strong></span> <span class='ocrx_word' id='word_1_302' title='bbox 781 4061 899 4121; x_wconf 90' lang='lat' dir='ltr'><strong><em>adtrabo</em></strong></span> <span class='ocrx_word' id='word_1_303' title='bbox 913 4063 944 4120; x_wconf 91' lang='lat' dir='ltr'><strong><em>P.</em></strong></span> <span class='ocrx_word' id='word_1_304' title='bbox 1017 4059 1186 4142; x_wconf 77' lang='lat' dir='ltr'><strong><em>dsubjecu]</em></strong></span> <span class='ocrx_word' id='word_1_305' title='bbox 1204 4063 1350 4142; x_wconf 76' lang='lat' dir='ltr'><strong><em>subjuncta</em></strong></span> <span class='ocrx_word' id='word_1_306' title='bbox 1362 4063 1393 4121; x_wconf 91' lang='lat' dir='ltr'><strong><em>P.</em></strong></span> 
     </span>
     <span class='ocr_line' id='line_1_34' title="bbox 301 4141 1393 4222; baseline -0.001 -19"><span class='ocrx_word' id='word_1_307' title='bbox 301 4145 392 4222; x_wconf 87' lang='lat' dir='ltr'><strong><em>Supra</em></strong></span> <span class='ocrx_word' id='word_1_308' title='bbox 405 4169 423 4200; x_wconf 82' lang='grc' dir='ltr'><strong><em>σ</em></strong></span> <span class='ocrx_word' id='word_1_309' title='bbox 438 4144 551 4201; x_wconf 81' lang='lat' dir='ltr'><strong><em>Potach.</em></strong></span> <span class='ocrx_word' id='word_1_310' title='bbox 567 4163 617 4221; x_wconf 92' lang='lat' dir='ltr'><strong><em>pro</em></strong></span> <span class='ocrx_word' id='word_1_311' title='bbox 630 4147 662 4213; x_wconf 70' lang='grc' dir='ltr'><strong><em>ψ,</em></strong></span> <span class='ocrx_word' id='word_1_312' title='bbox 676 4154 705 4201; x_wconf 86' lang='lat' dir='ltr'><strong><em>et</em></strong></span> <span class='ocrx_word' id='word_1_313' title='bbox 720 4162 785 4200; x_wconf 89' lang='lat' dir='ltr'><strong><em>mox</em></strong></span> <span class='ocrx_word' id='word_1_314' title='bbox 800 4141 948 4201; x_wconf 86' lang='lat' dir='ltr'><strong><em>invenitur.</em></strong></span> <span class='ocrx_word' id='word_1_315' title='bbox 1021 4153 1034 4186; x_wconf 62' lang='grc' dir='ltr'><strong>θ</strong></span> <span class='ocrx_word' id='word_1_316' title='bbox 1059 4143 1197 4218; x_wconf 86' lang='lat' dir='ltr'><strong><em>abscedit]</em></strong></span> <span class='ocrx_word' id='word_1_317' title='bbox 1212 4142 1350 4202; x_wconf 84' lang='lat' dir='ltr'><strong><em>abscedite</em></strong></span> <span class='ocrx_word' id='word_1_318' title='bbox 1363 4143 1393 4202; x_wconf 89' lang='lat' dir='ltr'><strong><em>P.</em></strong></span> 
     </span>
     <span class='ocr_line' id='line_1_35' title="bbox 302 4222 1392 4302; baseline 0 -20"><span class='ocrx_word' id='word_1_319' title='bbox 302 4223 314 4268; x_wconf 76' lang='lat' dir='ltr'><strong><em>l</em></strong></span> <span class='ocrx_word' id='word_1_320' title='bbox 325 4223 489 4298; x_wconf 84' lang='lat' dir='ltr'><strong><em>abscondit]</em></strong></span> <span class='ocrx_word' id='word_1_321' title='bbox 505 4224 656 4282; x_wconf 87' lang='lat' dir='ltr'><strong><em>abscondit</em></strong></span> <span class='ocrx_word' id='word_1_322' title='bbox 669 4222 795 4282; x_wconf 85' lang='lat' dir='ltr'><strong><em>abstinet</em></strong></span> <span class='ocrx_word' id='word_1_323' title='bbox 808 4224 839 4281; x_wconf 91' lang='lat' dir='ltr'><strong><em>P.</em></strong></span> <span class='ocrx_word' id='word_1_324' title='bbox 936 4233 953 4279; x_wconf 77' lang='lat' dir='ltr'><strong><em>s</em></strong></span> <span class='ocrx_word' id='word_1_325' title='bbox 966 4224 1162 4302; x_wconf 87' lang='lat' dir='ltr'><strong><em>absynthium]</em></strong></span> <span class='ocrx_word' id='word_1_326' title='bbox 1178 4223 1349 4282; x_wconf 83' lang='lat' dir='ltr'><strong><em>absinthium</em></strong></span> <span class='ocrx_word' id='word_1_327' title='bbox 1362 4223 1392 4282; x_wconf 93' lang='lat' dir='ltr'><strong><em>P.</em></strong></span> 
     </span>
     <span class='ocr_line' id='line_1_36' title="bbox 300 4301 1016 4384; baseline -0.003 -21"><span class='ocrx_word' id='word_1_328' title='bbox 300 4301 463 4384; x_wconf 70' lang='lat' dir='ltr'><strong><em>hgybaum]</em></strong></span> <span class='ocrx_word' id='word_1_329' title='bbox 478 4304 599 4383; x_wconf 66' lang='lat' dir='ltr'><strong><em>gybsum</em></strong></span> <span class='ocrx_word' id='word_1_330' title='bbox 615 4305 645 4363; x_wconf 89' lang='lat' dir='ltr'><strong><em>P.</em></strong></span> <span class='ocrx_word' id='word_1_331' title='bbox 731 4301 739 4345; x_wconf 79' lang='lat'><strong>¹</strong></span> <span class='ocrx_word' id='word_1_332' title='bbox 755 4303 865 4382; x_wconf 86' lang='lat' dir='ltr'><strong><em>hyems]</em></strong></span> <span class='ocrx_word' id='word_1_333' title='bbox 882 4303 971 4362; x_wconf 84' lang='lat' dir='ltr'><strong><em>hierna</em></strong></span> <span class='ocrx_word' id='word_1_334' title='bbox 986 4305 1016 4362; x_wconf 89' lang='lat' dir='ltr'><strong>P.</strong></span> 
     </span>
    </p>
   </div>
   <div class='ocr_carea' id='block_1_4' title="bbox 341 4479 1353 4558">
    <p class='ocr_par' dir='ltr' id='par_1_4' title="bbox 341 4479 1353 4558">
     <span class='ocr_line' id='line_1_37' title="bbox 341 4479 1353 4558; baseline -0.002 -20"><span class='ocrx_word' id='word_1_335' title='bbox 341 4481 379 4556; x_wconf 84' lang='lat'><strong><em>78</em></strong></span> <span class='ocrx_word' id='word_1_336' title='bbox 394 4479 542 4554; x_wconf 78' lang='lat' dir='ltr'><strong><em>Austruci]</em></strong></span> <span class='ocrx_word' id='word_1_337' title='bbox 558 4479 735 4540; x_wconf 83' lang='lat' dir='ltr'><strong><em>Camerarius</em></strong></span> <span class='ocrx_word' id='word_1_338' title='bbox 749 4479 819 4558; x_wconf 82' lang='lat' dir='ltr'><strong><em>legit</em></strong></span> <span class='ocrx_word' id='word_1_339' title='bbox 837 4479 955 4548; x_wconf 77' lang='lat' dir='ltr'><strong><em>Uxama,</em></strong></span> <span class='ocrx_word' id='word_1_340' title='bbox 971 4487 998 4538; x_wconf 83' lang='lat' dir='ltr'><strong><em>et</em></strong></span> <span class='ocrx_word' id='word_1_341' title='bbox 1011 4483 1117 4540; x_wconf 72' lang='lat' dir='ltr'><strong><em>monet</em></strong></span> <span class='ocrx_word' id='word_1_342' title='bbox 1130 4483 1213 4556; x_wconf 81' lang='lat' dir='ltr'><strong><em>qaod.</em></strong></span> <span class='ocrx_word' id='word_1_343' title='bbox 1228 4479 1353 4540; x_wconf 83' lang='lat' dir='ltr'><strong>COMM.</strong></span> 
     </span>
    </p>
   </div>
   <div class='ocr_carea' id='block_1_5' title="bbox 0 0 1510 5084">
    <p class='ocr_par' dir='ltr' id='par_1_5' title="bbox 0 0 1510 5084">
     <span class='ocr_line' id='line_1_38' title="bbox 0 0 1510 5084; baseline 0 7"><span class='ocrx_word' id='word_1_344' title='bbox 0 0 1510 5084; x_wconf 95' lang='lat' dir='ltr'><strong><em> </em></strong></span> 
     </span>
    </p>
   </div>
  </div>
 </body>
</html>
