2980 5142
25 409 137 460 CAP.
155 399 242 460 34·
402 386 465 460 De
480 413 650 478 versuum
662 393 870 489 generibus.
1110 411 1184 487 499

25 598 166 645 mum
193 584 308 657 esset,
327 570 419 645 ¹¹uisi
436 571 533 670 quod
561 587 600 647 ut
624 576 824 650 enervatius
846 579 948 650 tieret
966 591 1002 651 et
1026 579 1183 666 mollius,

25 687 280 762 hhseecunde
305 701 369 762 aut
393 690 498 764 tertia
515 691 561 764 ab
580 689 709 764 ultima
730 691 868 789 syllaba
885 692 923 764 in
947 691 1036 766 duas
1058 694 1182 768 breves

29 805 263 904 geminata
279 819 345 894 est,
362 821 399 878 et
416 806 552 880 iactum
572 807 655 896 tale,

204 920 321 986 uam
333 921 610 1011 mutuemur,
624 923 769 988 romum
784 921 898 988 curm
912 924 1022 990 uum.
1144 907 1147 914 “

38 1033 92 1106 Si
113 1047 231 1106 esset
249 1033 314 1123 sic,

207 1148 498 1214 Cmuitumehomr
511 1146 625 1227 heaut,

46 1277 161 1332 esset
184 1257 242 1340 itti
261 1257 391 1346 simile,

205 1374 297 1438 Fera
312 1375 465 1438 montium
479 1375 548 1439 dea.
572 1431 576 1438 .

50 1485 265 1560 ¹Ceterum
291 1485 378 1560 huic
397 1499 513 1560 metro
531 1485 626 1584 quod
645 1499 853 1560 enervatum
873 1485 1044 1574 diximus,
1062 1487 1180 1562 simile
1218 1487 1221 1492 ’

55 1617 121 1676 est
141 1601 244 1676 iliud
261 1603 497 1692 neotericum,
515 1601 612 1700 quod
631 1614 686 1674 est
702 1601 786 1690 tale,

206 1721 337 1786 Rutilae
351 1721 453 1786 recide
467 1721 583 1797 crines,
599 1719 832 1804 ‘ambitumque
845 1739 922 1804 cape
936 1719 1012 1782 viri.

63 1829 159 1904 Hoc
173 1831 296 1920 simile
308 1844 364 1905 est
376 1831 441 1916 illi,
451 1829 496 1904 de
509 1857 583 1928 quo
595 1828 719 1930 paullo
731 1841 869 1904 mmante
882 1823 1178 1929 disputaui‚quod

63 1947 140 2020 fuit
159 1948 248 2035 tale,

207 2063 329 2128 1¹Lutur
342 2059 622 2150 horreatflugeilo,
635 2063 783 2126 comitum
797 2060 911 2124 choma
924 2061 1032 2125 ululet.

123 2173 380 2273 Septenarium
394 2198 536 2246 versum
551 2171 666 2244 Varro
678 2171 753 2244 fieri
768 2169 857 2244 dicit
875 2170 945 2244 hoc
963 2170 1082 2261 modo,
1094 2197 1177 2246 cum
1193 2211 1221 2260 μ

73 2287 119 2362 ad
139 2288 360 2362 ⁰iambieum
381 2289 587 2388 trisyllabus
603 2315 668 2388 pes
685 2286 841 2372 additur,
856 2299 894 2358 et
910 2287 952 2358 fit
969 2285 1053 2374 tale,

210 2403 298 2477 Quid
309 2403 545 2468 immerentibus
559 2411 690 2481 ωποσιε,
704 2400 782 2488 quid
795 2399 920 2464 invides
933 2401 1057 2465 amicir.

78 2513 216 2587 Similis
234 2513 270 2587 in
286 2513 458 2589 Terentio
475 2541 596 2589 versus
609 2527 675 2604 est,

208 2629 298 2694 Nam
311 2631 341 2694 ei
355 2632 514 2696 remittent
526 2631 691 2718 quippiam
705 2627 903 2694 Philumene
916 2627 1047 2692 dobree.

82 2738 132 2812 Et
148 2737 184 2810 in
203 2739 332 2812 Plauto
348 2741 479 2840 soepius
497 2740 585 2814 tales
602 2739 840 2840 reperiuntur.

132 2854 346 2930 octonarius
362 2869 429 2944 est,
447 2871 488 2930 ut
499 2856 613 2930 Varro
629 2854 729 2942 dicit,
743 2880 827 2928 cum
850 2853 923 2928 duo
943 2853 1052 2928 iambi
1070 2851 1179 2954 pedes
1193 2892 1224 2945 5²

85 2970 236 3044 iambico
254 2986 370 3046 metro
387 2983 678 3072 vpraeponuntur,
695 2987 732 3044 et
751 2973 793 3044 fit
811 2971 1042 3056 venustatis,

190 3087 305 3154 recreer
318 3109 406 3153 meur
419 3089 526 3153 dicmr
540 3087 675 3152 docendo
687 3089 744 3175 qui
758 3087 843 3151 docet
857 3087 934 3150 dtctt
947 3087 1069 3150 docum.

90 3197 204 3270 ‘Tolle
229 3197 314 3272 hinc
342 3197 599 3298 primmdum
629 3197 781 3284 iambos,
807 3196 937 3270 eterit
963 3196 1047 3284 tale,
1073 3197 1179 3295 quale

92 3312 174 3387 illud
191 3327 254 3401 est,

74 3548 77 3554 Δ
130 3483 206 3544 ¹¹nisi
225 3487 300 3563 quod
320 3486 491 3563 enervatius]
515 3490 568 3545 niti
591 3489 664 3562 quod
685 3495 734 3544 tte
754 3485 905 3544 senatibus
922 3487 957 3544 A.
981 3487 1180 3546 uterematttm

87 3568 163 3644 fieret
175 3575 200 3624 et
211 3569 333 3626 mollium
347 3569 381 3626 B.
401 3569 454 3624 uiri
473 3571 546 3642 quod
559 3576 591 3626 ut
605 3587 647 3625 eu.
663 3567 736 3625 Ven.
839 3563 873 3609 ¹¹¹¹
888 3567 1011 3626 secunda
1025 3567 1087 3641 aut]
1104 3567 1123 3626 f.
1138 3587 1178 3626 re-

97 3651 175 3706 tundo
187 3656 314 3706 commate
332 3651 447 3706 Santeu.
462 3648 578 3706 Terent.
592 3648 686 3707 Maur.
703 3667 731 3725 p.
743 3663 812 3724 375.
970 3644 1080 3722 iturus]
1103 3650 1180 3707 uem

98 3729 162 3786 AB.
234 3725 339 3804 tutet]
356 3731 429 3786 volet
443 3729 515 3788 AB.
530 3731 618 3786 ululet
634 3728 706 3788 Ven.
824 3726 833 3772 ¹
848 3731 989 3788 Caeterum
1005 3729 1081 3808 quod
1097 3747 1178 3786 euer-

100 3807 188 3882 varius]
202 3817 316 3866 ceterum
330 3810 394 3867 huic
407 3818 494 3867 metro
508 3813 581 3885 quod
594 3818 752 3867 enervatum
766 3810 837 3868 AB.
930 3821 954 3852 00
969 3807 1110 3882 habitum]
1128 3809 1177 3866 Iur-

102 3891 220 3964 bitumque
231 3890 265 3946 A.
281 3891 331 3966 qui
346 3909 411 3948 mox
425 3909 482 3947 om.
498 3910 560 3966 quo.
583 3891 757 3966 habitumque
771 3908 853 3965 ceper
867 3890 902 3946 B.
1034 3898 1050 3930 0
1064 3887 1178 3945 latua-

102 3969 207 4049 flageilo]
223 3971 488 4049 tueue-etflugelto
498 3973 533 4030 A.
596 3981 645 4014 000
656 3972 736 4045 ente]
752 3978 835 4028 autea
849 3971 884 4028 Β.
898 3983 928 4028 et
942 3971 1026 4026 lucus.
1078 3978 1094 4010 0
1107 3967 1178 4026 iam-

103 4050 183 4110 bicum
197 4051 364 4126 trimetrum]
382 4055 537 4110 trimetrum
550 4070 608 4110 om.
622 4052 696 4110 AB.
719 4052 837 4108 iambum
853 4050 1024 4126 trisyllabum
1036 4066 1085 4124 pes
1098 4051 1178 4108 addi-

105 4140 145 4189 tur
155 4133 217 4190 Veu.
310 4141 341 4175 00
355 4151 432 4190 vocer
444 4133 516 4190 Ven.
531 4144 561 4190 et
576 4151 641 4190 mox
655 4135 832 4189 remitterent.
927 4131 1175 4208 Pproeponuutur]

106 4219 254 4288 opponuntur
266 4212 302 4270 A.
314 4213 556 4330 proponunturiss.
569 4215 633 4286 pedi
647 4212 720 4270 Veu.
735 4231 786 4289 pro
800 4219 897 4268 metro.
1018 4219 1035 4264 q
1049 4210 1178 4272 Psalmos

108 4361 173 4401 meur
182 4343 291 4420 docens]
306 4352 388 4420 puter
401 4363 476 4403 meur
489 4345 585 4401 docem
599 4343 669 4400 AB.
686 4341 814 4399 Psalmus
827 4341 900 4398 Ven.
991 4341 1096 4399 r‘rolle
1110 4340 1178 4401 huic

108 4422 194 4502 primos
206 4425 271 4482 duos
286 4425 372 4502 pedes
384 4436 414 4482 et
427 4423 480 4482 erit
495 4423 558 4482 talis
568 4423 651 4502 quale
664 4421 746 4496 illud]
764 4423 829 4478 totle
840 4421 902 4478 hinc
913 4423 1096 4496 primmdum
1109 4424 1178 4480 iam·

111 4506 147 4562 tor
158 4512 179 4562 et
190 4507 232 4564 erit
246 4507 303 4563 tute
316 4508 397 4581 quate
411 4507 482 4564 illud
496 4513 535 4564 eet
548 4506 585 4563 A.
600 4515 629 4562 et
644 4503 701 4562 fere
717 4503 750 4562 B.
766 4521 857 4560 verme
872 4503 944 4560 Veu.
960 4522 1011 4581 pro
1022 4505 1112 4580 pedes.

579 4609 679 4670 3s2
