3124 5120
275 421 344 482 144
657 403 778 478 Marii
799 403 988 479 Victorini
1223 431 1296 481 cia.
1315 431 1373 481 ιιι.

271 607 345 666 tam
373 589 562 691 perspicua
585 603 622 662 et
651 607 773 688 aperta
796 604 892 680 sunt,
917 588 1050 663 idcirco
1076 591 1174 687 quod
1201 615 1273 663 non
1297 604 1376 664 tan·
1473 591 1476 598 ’

271 724 350 781 tum
377 733 423 780 ex
449 705 647 780 differentia
664 705 886 781 diversorum
905 720 1102 780 metrorum
1122 705 1374 805 conjugantur,

272 849 397 897 verum
415 849 461 896 ex
478 821 638 922 eoquod
666 823 785 896 brevia
802 841 839 897 et
857 849 931 896 non
959 823 1127 923 perfectae
1152 823 1373 922 proceritatis

272 940 308 1012 in
338 937 408 1012 boc
433 963 563 1037 genere
592 963 760 1012 versuum
789 939 880 1025 cola,
906 963 988 1036 quae
1011 963 1077 1010 nos
1099 939 1264 1011 membra
1286 937 1375 1011 dici-

246 1079 367 1142 rmus,
384 1055 576 1128 sociantur.
610 1053 709 1128 Nam
728 1054 841 1128 ferme
858 1081 878 1127 a
896 1067 1124 1126 monometro
1139 1053 1376 1152 brachycata-

274 1169 364 1242 lecto
391 1169 534 1243 initium
560 1183 720 1256 sumunt,
743 1183 781 1243 et
808 1195 881 1244 non
910 1169 1002 1242 ultra
1025 1168 1219 1242 dimetrum
1244 1169 1375 1270 hyper-

272 1285 486 1359 catalectum
506 1299 693 1360 crescunt:
719 1285 816 1360 unde
837 1285 997 1385 intellegi
1016 1284 1122 1358 datur
1144 1311 1209 1384 per
1234 1285 1375 1384 singula

272 1417 398 1493 metra,
414 1429 494 1501 quae
511 1416 594 1478 octo
611 1417 696 1478 sunt
713 1429 876 1489 numero,
894 1401 1045 1476 totidem
1064 1400 1289 1476 incrementa
1304 1401 1373 1474 dii-

272 1515 503 1592 ferentiarum
522 1519 680 1620 reperiri,
698 1518 734 1592 id
752 1533 819 1609 est,
836 1533 966 1592 octona
983 1518 1022 1590 in
1043 1515 1233 1616 generibus
1251 1517 1374 1616 singu-

272 1632 329 1722 lis,
345 1633 416 1706 ita:
443 1647 506 1708 aut
518 1636 615 1708 enim
632 1649 898 1708 monometrum
914 1647 968 1706 est
984 1632 1373 1731 ibrachycaulectum,

273 1757 335 1818 aut
353 1763 619 1822 monometrum
647 1750 911 1836 catalecticum,
930 1763 992 1823 aut
1014 1761 1282 1821 monometrum
1307 1749 1375 1848 hy-

273 1863 576 1960 percatalectum;
603 1891 723 1938 misus
751 1879 814 1940 aut
839 1865 1036 1938 dimetrum
1061 1877 1116 1936 est
1141 1861 1374 1963 brachycata-

272 1977 420 2066 lectum,
434 1991 497 2052 aut
513 1977 707 2053 dimetrum
727 1981 990 2071 catalecticum,
1003 1995 1066 2054 aut
1081 1979 1276 2054 dimetrum
1295 2005 1376 2054 soa·

149 2097 164 2122 ’
272 2093 457 2182 talectum,
475 2106 537 2166 aut
554 2093 748 2170 dimetrum
776 2095 1119 2196 hypercatalectum,
1135 2121 1288 2194 quorum
1312 2119 1374 2168 ex·

272 2209 394 2308 empla
421 2209 457 2281 in
487 2209 677 2310 dactylico,
706 2211 826 2308 aquod
861 2225 915 2286 est
949 2212 985 2285 in
1021 2210 1224 2306 conjunctis
1258 2211 1373 2310 magis

272 2323 472 2422 cognitum,
490 2325 690 2399 ostendam.

233 2479 260 2533 ,3
322 2439 390 2513 Est
424 2441 545 2540 itaque
581 2455 848 2515 monometrum
884 2440 1103 2540 dactylicum
1141 2441 1374 2541 brachycata-

272 2554 420 2644 lectum,
468 2564 538 2648 φεῦ.
590 2557 853 2631 Catalecticum
906 2570 1026 2630 autem
1071 2555 1192 2629 addita
1234 2557 1373 2656 syllaba

273 2670 383 2756 brevi,
408 2678 516 2767 φεῖνγε.
567 2671 815 2746 Acatalectum
836 2697 919 2745 vero
937 2686 1205 2748 monometrum
1228 2698 1291 2770 pes
1316 2671 1372 2744 in·

273 2798 373 2884 teger
401 2785 579 2884 dactylus,
611 2788 753 2884 φεῦγετε.
806 2786 1151 2887 Hypercatalectum
1180 2801 1314 2876 autem,
1342 2785 1372 2858 si

273 2901 401 3001 pedem
430 2901 616 3002 dactylum
650 2929 720 2976 una
751 2903 889 3001 syllaba
918 2903 1033 2976 brevis
1062 2902 1223 2992 excedat,
1251 2915 1291 2974 ut
1318 2913 1374 2976 est

273 3017 407 3114 φεύγετέ
439 3049 493 3112 με.
523 3018 619 3092 Item
653 3018 849 3093 dimetrum
885 3019 1236 3118 bracliycatalectum
1265 3019 1317 3106 lit,
1344 3018 1373 3089 si

273 3132 402 3230 pedem
434 3132 619 3232 dactylum
648 3159 724 3207 una
748 3135 856 3234 longa
877 3134 1028 3208 excedat
1053 3135 1202 3235 syllaba,
1227 3147 1269 3207 ut
1297 3133 1375 3226 φεύ·

244 3279 345 3349 ,pere
370 3249 434 3338 ’δή
485 3247 746 3322 catalecticum
765 3249 795 3322 si
819 3249 948 3350 pedem
970 3249 1157 3349 dactylum
1175 3275 1249 3323 una
1266 3249 1374 3346 longa

272 3375 310 3434 et
335 3387 406 3436 una
433 3363 549 3436 brevis
574 3363 762 3453 excedant,
787 3381 826 3439 ut
848 3379 903 3439 est
924 3365 1057 3463 φώγετε
1082 3367 1118 3455 δή
1138 3397 1191 3461 με.
1242 3365 1373 3437 Acata-

273 3477 406 3550 lectum
434 3490 555 3552 autem
583 3480 612 3552 si
637 3480 711 3553 duo
740 3481 876 3580 dactyli
903 3481 1128 3582 copulentur,
1154 3496 1195 3557 ut
1219 3494 1273 3554 est
1297 3481 1374 3574 φεῦ-

271 3625 344 3688 γετε
360 3591 504 3688 φεύγετε.
556 3593 902 3694 Hypercatalectum
921 3623 1005 3670 vero
1021 3597 1216 3672 dimetrum
1235 3596 1264 3669 si
1283 3623 1376 3696 prae-

272 3721 326 3780 ter
343 3707 454 3781 sduos
471 3707 633 3808 dactylos
651 3735 723 3783 una
740 3711 857 3784 brevis
879 3711 1124 3798 abundaverit,
1141 3716 1199 3785 tut
1215 3724 1279 3798 est,
1297 3711 1374 3806 φεύ-

230 3855 342 3919 ,oyen
371 3824 504 3920 φεύγετέ
532 3857 584 3919 με.
637 3827 730 3909 Quae
752 3827 901 3902 varietas
928 3829 1014 3902 facit
1039 3827 1254 3902 differentias
1277 3841 1372 3911 octo,

271 3937 516 4036 vquodetiam
536 3939 573 4012 in
591 3941 718 4014 ceteris
740 3955 876 4041 septem
897 3944 1022 4016 metris
1039 3941 1288 4042 accipiendum
1306 3955 1373 4031 est,

264 4052 372 4148 juxta
394 4052 520 4158 j'quod
549 4055 638 4128 fient
654 4055 861 4130 differentiae
878 4058 990 4131 octies
1007 4073 1158 4149 octonae‚
1175 4084 1256 4155 quae
1273 4081 1373 4130 com·

271 4166 500 4268 prehendunt
524 4195 715 4244 numerum
746 4172 1024 4248 differentiarum
1054 4197 1182 4247 axani.
1234 4173 1369 4246 Verum

311 4377 625 4457 abrachycatalectum]
641 4381 909 4464 brachycatalectico
923 4384 957 4442 P.
1014 4383 1134 4462 equod]
1151 4381 1199 4460 qui
1214 4383 1245 4440 P.
1301 4385 1368 4458 rbl]

270 4458 342 4516 uP.
455 4459 566 4536 ¹duos]
583 4461 639 4519 duo
652 4463 684 4520 P.
794 4463 864 4540 tut]
882 4473 913 4522 ut
926 4477 970 4523 est
984 4463 1014 4522 P.
1126 4463 1324 4541 vququuae
1338 4465 1370 4522 P.

270 4549 292 4579 '¹
306 4539 382 4616 quod
396 4539 478 4616 fient]
494 4562 522 4618 q.
538 4542 610 4600 fiunt
623 4543 656 4601 P.
