3012 5084
269 414 316 473 52
651 397 773 472 Marii
796 396 982 470 Victorini
1249 417 1322 468 ura.
1341 417 1379 466 r.

268 583 366 655 Nam
387 580 495 654 modo
513 581 667 655 sublatio
684 580 837 654 dimidio
854 581 935 680 plus
960 581 1081 668 habet,
1101 579 1210 652 modo
1227 578 1379 676 positio.

240 698 320 770 sAt
345 697 382 768 in
408 693 597 795 dsescuplo
623 696 732 795 pedes
762 707 932 793 quattuor
959 695 1143 781 bacchius,
1172 695 1380 793 palimbac-

269 811 384 899 chius,
413 809 727 909 ‘’amplribraebus,
755 810 917 882 creticus.
969 807 1020 881 Et
1045 808 1082 880 in
1109 808 1242 881 cretico
1273 833 1379 879 nunc

269 926 425 1000 sublatio
435 925 579 1024 longam
593 939 629 997 et
643 926 786 997 brevem
800 937 965 1022 occupat,
979 923 1111 1022 positio
1121 924 1286 1020 longam:
1312 923 1377 993 vel

269 1055 406 1130 contra,
430 1040 562 1139 positio
580 1041 725 1139 longam
745 1053 782 1113 et
807 1041 963 1126 brevem,
981 1039 1135 1112 sublatio
1153 1063 1263 1110 unam
1291 1039 1377 1108 lon-

268 1181 365 1254 gam,
392 1169 499 1254 prout
521 1157 659 1254 syllaba
680 1181 718 1227 se
743 1153 924 1243 obtulerit,
942 1153 979 1225 id
998 1155 1069 1226 fiet.
1122 1153 1165 1225 In
1193 1151 1376 1224 fbacchiis

227 1307 257 1342 ιο
269 1270 377 1342 etiam
394 1269 474 1342 baeo
487 1267 615 1343 divisio
633 1284 697 1341 cst.
727 1269 825 1341 Nam
839 1270 1035 1342 &bacchius
1048 1297 1068 1341 a
1082 1268 1178 1341 brevi
1194 1267 1374 1365 incipiens

269 1387 306 1458 in
329 1385 532 1458 sublatione
548 1409 691 1486 semper
708 1387 851 1456 brevem
871 1397 908 1456 et
926 1385 1072 1484 longam
1090 1385 1231 1468 retinet,
1250 1383 1285 1454 in
1304 1407 1376 1481 po-

269 1501 398 1573 sitione
422 1501 588 1598 longam:
616 1497 928 1597 hpalimbacchius
955 1513 1075 1572 autem
1103 1498 1138 1572 in
1168 1500 1375 1572 sublatione

268 1615 428 1714 ¹longam
449 1615 486 1687 in
504 1613 683 1713 positione
705 1613 848 1712 longam
868 1627 903 1686 et
922 1615 1078 1703 brevem,
1096 1641 1141 1686 ne
1159 1615 1195 1686 in
1213 1613 1376 1712 quadru-

268 1730 369 1828 plum
389 1729 479 1801 ratio
491 1742 696 1826 temporum
707 1727 953 1826 protendatur,
970 1727 998 1802 si
1018 1727 1098 1800 duae
1115 1729 1234 1826 longae
1248 1728 1377 1800 adver-

269 1871 328 1918 sus
354 1869 462 1918 unam
485 1846 629 1916 brevem
650 1841 874 1940 copulentur,
890 1869 961 1940 qua
981 1844 1117 1916 ratione
1139 1843 1314 1942 ¹‘sescupli
1333 1857 1376 1915 et

226 1993 253 2028 11
269 1987 414 2060 paeones
421 1958 711 2032 continebuntur.
725 1956 889 2030 ¹Molossi
902 1959 992 2030 ratio
1003 1958 1258 2056 aequeduplex.
1270 1958 1374 2031 Nam

269 2075 364 2149 idem
383 2075 503 2147 valent
521 2073 593 2147 duo
611 2086 734 2146 contra
751 2085 932 2169 quattuor,
953 2073 1045 2146 sicot
1062 2088 1232 2170 quattuor
1249 2074 1377 2145 adver-

268 2215 350 2262 sum
361 2190 449 2262 duo:
464 2203 504 2263 ut
516 2188 624 2260 modo
636 2188 791 2260 sublatio
803 2213 912 2259 unam
927 2187 1070 2285 longam
1086 2189 1229 2272 habeat,
1240 2189 1375 2287 positio

226 2335 255 2371 ιι
269 2304 378 2379 duas:
405 2331 502 2377 nunc
517 2303 646 2402 positio
663 2327 786 2387 unam,
805 2303 961 2375 sublatio
978 2301 1067 2375 duas
1085 2304 1220 2402 longas.
1249 2306 1375 2376 ¹¹¹Am-

269 2419 502 2520 phibrachus,
528 2419 565 2489 in
592 2443 665 2514 quo
690 2415 773 2488 duae·
800 2417 933 2508 breves,
961 2417 1079 2490 media
1105 2419 1213 2517 longa
1241 2435 1307 2506 est,
1331 2418 1371 2490 in

267 2536 348 2608 Arsi
377 2535 456 2623 tria,
479 2533 517 2605 in
534 2531 645 2604 Tbesi
670 2555 783 2604 unum
806 2545 951 2630 tempus
977 2533 1148 2631 accipiet:
1177 2560 1374 2630 rursusque

268 2649 369 2723 Arsis
397 2673 524 2737 unum,
539 2648 669 2720 'Phesis
691 2646 757 2718 tria
778 2647 924 2719 sibimet
941 2646 1148 2738 vindicabit,
1167 2673 1238 2720 non
1257 2647 1375 2746 dupli,

269 2791 330 2839 seu
361 2765 527 2863 sescupli,
558 2777 597 2835 ut
628 2763 663 2834 in
695 2761 852 2859 reliquis,
881 2761 1018 2833 ratione
1048 2761 1205 2848 diducta,
1235 2763 1373 2861 quippe

268 2907 351 2954 curn
379 2881 493 2952 tribus
520 2877 743 2975 temporibus
771 2901 895 2964 unum,
913 2890 950 2948 et
972 2891 1096 2948 contra
1112 2901 1226 2950 unum
1254 2878 1372 2950 tribus

269 2993 540 3092 insequentibus
564 3017 764 3090 repugnare
782 2991 980 3080 videantur,
997 2991 1092 3064 unde
1119 2991 1238 3065 minus
1264 3007 1372 3092 aptus

269 3135 331 3207 pes
351 3109 385 3180 in
406 3107 540 3194 metris,
559 3106 713 3178 Musiris
736 3119 855 3179 autem
874 3119 1135 3179 consentaneus
1161 3109 1372 3182 aestimatur.

227 3249 256 3296 1³
268 3225 367 3296 Nam
394 3224 479 3295 lieet
497 3223 614 3295 minor
634 3234 838 3320 temporum
866 3223 1005 3321 nspatio
1023 3223 1080 3308 sit,
1101 3225 1293 3322 respondet
1317 3238 1374 3298 ta-

270 3363 352 3410 men
381 3336 528 3434 imagini
555 3335 776 3434 bippiorum‚
801 3365 892 3436 quos
918 3339 1079 3438 epitritos
1104 3365 1287 3430 vocamus,
1307 3344 1371 3439 qui

269 3465 353 3526 sunt
378 3451 647 3550 ⁰heptaclrroni,
672 3452 706 3524 id
724 3468 779 3526 est
801 3480 821 3524 e
844 3453 959 3550 prima
977 3455 1073 3526 brevi
1098 3468 1134 3540 et
1152 3456 1265 3529 tribus
1292 3457 1373 3528 lon-

269 3569 343 3666 gis:
371 3567 602 3666 nequeenim
622 3569 838 3666 syllabarum
859 3595 1010 3641 numero
1028 3567 1090 3640 sed
1116 3571 1254 3644 ratione
1278 3583 1373 3644 tem-

270 3709 397 3782 porum
416 3683 516 3755 Arsis
533 3683 733 3780 Thesisque
752 3697 931 3782 pensatur.

309 3865 326 3911 ἃ
339 3867 821 3946 sesquiplo—quatuor-Bschius]
837 3870 1326 3948 sescuplo—quattuor-Baochius
1337 3873 1369 3932 P.

269 3947 537 4027 eAmphibraclrus]
555 3951 791 4027 Amphybraobys
808 3951 839 4007 P.
891 3947 1042 4031 fBaebiis]
1060 3951 1179 4010 Bacchis
1194 3953 1225 4009 P.
1282 3953 1371 4011 888-

269 4029 362 4103 clrius]
381 4029 495 4086 Bachus
511 4030 541 4085 P.
603 4028 854 4105 hPalimbscbius]
873 4031 1097 4092 Palimbaechius
1113 4033 1143 4088 P.
1216 4030 1225 4074 ἰ
1240 4033 1367 4110 longam]

268 4107 356 4167 Addit
368 4111 399 4167 P.
416 4108 443 4165 in
460 4129 548 4188 marg.
564 4107 593 4166 in
609 4109 749 4188 positione
763 4110 887 4189 longam.
968 4109 1143 4190 ksesquipli]
1159 4112 1278 4190 sescupli
1293 4111 1325 4172 P.
1340 4127 1371 4172 et

269 4189 350 4245 infra.
415 4185 569 4262 lMolossi]
586 4189 692 4247 Molosi
709 4192 740 4248 P.
809 4189 1086 4268 milmplribraelrus]
1103 4191 1322 4269 Amphibrachis
1336 4193 1368 4252 P.

269 4279 283 4310 ὓ
299 4267 408 4346 spacio]
424 4268 516 4346 spatio
531 4271 561 4326 P.
643 4281 659 4312 ⁰
674 4269 883 4348 Heptachroni]
899 4273 1064 4348 eptachroni
1079 4272 1110 4330 P.

312 4439 357 4479 12.
372 4441 425 4479 non
439 4423 529 4498 dupli]
548 4422 633 4502 Lege,
648 4443 703 4480 non
718 4425 819 4498 simpli,
833 4443 887 4482 noa
908 4428 994 4500 dupli.
1011 4429 1128 4484 Sonten.
1142 4425 1258 4483 Terent.
1274 4426 1368 4484 Maur.

267 4524 295 4581 Ρ·
311 4519 360 4580 9²·
