<?xml version="1.0" encoding="UTF-8"?>
<!DOCTYPE html PUBLIC "-//W3C//DTD XHTML 1.0 Transitional//EN"
    "http://www.w3.org/TR/xhtml1/DTD/xhtml1-transitional.dtd">
<html xmlns="http://www.w3.org/1999/xhtml" xml:lang="en" lang="en">
 <head>
  <title>
</title>
<meta http-equiv="Content-Type" content="text/html;charset=utf-8" />
  <meta name='ocr-system' content='tesseract 3.04.00' />
  <meta name='ocr-capabilities' content='ocr_page ocr_carea ocr_par ocr_line ocrx_word'/>
</head>
<body>
  <div class='ocr_page' id='page_1' title='image "./scriptoreslatin00gaisgoog_0272.png"; bbox 0 0 3076 5140; ppageno 0'>
   <div class='ocr_carea' id='block_1_1' title="bbox 317 418 1033 498">
    <p class='ocr_par' dir='ltr' id='par_1_1' title="bbox 317 418 1033 498">
     <span class='ocr_line' id='line_1_1' title="bbox 317 418 1033 498; baseline -0.003 -2"><span class='ocrx_word' id='word_1_1' title='bbox 317 437 389 498; x_wconf 77' lang='lat' dir='ltr'><strong>ass</strong></span> <span class='ocrx_word' id='word_1_2' title='bbox 740 419 861 496; x_wconf 68' lang='lat' dir='ltr'><strong>Marti</strong></span> <span class='ocrx_word' id='word_1_3' title='bbox 876 418 994 496; x_wconf 66' lang='lat' dir='ltr'><strong>Plotia·</strong></span> <span class='ocrx_word' id='word_1_4' title='bbox 1031 473 1033 484; x_wconf 90' lang='lat'><strong>.</strong></span> 
     </span>
    </p>
   </div>
   <div class='ocr_carea' id='block_1_2' title="bbox 272 603 1424 1282">
    <p class='ocr_par' dir='ltr' id='par_1_2' title="bbox 272 603 1424 1282">
     <span class='ocr_line' id='line_1_2' title="bbox 272 603 1422 708; baseline -0.002 -28"><span class='ocrx_word' id='word_1_5' title='bbox 272 605 412 680; x_wconf 75' lang='lat' dir='ltr'><strong>uNam</strong></span> <span class='ocrx_word' id='word_1_6' title='bbox 433 605 539 708; x_wconf 88' lang='lat' dir='ltr'><strong>prirni</strong></span> <span class='ocrx_word' id='word_1_7' title='bbox 566 603 677 706; x_wconf 83' lang='lat' dir='ltr'><strong>pedes</strong></span> <span class='ocrx_word' id='word_1_8' title='bbox 702 625 773 680; x_wconf 87' lang='lat' dir='ltr'><strong>tres</strong></span> <span class='ocrx_word' id='word_1_9' title='bbox 795 605 921 680; x_wconf 86' lang='lat' dir='ltr'><strong>variati</strong></span> <span class='ocrx_word' id='word_1_10' title='bbox 948 604 1134 678; x_wconf 76' lang='lat' dir='ltr'><strong>schemata</strong></span> <span class='ocrx_word' id='word_1_11' title='bbox 1160 603 1297 678; x_wconf 85' lang='lat' dir='ltr'><strong>faciunt</strong></span> <span class='ocrx_word' id='word_1_12' title='bbox 1323 617 1422 690; x_wconf 90' lang='lat' dir='ltr'><strong>octo,</strong></span> 
     </span>
     <span class='ocr_line' id='line_1_3' title="bbox 314 720 1422 822; baseline -0.002 -26"><span class='ocrx_word' id='word_1_13' title='bbox 314 749 399 798; x_wconf 90' lang='lat' dir='ltr'><strong>nam</strong></span> <span class='ocrx_word' id='word_1_14' title='bbox 435 735 585 822; x_wconf 90' lang='lat' dir='ltr'><strong>quartus</strong></span> <span class='ocrx_word' id='word_1_15' title='bbox 619 749 681 822; x_wconf 88' lang='lat' dir='ltr'><strong>pes</strong></span> <span class='ocrx_word' id='word_1_16' title='bbox 716 747 858 822; x_wconf 87' lang='lat' dir='ltr'><strong>semper</strong></span> <span class='ocrx_word' id='word_1_17' title='bbox 886 720 1053 820; x_wconf 89' lang='lat' dir='ltr'><strong>dactylus</strong></span> <span class='ocrx_word' id='word_1_18' title='bbox 1091 722 1139 795; x_wconf 92' lang='lat' dir='ltr'><strong>sit</strong></span> <span class='ocrx_word' id='word_1_19' title='bbox 1177 747 1325 794; x_wconf 85' lang='lat' dir='ltr'><strong>necesse</strong></span> <span class='ocrx_word' id='word_1_20' title='bbox 1354 735 1422 794; x_wconf 84' lang='lat' dir='ltr'><strong>cst.</strong></span> 
     </span>
     <span class='ocr_line' id='line_1_4' title="bbox 316 835 1422 938; baseline -0.004 -26"><span class='ocrx_word' id='word_1_21' title='bbox 316 839 475 922; x_wconf 77' lang='lat' dir='ltr'><strong>Quintus</strong></span> <span class='ocrx_word' id='word_1_22' title='bbox 501 865 565 938; x_wconf 86' lang='lat' dir='ltr'><strong>pes</strong></span> <span class='ocrx_word' id='word_1_23' title='bbox 587 836 661 911; x_wconf 93' lang='lat' dir='ltr'><strong>duo</strong></span> <span class='ocrx_word' id='word_1_24' title='bbox 685 837 871 912; x_wconf 87' lang='lat' dir='ltr'><strong>schemata</strong></span> <span class='ocrx_word' id='word_1_25' title='bbox 897 836 1019 924; x_wconf 86' lang='lat' dir='ltr'><strong>habet,</strong></span> <span class='ocrx_word' id='word_1_26' title='bbox 1035 862 1121 910; x_wconf 92' lang='lat' dir='ltr'><strong>nam</strong></span> <span class='ocrx_word' id='word_1_27' title='bbox 1148 850 1211 910; x_wconf 90' lang='lat' dir='ltr'><strong>aut</strong></span> <span class='ocrx_word' id='word_1_28' title='bbox 1235 835 1422 936; x_wconf 89' lang='lat' dir='ltr'><strong>spondeus</strong></span> 
     </span>
     <span class='ocr_line' id='line_1_5' title="bbox 314 939 1424 1053; baseline -0.003 -26"><span class='ocrx_word' id='word_1_29' title='bbox 314 969 369 1028; x_wconf 90' lang='lat' dir='ltr'><strong>est</strong></span> <span class='ocrx_word' id='word_1_30' title='bbox 398 967 461 1028; x_wconf 91' lang='lat' dir='ltr'><strong>aut</strong></span> <span class='ocrx_word' id='word_1_31' title='bbox 488 939 666 1053; x_wconf 91' lang='lat' dir='ltr'><strong>dactylus.</strong></span> <span class='ocrx_word' id='word_1_32' title='bbox 726 949 824 1024; x_wconf 88' lang='lat' dir='ltr'><strong>Nam</strong></span> <span class='ocrx_word' id='word_1_33' title='bbox 864 965 1002 1042; x_wconf 82' lang='lat' dir='ltr'><strong>sextus,</strong></span> <span class='ocrx_word' id='word_1_34' title='bbox 1032 953 1069 1027; x_wconf 90' lang='lat' dir='ltr'><strong>id</strong></span> <span class='ocrx_word' id='word_1_35' title='bbox 1099 967 1154 1027; x_wconf 84' lang='lat' dir='ltr'><strong>cst</strong></span> <span class='ocrx_word' id='word_1_36' title='bbox 1186 953 1424 1042; x_wconf 84' lang='lat' dir='ltr'><strong>novissimus,</strong></span> 
     </span>
     <span class='ocr_line' id='line_1_6' title="bbox 314 1064 1423 1150; baseline 0 -10"><span class='ocrx_word' id='word_1_37' title='bbox 314 1067 407 1142; x_wconf 89' lang='lat' dir='ltr'><strong>sicut</strong></span> <span class='ocrx_word' id='word_1_38' title='bbox 424 1067 459 1142; x_wconf 92' lang='lat' dir='ltr'><strong>in</strong></span> <span class='ocrx_word' id='word_1_39' title='bbox 479 1067 626 1142; x_wconf 83' lang='lat' dir='ltr'><strong>heroico</strong></span> <span class='ocrx_word' id='word_1_40' title='bbox 643 1079 770 1150; x_wconf 86' lang='lat' dir='ltr'><strong>metro,</strong></span> <span class='ocrx_word' id='word_1_41' title='bbox 782 1064 986 1140; x_wconf 87' lang='lat' dir='ltr'><strong>indifferens</strong></span> <span class='ocrx_word' id='word_1_42' title='bbox 999 1067 1093 1140; x_wconf 87' lang='lat' dir='ltr'><strong>intcr</strong></span> <span class='ocrx_word' id='word_1_43' title='bbox 1105 1069 1290 1142; x_wconf 87' lang='lat' dir='ltr'><strong>schemata</strong></span> <span class='ocrx_word' id='word_1_44' title='bbox 1308 1083 1423 1142; x_wconf 75' lang='lat' dir='ltr'><strong>¹¹can·</strong></span> 
     </span>
     <span class='ocr_line' id='line_1_7' title="bbox 314 1195 470 1282; baseline -0.013 -26"><span class='ocrx_word' id='word_1_45' title='bbox 314 1195 470 1282; x_wconf 85' lang='lat' dir='ltr'><strong>putatur.</strong></span> 
     </span>
    </p>
   </div>
   <div class='ocr_carea' id='block_1_3' title="bbox 270 1333 1423 2361">
    <p class='ocr_par' dir='ltr' id='par_1_3' title="bbox 270 1333 1423 2361">
     <span class='ocr_line' id='line_1_8' title="bbox 270 1333 1315 1436; baseline -0.005 -20"><span class='ocrx_word' id='word_1_46' title='bbox 270 1363 300 1416; x_wconf 78' lang='lat'><strong>²⁵</strong></span> <span class='ocrx_word' id='word_1_47' title='bbox 413 1335 477 1412; x_wconf 84' lang='lat' dir='ltr'><strong>Dc</strong></span> <span class='ocrx_word' id='word_1_48' title='bbox 492 1336 701 1410; x_wconf 62' lang='lat' dir='ltr'><strong>haametro</strong></span> <span class='ocrx_word' id='word_1_49' title='bbox 719 1333 878 1410; x_wconf 80' lang='lat' dir='ltr'><strong>bucolico</strong></span> <span class='ocrx_word' id='word_1_50' title='bbox 895 1346 931 1410; x_wconf 88' lang='lat' dir='ltr'><strong>et</strong></span> <span class='ocrx_word' id='word_1_51' title='bbox 948 1335 1027 1436; x_wconf 77' lang='lat' dir='ltr'><strong>ejus</strong></span> <span class='ocrx_word' id='word_1_52' title='bbox 1042 1337 1315 1412; x_wconf 77' lang='lat' dir='ltr'><strong>“schematibas.</strong></span> 
     </span>
     <span class='ocr_line' id='line_1_9' title="bbox 364 1451 1423 1553; baseline -0.002 -25"><span class='ocrx_word' id='word_1_53' title='bbox 364 1453 578 1528; x_wconf 85' lang='lat' dir='ltr'>Bucolicum</span> <span class='ocrx_word' id='word_1_54' title='bbox 599 1451 849 1524; x_wconf 83' lang='lat' dir='ltr'><strong>hexametrum</strong></span> <span class='ocrx_word' id='word_1_55' title='bbox 874 1451 1042 1550; x_wconf 82' lang='lat' dir='ltr'><strong>Daphnis</strong></span> <span class='ocrx_word' id='word_1_56' title='bbox 1068 1469 1190 1552; x_wconf 85' lang='lat' dir='ltr'><strong>pastor</strong></span> <span class='ocrx_word' id='word_1_57' title='bbox 1213 1457 1271 1525; x_wconf 86' lang='lat' dir='ltr'><strong>vel</strong></span> <span class='ocrx_word' id='word_1_58' title='bbox 1296 1453 1423 1553; x_wconf 85' lang='lat' dir='ltr'><strong>Thyr-</strong></span> 
     </span>
     <span class='ocr_line' id='line_1_10' title="bbox 314 1564 1422 1670; baseline -0.002 -27"><span class='ocrx_word' id='word_1_59' title='bbox 314 1571 362 1644; x_wconf 92' lang='lat' dir='ltr'><strong>sis</strong></span> <span class='ocrx_word' id='word_1_60' title='bbox 388 1567 583 1670; x_wconf 79' lang='lat' dir='ltr'>repperisse</span> <span class='ocrx_word' id='word_1_61' title='bbox 608 1565 790 1655; x_wconf 89' lang='lat' dir='ltr'><strong>dicuntur,</strong></span> <span class='ocrx_word' id='word_1_62' title='bbox 807 1564 892 1662; x_wconf 90' lang='lat' dir='ltr'><strong>quia</strong></span> <span class='ocrx_word' id='word_1_63' title='bbox 918 1579 1076 1664; x_wconf 85' lang='lat' dir='ltr'><strong>pastores</strong></span> <span class='ocrx_word' id='word_1_64' title='bbox 1103 1581 1140 1640; x_wconf 90' lang='lat' dir='ltr'><strong>et</strong></span> <span class='ocrx_word' id='word_1_65' title='bbox 1164 1581 1279 1668; x_wconf 75' lang='lat' dir='ltr'><strong>poetae</strong></span> <span class='ocrx_word' id='word_1_66' title='bbox 1305 1570 1422 1642; x_wconf 72' lang='lat' dir='ltr'><strong>finisse</strong></span> 
     </span>
     <span class='ocr_line' id='line_1_11' title="bbox 314 1679 1421 1784; baseline 0.002 -28"><span class='ocrx_word' id='word_1_67' title='bbox 314 1683 558 1784; x_wconf 80' lang='lat' dir='ltr'><strong>perhibentur,</strong></span> <span class='ocrx_word' id='word_1_68' title='bbox 570 1679 615 1754; x_wconf 84' lang='lat' dir='ltr'><strong>de</strong></span> <span class='ocrx_word' id='word_1_69' title='bbox 629 1705 784 1778; x_wconf 92' lang='lat' dir='ltr'><strong>quorum</strong></span> <span class='ocrx_word' id='word_1_70' title='bbox 798 1679 917 1754; x_wconf 90' lang='lat' dir='ltr'><strong>officio</strong></span> <span class='ocrx_word' id='word_1_71' title='bbox 931 1707 1063 1755; x_wconf 86' lang='lat' dir='ltr'><strong>nomen</strong></span> <span class='ocrx_word' id='word_1_72' title='bbox 1082 1696 1137 1756; x_wconf 85' lang='lat' dir='ltr'><strong>cst</strong></span> <span class='ocrx_word' id='word_1_73' title='bbox 1154 1682 1310 1757; x_wconf 91' lang='lat' dir='ltr'><strong>inditum</strong></span> <span class='ocrx_word' id='word_1_74' title='bbox 1332 1685 1421 1758; x_wconf 90' lang='lat' dir='ltr'><strong>huic</strong></span> 
     </span>
     <span class='ocr_line' id='line_1_12' title="bbox 315 1793 1420 1894; baseline 0.001 -23"><span class='ocrx_word' id='word_1_75' title='bbox 315 1811 440 1884; x_wconf 87' lang='lat' dir='ltr'><strong>metro,</strong></span> <span class='ocrx_word' id='word_1_76' title='bbox 459 1811 498 1870; x_wconf 89' lang='lat' dir='ltr'><strong>ut</strong></span> <span class='ocrx_word' id='word_1_77' title='bbox 516 1795 720 1870; x_wconf 86' lang='lat' dir='ltr'><strong>bucolicum</strong></span> <span class='ocrx_word' id='word_1_78' title='bbox 748 1793 937 1868; x_wconf 83' lang='lat' dir='ltr'><strong>diceretur.</strong></span> <span class='ocrx_word' id='word_1_79' title='bbox 988 1797 1069 1870; x_wconf 73' lang='lat' dir='ltr'><strong>PDe</strong></span> <span class='ocrx_word' id='word_1_80' title='bbox 1092 1797 1195 1894; x_wconf 90' lang='lat' dir='ltr'><strong>cujus</strong></span> <span class='ocrx_word' id='word_1_81' title='bbox 1220 1799 1420 1872; x_wconf 87' lang='lat' dir='ltr'><strong>schemati-</strong></span> 
     </span>
     <span class='ocr_line' id='line_1_13' title="bbox 314 1899 1419 2012; baseline 0.002 -26"><span class='ocrx_word' id='word_1_82' title='bbox 314 1915 381 1986; x_wconf 89' lang='lat' dir='ltr'><strong>bus</strong></span> <span class='ocrx_word' id='word_1_83' title='bbox 399 1911 566 2012; x_wconf 87' lang='lat' dir='ltr'><strong>exempla</strong></span> <span class='ocrx_word' id='word_1_84' title='bbox 582 1909 705 1983; x_wconf 89' lang='lat' dir='ltr'><strong>omnia</strong></span> <span class='ocrx_word' id='word_1_85' title='bbox 730 1909 775 1982; x_wconf 89' lang='lat' dir='ltr'><strong>de</strong></span> <span class='ocrx_word' id='word_1_86' title='bbox 798 1899 964 1984; x_wconf 85' lang='lat' dir='ltr'><strong>bucolico</strong></span> <span class='ocrx_word' id='word_1_87' title='bbox 980 1912 1138 1986; x_wconf 79' lang='lat' dir='ltr'><strong>carmine</strong></span> <span class='ocrx_word' id='word_1_88' title='bbox 1155 1913 1296 2012; x_wconf 83' lang='lat' dir='ltr'><strong>Virgilii</strong></span> <span class='ocrx_word' id='word_1_89' title='bbox 1315 1941 1419 1988; x_wconf 92' lang='lat' dir='ltr'><strong>com-</strong></span> 
     </span>
     <span class='ocr_line' id='line_1_14' title="bbox 270 2025 1417 2128; baseline 0.007 -33"><span class='ocrx_word' id='word_1_90' title='bbox 270 2047 301 2096; x_wconf 83' lang='lat'><strong>26</strong></span> <span class='ocrx_word' id='word_1_91' title='bbox 313 2053 502 2128; x_wconf 90' lang='lat' dir='ltr'><strong>ponamus.</strong></span> <span class='ocrx_word' id='word_1_92' title='bbox 575 2025 970 2100; x_wconf 71' lang='lat' dir='ltr'><strong>Manaschemuttsticus</strong></span> <span class='ocrx_word' id='word_1_93' title='bbox 1009 2026 1179 2126; x_wconf 82' lang='lat' dir='ltr'><strong>dactylus</strong></span> <span class='ocrx_word' id='word_1_94' title='bbox 1213 2028 1417 2103; x_wconf 82' lang='lat' dir='ltr'><strong>hexametri</strong></span> 
     </span>
     <span class='ocr_line' id='line_1_15' title="bbox 313 2141 1419 2244; baseline 0.002 -27"><span class='ocrx_word' id='word_1_95' title='bbox 313 2142 466 2217; x_wconf 89' lang='lat' dir='ltr'><strong>bucolici</strong></span> <span class='ocrx_word' id='word_1_96' title='bbox 492 2143 535 2214; x_wconf 87' lang='lat' dir='ltr'><strong>lit</strong></span> <span class='ocrx_word' id='word_1_97' title='bbox 561 2141 629 2214; x_wconf 93' lang='lat' dir='ltr'><strong>hoc</strong></span> <span class='ocrx_word' id='word_1_98' title='bbox 656 2141 776 2230; x_wconf 88' lang='lat' dir='ltr'><strong>modo,</strong></span> <span class='ocrx_word' id='word_1_99' title='bbox 793 2141 822 2213; x_wconf 87' lang='lat' dir='ltr'><strong>si</strong></span> <span class='ocrx_word' id='word_1_100' title='bbox 846 2155 918 2214; x_wconf 85' lang='lat' dir='ltr'><strong>tres</strong></span> <span class='ocrx_word' id='word_1_101' title='bbox 941 2141 1077 2240; x_wconf 88' lang='lat' dir='ltr'><strong>primos</strong></span> <span class='ocrx_word' id='word_1_102' title='bbox 1101 2141 1267 2218; x_wconf 88' lang='lat' dir='ltr'><strong>habuerit</strong></span> <span class='ocrx_word' id='word_1_103' title='bbox 1288 2145 1419 2244; x_wconf 86' lang='lat' dir='ltr'><strong>dacty-</strong></span> 
     </span>
     <span class='ocr_line' id='line_1_16' title="bbox 313 2256 1417 2361; baseline 0.005 -31"><span class='ocrx_word' id='word_1_104' title='bbox 313 2259 379 2347; x_wconf 93' lang='lat' dir='ltr'><strong>los,</strong></span> <span class='ocrx_word' id='word_1_105' title='bbox 405 2283 488 2331; x_wconf 88' lang='lat' dir='ltr'><strong>narn</strong></span> <span class='ocrx_word' id='word_1_106' title='bbox 516 2257 562 2330; x_wconf 89' lang='lat' dir='ltr'><strong>dc</strong></span> <span class='ocrx_word' id='word_1_107' title='bbox 587 2271 716 2356; x_wconf 93' lang='lat' dir='ltr'><strong>quarto</strong></span> <span class='ocrx_word' id='word_1_108' title='bbox 741 2256 841 2330; x_wconf 90' lang='lat' dir='ltr'><strong>nulla</strong></span> <span class='ocrx_word' id='word_1_109' title='bbox 868 2257 1019 2356; x_wconf 80' lang='lat' dir='ltr'><strong>quaestio</strong></span> <span class='ocrx_word' id='word_1_110' title='bbox 1045 2259 1219 2358; x_wconf 85' lang='lat' dir='ltr'><strong>estquod</strong></span> <span class='ocrx_word' id='word_1_111' title='bbox 1246 2259 1417 2361; x_wconf 86' lang='lat' dir='ltr'><strong>dactylus</strong></span> 
     </span>
    </p>
   </div>
   <div class='ocr_carea' id='block_1_4' title="bbox 312 2385 1328 2560">
    <p class='ocr_par' dir='ltr' id='par_1_4' title="bbox 312 2385 1328 2560">
     <span class='ocr_line' id='line_1_17' title="bbox 312 2385 1328 2560; baseline 0.003 -25"><span class='ocrx_word' id='word_1_112' title='bbox 312 2385 371 2462; x_wconf 56' lang='grc' dir='ltr'><strong>ἠ’</strong></span> <span class='ocrx_word' id='word_1_113' title='bbox 388 2385 520 2536; x_wconf 73' lang='lat' dir='ltr'><strong>ut’trin</strong></span> <span class='ocrx_word' id='word_1_114' title='bbox 533 2469 638 2534; x_wconf 73' lang='lat' dir='ltr'><strong>auam</strong></span> <span class='ocrx_word' id='word_1_115' title='bbox 653 2471 857 2550; x_wconf 64' lang='lat' dir='ltr'><strong>mnam,</strong></span> <span class='ocrx_word' id='word_1_116' title='bbox 872 2479 960 2535; x_wconf 74' lang='lat' dir='ltr'><strong>amar</strong></span> <span class='ocrx_word' id='word_1_117' title='bbox 973 2473 1072 2536; x_wconf 61' lang='lat' dir='ltr'><strong>aaa</strong></span> <span class='ocrx_word' id='word_1_118' title='bbox 1085 2475 1152 2536; x_wconf 77' lang='lat' dir='ltr'><strong>oea</strong></span> <span class='ocrx_word' id='word_1_119' title='bbox 1166 2473 1328 2560; x_wconf 59' lang='lat' dir='ltr'><strong>anina.</strong></span> 
     </span>
    </p>
   </div>
   <div class='ocr_carea' id='block_1_5' title="bbox 269 2581 1414 2687">
    <p class='ocr_par' dir='ltr' id='par_1_5' title="bbox 269 2581 1414 2687">
     <span class='ocr_line' id='line_1_18' title="bbox 269 2581 1414 2687; baseline 0.007 -34"><span class='ocrx_word' id='word_1_120' title='bbox 269 2617 299 2670; x_wconf 77' lang='lat'><strong>27</strong></span> <span class='ocrx_word' id='word_1_121' title='bbox 314 2581 716 2655; x_wconf 75' lang='lat' dir='ltr'><strong>mesctnnattnina</strong></span> <span class='ocrx_word' id='word_1_122' title='bbox 743 2581 990 2678; x_wconf 83' lang='lat' dir='ltr'><strong>spondeadeus</strong></span> <span class='ocrx_word' id='word_1_123' title='bbox 1016 2583 1059 2656; x_wconf 87' lang='lat' dir='ltr'><strong>fit</strong></span> <span class='ocrx_word' id='word_1_124' title='bbox 1087 2610 1170 2658; x_wconf 91' lang='lat' dir='ltr'><strong>cum</strong></span> <span class='ocrx_word' id='word_1_125' title='bbox 1201 2599 1271 2659; x_wconf 86' lang='lat' dir='ltr'><strong>tres</strong></span> <span class='ocrx_word' id='word_1_126' title='bbox 1301 2589 1414 2687; x_wconf 88' lang='lat' dir='ltr'><strong>primi</strong></span> 
     </span>
    </p>
   </div>
   <div class='ocr_carea' id='block_1_6' title="bbox 303 2695 1171 2897">
    <p class='ocr_par' dir='ltr' id='par_1_6' title="bbox 303 2695 1171 2897">
     <span class='ocr_line' id='line_1_19' title="bbox 314 2695 703 2798; baseline -0.005 -28"><span class='ocrx_word' id='word_1_127' title='bbox 314 2698 422 2798; x_wconf 85' lang='lat' dir='ltr'><strong>pedes</strong></span> <span class='ocrx_word' id='word_1_128' title='bbox 440 2711 524 2770; x_wconf 93' lang='lat' dir='ltr'><strong>sunt</strong></span> <span class='ocrx_word' id='word_1_129' title='bbox 541 2695 703 2795; x_wconf 92' lang='lat' dir='ltr'><strong>spondei,</strong></span> 
     </span>
     <span class='ocr_line' id='line_1_20' title="bbox 303 2813 1171 2897; baseline 0.002 -22"><span class='ocrx_word' id='word_1_130' title='bbox 303 2823 311 2832; x_wconf 82' lang='lat'><strong><em>‘</em></strong></span> <span class='ocrx_word' id='word_1_131' title='bbox 442 2813 586 2876; x_wconf 77' lang='lat' dir='ltr'><strong>Mutabit</strong></span> <span class='ocrx_word' id='word_1_132' title='bbox 599 2833 726 2888; x_wconf 81' lang='lat' dir='ltr'><strong>merces,</strong></span> <span class='ocrx_word' id='word_1_133' title='bbox 739 2813 935 2897; x_wconf 72' lang='lat' dir='ltr'><strong>munissent</strong></span> <span class='ocrx_word' id='word_1_134' title='bbox 948 2815 1056 2877; x_wconf 77' lang='lat' dir='ltr'><strong>munia</strong></span> <span class='ocrx_word' id='word_1_135' title='bbox 1070 2815 1171 2880; x_wconf 64' lang='lat' dir='ltr'><strong>tellau</strong></span> 
     </span>
    </p>
   </div>
   <div class='ocr_carea' id='block_1_7' title="bbox 265 2919 1414 4263">
    <p class='ocr_par' dir='ltr' id='par_1_7' title="bbox 265 2919 1414 4263">
     <span class='ocr_line' id='line_1_21' title="bbox 268 2919 1413 3027; baseline 0.006 -36"><span class='ocrx_word' id='word_1_136' title='bbox 268 2922 609 2996; x_wconf 70' lang='lat' dir='ltr'><strong>aTrisctemattrti</strong></span> <span class='ocrx_word' id='word_1_137' title='bbox 638 2921 811 3020; x_wconf 82' lang='lat' dir='ltr'><strong>dactylici</strong></span> <span class='ocrx_word' id='word_1_138' title='bbox 839 2919 1019 3009; x_wconf 89' lang='lat' dir='ltr'><strong>dicuntur,</strong></span> <span class='ocrx_word' id='word_1_139' title='bbox 1048 2950 1132 2997; x_wconf 90' lang='lat' dir='ltr'><strong>cum</strong></span> <span class='ocrx_word' id='word_1_140' title='bbox 1168 2923 1242 2996; x_wconf 91' lang='lat' dir='ltr'><strong>duo</strong></span> <span class='ocrx_word' id='word_1_141' title='bbox 1275 2925 1413 3027; x_wconf 86' lang='lat' dir='ltr'><strong>dactyli</strong></span> 
     </span>
     <span class='ocr_line' id='line_1_22' title="bbox 313 3035 1414 3138; baseline 0.002 -28"><span class='ocrx_word' id='word_1_142' title='bbox 313 3051 397 3111; x_wconf 91' lang='lat' dir='ltr'><strong>sunt</strong></span> <span class='ocrx_word' id='word_1_143' title='bbox 422 3051 459 3110; x_wconf 87' lang='lat' dir='ltr'><strong>et</strong></span> <span class='ocrx_word' id='word_1_144' title='bbox 484 3035 675 3138; x_wconf 85' lang='lat' dir='ltr'><strong>spondeus.</strong></span> <span class='ocrx_word' id='word_1_145' title='bbox 727 3035 780 3108; x_wconf 92' lang='lat' dir='ltr'><strong>Hi</strong></span> <span class='ocrx_word' id='word_1_146' title='bbox 807 3035 917 3125; x_wconf 88' lang='lat' dir='ltr'><strong>enim,</strong></span> <span class='ocrx_word' id='word_1_147' title='bbox 944 3035 1056 3110; x_wconf 85' lang='lat' dir='ltr'><strong>idest</strong></span> <span class='ocrx_word' id='word_1_148' title='bbox 1083 3037 1232 3138; x_wconf 89' lang='lat' dir='ltr'><strong>dactyli,</strong></span> <span class='ocrx_word' id='word_1_149' title='bbox 1250 3053 1311 3112; x_wconf 91' lang='lat' dir='ltr'><strong>aut</strong></span> <span class='ocrx_word' id='word_1_150' title='bbox 1336 3039 1414 3114; x_wconf 92' lang='lat' dir='ltr'><strong>duo</strong></span> 
     </span>
     <span class='ocr_line' id='line_1_23' title="bbox 306 3150 1207 3252; baseline -0.001 -26"><span class='ocrx_word' id='word_1_151' title='bbox 306 3153 425 3248; x_wconf 88' lang='lat' dir='ltr'><strong>juncti</strong></span> <span class='ocrx_word' id='word_1_152' title='bbox 445 3166 639 3252; x_wconf 89' lang='lat' dir='ltr'><strong>ponuntur,</strong></span> <span class='ocrx_word' id='word_1_153' title='bbox 656 3163 715 3224; x_wconf 70' lang='lat' dir='ltr'><strong>tet</strong></span> <span class='ocrx_word' id='word_1_154' title='bbox 732 3151 857 3224; x_wconf 88' lang='lat' dir='ltr'><strong>tertius</strong></span> <span class='ocrx_word' id='word_1_155' title='bbox 875 3150 1068 3249; x_wconf 80' lang='lat' dir='ltr'><strong>spondeus,</strong></span> <span class='ocrx_word' id='word_1_156' title='bbox 1087 3167 1126 3226; x_wconf 94' lang='lat' dir='ltr'><strong>ut</strong></span> <span class='ocrx_word' id='word_1_157' title='bbox 1143 3165 1207 3242; x_wconf 88' lang='lat' dir='ltr'><strong>cst,</strong></span> 
     </span>
     <span class='ocr_line' id='line_1_24' title="bbox 443 3264 1331 3354; baseline 0.003 -26"><span class='ocrx_word' id='word_1_158' title='bbox 443 3264 1331 3354; x_wconf 69' lang='lat' dir='ltr'><strong>Qrstnage,siqatdhubca,inmcmarananen&#39;tudo.</strong></span> 
     </span>
     <span class='ocr_line' id='line_1_25' title="bbox 317 3371 1159 3474; baseline 0.002 -28"><span class='ocrx_word' id='word_1_159' title='bbox 317 3377 411 3469; x_wconf 89' lang='lat' dir='ltr'><strong>(aut)</strong></span> <span class='ocrx_word' id='word_1_160' title='bbox 431 3371 622 3474; x_wconf 87' lang='lat' dir='ltr'><strong>Dactylus,</strong></span> <span class='ocrx_word' id='word_1_161' title='bbox 640 3374 833 3474; x_wconf 86' lang='lat' dir='ltr'><strong>spondeus,</strong></span> <span class='ocrx_word' id='word_1_162' title='bbox 847 3372 1022 3474; x_wconf 89' lang='lat' dir='ltr'><strong>dactylus,</strong></span> <span class='ocrx_word' id='word_1_163' title='bbox 1036 3388 1076 3447; x_wconf 95' lang='lat' dir='ltr'><strong>ut</strong></span> <span class='ocrx_word' id='word_1_164' title='bbox 1093 3389 1159 3464; x_wconf 89' lang='lat' dir='ltr'><strong>est,</strong></span> 
     </span>
     <span class='ocr_line' id='line_1_26' title="bbox 440 3488 1217 3579; baseline 0.008 -27"><span class='ocrx_word' id='word_1_165' title='bbox 440 3488 542 3554; x_wconf 77' lang='lat' dir='ltr'><strong>Lenta</strong></span> <span class='ocrx_word' id='word_1_166' title='bbox 554 3491 729 3575; x_wconf 70' lang='lat' dir='ltr'><strong>sallafirto</strong></span> <span class='ocrx_word' id='word_1_167' title='bbox 738 3492 847 3578; x_wconf 81' lang='lat' dir='ltr'><strong>pecori</strong></span> <span class='ocrx_word' id='word_1_168' title='bbox 861 3490 939 3554; x_wconf 71' lang='lat' dir='ltr'><strong>mitt</strong></span> <span class='ocrx_word' id='word_1_169' title='bbox 952 3491 1037 3556; x_wconf 79' lang='lat' dir='ltr'><strong>solua</strong></span> <span class='ocrx_word' id='word_1_170' title='bbox 1050 3493 1217 3579; x_wconf 74' lang='lat' dir='ltr'><strong>Amyntas.</strong></span> 
     </span>
     <span class='ocr_line' id='line_1_27' title="bbox 313 3595 1021 3700; baseline 0.013 -34"><span class='ocrx_word' id='word_1_171' title='bbox 313 3597 407 3691; x_wconf 89' lang='lat' dir='ltr'><strong>(aut)</strong></span> <span class='ocrx_word' id='word_1_172' title='bbox 428 3595 628 3694; x_wconf 87' lang='lat' dir='ltr'><strong>Spondeus,</strong></span> <span class='ocrx_word' id='word_1_173' title='bbox 644 3597 718 3669; x_wconf 89' lang='lat' dir='ltr'><strong>duo</strong></span> <span class='ocrx_word' id='word_1_174' title='bbox 734 3601 880 3700; x_wconf 88' lang='lat' dir='ltr'><strong>dactyli,</strong></span> <span class='ocrx_word' id='word_1_175' title='bbox 898 3615 938 3674; x_wconf 94' lang='lat' dir='ltr'><strong>ut</strong></span> <span class='ocrx_word' id='word_1_176' title='bbox 955 3614 1021 3690; x_wconf 82' lang='lat' dir='ltr'><strong>est,</strong></span> 
     </span>
     <span class='ocr_line' id='line_1_28' title="bbox 440 3712 1270 3804; baseline 0.008 -29"><span class='ocrx_word' id='word_1_177' title='bbox 440 3712 480 3775; x_wconf 81' lang='lat' dir='ltr'><strong>St</strong></span> <span class='ocrx_word' id='word_1_178' title='bbox 495 3713 595 3776; x_wconf 74' lang='lat' dir='ltr'><strong>macta</strong></span> <span class='ocrx_word' id='word_1_179' title='bbox 609 3733 697 3776; x_wconf 75' lang='lat' dir='ltr'><strong>mnas</strong></span> <span class='ocrx_word' id='word_1_180' title='bbox 712 3717 782 3779; x_wconf 63' lang='lat' dir='ltr'><strong>rrae</strong></span> <span class='ocrx_word' id='word_1_181' title='bbox 795 3739 890 3804; x_wconf 80' lang='lat' dir='ltr'><strong>caper</strong></span> <span class='ocrx_word' id='word_1_182' title='bbox 889 3719 979 3802; x_wconf 61' lang='lat' dir='ltr'><strong>ficit,</strong></span> <span class='ocrx_word' id='word_1_183' title='bbox 994 3725 1024 3782; x_wconf 85' lang='lat' dir='ltr'><strong>et</strong></span> <span class='ocrx_word' id='word_1_184' title='bbox 1037 3718 1116 3782; x_wconf 76' lang='lat' dir='ltr'><strong>mur</strong></span> <span class='ocrx_word' id='word_1_185' title='bbox 1130 3719 1270 3782; x_wconf 81' lang='lat' dir='ltr'><strong>Damon.</strong></span> 
     </span>
     <span class='ocr_line' id='line_1_29' title="bbox 312 3821 1410 3928; baseline 0.007 -33"><span class='ocrx_word' id='word_1_186' title='bbox 312 3822 397 3895; x_wconf 90' lang='lat' dir='ltr'><strong>Hoc</strong></span> <span class='ocrx_word' id='word_1_187' title='bbox 424 3821 663 3894; x_wconf 86' lang='lat' dir='ltr'><strong>modoetiam</strong></span> <span class='ocrx_word' id='word_1_188' title='bbox 691 3825 1017 3901; x_wconf 84' lang='lat' dir='ltr'><strong>&#39;trischematistici</strong></span> <span class='ocrx_word' id='word_1_189' title='bbox 1043 3827 1194 3927; x_wconf 86' lang='lat' dir='ltr'><strong>spondei</strong></span> <span class='ocrx_word' id='word_1_190' title='bbox 1225 3830 1300 3901; x_wconf 82' lang='lat' dir='ltr'><strong>lieri</strong></span> <span class='ocrx_word' id='word_1_191' title='bbox 1326 3856 1410 3928; x_wconf 86' lang='lat' dir='ltr'><strong>pos-</strong></span> 
     </span>
     <span class='ocr_line' id='line_1_30' title="bbox 311 3936 1049 4038; baseline 0.012 -30"><span class='ocrx_word' id='word_1_192' title='bbox 311 3951 405 4028; x_wconf 84' lang='lat' dir='ltr'><strong>sunt,</strong></span> <span class='ocrx_word' id='word_1_193' title='bbox 421 3936 495 4010; x_wconf 93' lang='lat' dir='ltr'><strong>duo</strong></span> <span class='ocrx_word' id='word_1_194' title='bbox 512 3936 660 4036; x_wconf 89' lang='lat' dir='ltr'><strong>spondei</strong></span> <span class='ocrx_word' id='word_1_195' title='bbox 679 3953 716 4011; x_wconf 83' lang='lat' dir='ltr'><strong>ct</strong></span> <span class='ocrx_word' id='word_1_196' title='bbox 732 3939 908 4038; x_wconf 87' lang='lat' dir='ltr'><strong>dactylus,</strong></span> <span class='ocrx_word' id='word_1_197' title='bbox 928 3957 968 4016; x_wconf 91' lang='lat' dir='ltr'><strong>ut</strong></span> <span class='ocrx_word' id='word_1_198' title='bbox 984 3957 1049 4032; x_wconf 88' lang='lat' dir='ltr'><strong>est,</strong></span> 
     </span>
     <span class='ocr_line' id='line_1_31' title="bbox 438 4051 1172 4146; baseline 0.011 -32"><span class='ocrx_word' id='word_1_199' title='bbox 438 4051 486 4115; x_wconf 86' lang='lat' dir='ltr'><strong>Et</strong></span> <span class='ocrx_word' id='word_1_200' title='bbox 499 4053 781 4140; x_wconf 74' lang='lat' dir='ltr'><strong>longumfimasc</strong></span> <span class='ocrx_word' id='word_1_201' title='bbox 794 4055 874 4134; x_wconf 79' lang='lat' dir='ltr'><strong>vale,</strong></span> <span class='ocrx_word' id='word_1_202' title='bbox 890 4059 960 4121; x_wconf 71' lang='lat' dir='ltr'><strong>vale</strong></span> <span class='ocrx_word' id='word_1_203' title='bbox 973 4060 1080 4146; x_wconf 75' lang='lat' dir='ltr'><strong>inquit</strong></span> <span class='ocrx_word' id='word_1_204' title='bbox 1091 4061 1172 4124; x_wconf 82' lang='lat' dir='ltr'><strong>Iota.</strong></span> 
     </span>
     <span class='ocr_line' id='line_1_32' title="bbox 265 4159 1094 4263; baseline 0.018 -35"><span class='ocrx_word' id='word_1_205' title='bbox 265 4190 296 4241; x_wconf 82' lang='lat'><strong>29</strong></span> <span class='ocrx_word' id='word_1_206' title='bbox 309 4159 500 4260; x_wconf 87' lang='lat' dir='ltr'><strong>Spondeus</strong></span> <span class='ocrx_word' id='word_1_207' title='bbox 518 4176 554 4235; x_wconf 89' lang='lat' dir='ltr'><strong>ct</strong></span> <span class='ocrx_word' id='word_1_208' title='bbox 569 4161 744 4262; x_wconf 83' lang='lat' dir='ltr'><strong>dactylus,</strong></span> <span class='ocrx_word' id='word_1_209' title='bbox 761 4165 951 4263; x_wconf 88' lang='lat' dir='ltr'><strong>spondeus,</strong></span> <span class='ocrx_word' id='word_1_210' title='bbox 971 4181 1094 4258; x_wconf 86' lang='lat' dir='ltr'><strong>otest,</strong></span> 
     </span>
    </p>
   </div>
   <div class='ocr_carea' id='block_1_8' title="bbox 309 4371 1408 4602">
    <p class='ocr_par' dir='ltr' id='par_1_8' title="bbox 309 4371 1408 4602">
     <span class='ocr_line' id='line_1_33' title="bbox 350 4371 1408 4450; baseline 0.009 -22"><span class='ocrx_word' id='word_1_211' title='bbox 350 4381 366 4414; x_wconf 71' lang='lat'><strong>³</strong></span> <span class='ocrx_word' id='word_1_212' title='bbox 380 4373 565 4450; x_wconf 83' lang='lat' dir='ltr'><strong>conputatur]</strong></span> <span class='ocrx_word' id='word_1_213' title='bbox 584 4371 630 4432; x_wconf 87' lang='lat' dir='ltr'><strong>Sic</strong></span> <span class='ocrx_word' id='word_1_214' title='bbox 645 4373 680 4432; x_wconf 92' lang='lat' dir='ltr'><strong>L.</strong></span> <span class='ocrx_word' id='word_1_215' title='bbox 696 4384 871 4449; x_wconf 77' lang='lat' dir='ltr'><strong>nuncapatur</strong></span> <span class='ocrx_word' id='word_1_216' title='bbox 884 4377 1045 4438; x_wconf 89' lang='lat' dir='ltr'><strong>Putschius.</strong></span> <span class='ocrx_word' id='word_1_217' title='bbox 1128 4389 1143 4422; x_wconf 91' lang='lat'>⁰</span> <span class='ocrx_word' id='word_1_218' title='bbox 1156 4381 1338 4438; x_wconf 74' lang='lat' dir='ltr'><strong>schematibus</strong></span> <span class='ocrx_word' id='word_1_219' title='bbox 1348 4401 1369 4438; x_wconf 84' lang='lat' dir='ltr'>x</span> <span class='ocrx_word' id='word_1_220' title='bbox 1381 4391 1408 4439; x_wconf 83' lang='lat' dir='ltr'><strong>et</strong></span> 
     </span>
     <span class='ocr_line' id='line_1_34' title="bbox 309 4451 1404 4538; baseline 0.011 -30"><span class='ocrx_word' id='word_1_221' title='bbox 309 4471 333 4510; x_wconf 85' lang='grc' dir='ltr'><strong>ιι</strong></span> <span class='ocrx_word' id='word_1_222' title='bbox 349 4451 384 4510; x_wconf 94' lang='lat' dir='ltr'><strong>L.</strong></span> <span class='ocrx_word' id='word_1_223' title='bbox 455 4459 471 4508; x_wconf 74' lang='grc' dir='ltr'><strong>Ρ</strong></span> <span class='ocrx_word' id='word_1_224' title='bbox 488 4453 524 4510; x_wconf 88' lang='lat' dir='ltr'><strong>dc</strong></span> <span class='ocrx_word' id='word_1_225' title='bbox 537 4451 616 4528; x_wconf 89' lang='lat' dir='ltr'><strong>cujus</strong></span> <span class='ocrx_word' id='word_1_226' title='bbox 630 4455 834 4529; x_wconf 82' lang='lat' dir='ltr'><strong>schematibus]</strong></span> <span class='ocrx_word' id='word_1_227' title='bbox 850 4456 928 4528; x_wconf 83' lang='lat' dir='ltr'><strong>cajus</strong></span> <span class='ocrx_word' id='word_1_228' title='bbox 940 4460 1085 4518; x_wconf 72' lang='lat' dir='ltr'><strong>schematis</strong></span> <span class='ocrx_word' id='word_1_229' title='bbox 1099 4459 1134 4518; x_wconf 93' lang='lat' dir='ltr'><strong>L.</strong></span> <span class='ocrx_word' id='word_1_230' title='bbox 1218 4472 1277 4520; x_wconf 71' lang='lat' dir='ltr'><strong>tet</strong></span> <span class='ocrx_word' id='word_1_231' title='bbox 1290 4464 1404 4538; x_wconf 82' lang='lat' dir='ltr'><strong>tertius]</strong></span> 
     </span>
     <span class='ocr_line' id='line_1_35' title="bbox 309 4531 1405 4602; baseline 0.009 -12"><span class='ocrx_word' id='word_1_232' title='bbox 309 4531 357 4591; x_wconf 90' lang='lat' dir='ltr'><strong>Sic</strong></span> <span class='ocrx_word' id='word_1_233' title='bbox 371 4531 406 4592; x_wconf 87' lang='lat' dir='ltr'><strong>L.</strong></span> <span class='ocrx_word' id='word_1_234' title='bbox 423 4536 519 4592; x_wconf 77' lang='lat' dir='ltr'><strong>tertius</strong></span> <span class='ocrx_word' id='word_1_235' title='bbox 532 4541 570 4591; x_wconf 84' lang='lat' dir='ltr'><strong>cat</strong></span> <span class='ocrx_word' id='word_1_236' title='bbox 586 4533 744 4592; x_wconf 85' lang='lat' dir='ltr'><strong>Putsohius.</strong></span> <span class='ocrx_word' id='word_1_237' title='bbox 823 4538 896 4593; x_wconf 72' lang='lat' dir='ltr'><strong>title</strong></span> <span class='ocrx_word' id='word_1_238' title='bbox 909 4555 966 4596; x_wconf 90' lang='lat' dir='ltr'><strong>om.</strong></span> <span class='ocrx_word' id='word_1_239' title='bbox 982 4539 1018 4597; x_wconf 91' lang='lat' dir='ltr'><strong>L.</strong></span> <span class='ocrx_word' id='word_1_240' title='bbox 1087 4542 1357 4600; x_wconf 69' lang='lat' dir='ltr'><strong>‘truchemattrticis</strong></span> <span class='ocrx_word' id='word_1_241' title='bbox 1370 4543 1405 4602; x_wconf 92' lang='lat' dir='ltr'><strong>L.</strong></span> 
     </span>
    </p>
   </div>
   <div class='ocr_carea' id='block_1_9' title="bbox 0 0 1542 5140">
    <p class='ocr_par' dir='ltr' id='par_1_9' title="bbox 0 0 1542 5140">
     <span class='ocr_line' id='line_1_36' title="bbox 0 0 1542 5140; baseline 0 0"><span class='ocrx_word' id='word_1_242' title='bbox 0 0 1542 5140; x_wconf 95' lang='lat' dir='ltr'><strong> </strong></span> 
     </span>
    </p>
   </div>
  </div>
 </body>
</html>
