3012 5084
303 403 350 469 ³8
692 385 810 466 Marii
831 385 1007 462 Wctorr’ol
1034 373 1041 390 ⁶
1287 406 1361 459 ms.
1377 407 1423 456 1.

304 574 504 672 plerunque
526 569 621 670 apud
643 571 796 668 tragicos
811 595 873 644 seu
891 569 1050 644 comicos
1068 567 1304 668 rrepperitur.
1334 567 1420 640 Vel

305 687 334 762 si
352 713 397 758 ex
416 685 619 784 composito
636 684 803 782 accipias,

410 801 549 879 Uvidus
567 801 718 876 hiberno
733 800 834 872 venit
851 799 896 874 de
909 797 1048 899 glande
1064 798 1271 879 Menalcas.

261 931 290 982 ⁵⁴
306 917 444 993 Rursus
460 913 542 990 duae
559 916 653 991 inter
671 941 708 990 se
726 916 865 988 vocales
875 915 1024 1014 jugstoe,
1039 941 1080 988 ac
1098 917 1166 990 sub
1183 914 1290 991 unius
1307 912 1418 986 vocis

303 1031 551 1108 enuntiatione
565 1031 724 1130 prolatce,
742 1032 919 1129 syllabam
940 1032 1076 1108 faciunt
1094 1045 1221 1106 natura
1246 1030 1417 1126 longam,

304 1173 415 1244 quam
434 1145 553 1220 Graeci
570 1145 850 1245 ‘tdiphtlrongon
878 1161 1017 1234 vocant,
1035 1147 1144 1222 veluti
1169 1145 1323 1245 geminae
1341 1169 1418 1218 vo-

261 1264 355 1342 arcis
382 1287 494 1338 unum
518 1287 661 1350 sonum,
678 1275 719 1334 ut
737 1287 792 1348 ue,
807 1287 861 1350 oc,
878 1288 938 1334 ou.
991 1263 1061 1336 His
1090 1289 1153 1336 seu
1178 1259 1414 1359 simplicibus

305 1405 367 1455 seu
398 1378 599 1476 conjunctis
625 1391 825 1454 lconuenae
855 1379 999 1476 reliquae
1029 1377 1168 1464 litteris,
1193 1372 1315 1472 'quod
1349 1399 1415 1444 so-

305 1521 393 1571 num
431 1493 550 1569 ‘vocis
586 1507 741 1593 augeant
775 1493 1036 1590 crassioresque
1073 1491 1244 1579 efficiant,
1278 1515 1414 1562 conso-

305 1623 430 1684 nantes
448 1621 640 1690 vocautur;
667 1635 750 1706 qum
776 1609 815 1682 in
832 1608 921 1684 duas
939 1629 1057 1708 portes
1079 1607 1280 1705 diremptae,
1298 1605 1411 1680 semi-

305 1723 444 1797 vocales
465 1723 641 1820 ¹¹quidem
661 1748 717 1798 vu
736 1725 887 1814 dabunt,
905 1725 940 1800 id
965 1737 1030 1811 est,
1042 1721 1164 1824 slm
1182 1749 1206 1796 n
1232 1745 1341 1808 rex,
1358 1745 1412 1791 ex

305 1839 437 1935 quibus
457 1838 613 1935 liquidae,
632 1866 720 1936 quas
737 1838 975 1935 ινα’μιταιβὸλεις
993 1840 1066 1912 sive
1091 1839 1184 1935 ὑγρὰς
1209 1835 1325 1912 Graeci
1344 1861 1415 1906 vo-

306 1968 401 2041 cent,
422 1967 507 2030 sunt
531 1969 702 2052 quattuor
728 1956 799 2030 lm
816 1983 840 2028 n
857 1983 891 2044 r,
918 1955 1071 2052 ideoque
1097 1953 1266 2050 subjectae
1293 1950 1414 2026 mutis

306 2070 542 2167 litterisque
567 2071 604 2144 in
632 2072 737 2146 tertio
763 2072 942 2148 habentur
969 2085 1042 2146 tam
1069 2069 1196 2144 ordine
1213 2093 1320 2165 quam
1341 2093 1413 2164 po·

307 2199 447 2271 testate,
475 2211 560 2282 quae
588 2202 673 2262 sunt
700 2189 886 2287 bodgis
907 2188 976 2284 lep
999 2215 1022 2291 q
1046 2197 1073 2276 t,
1102 2186 1138 2262 in
1166 2183 1414 2261 declinatione

306 2301 497 2376 verborum
524 2329 587 2376 seu
616 2304 806 2380 nominum
829 2319 1055 2405 ‘numquam
1076 2300 1260 2400 aproprio
1283 2313 1414 2372 tenore

308 2443 350 2490 ac
379 2416 542 2518 legitimo
572 2419 763 2516 positionis
792 2445 865 2494 sure
893 2418 1017 2493 ordine
1046 2417 1206 2503 divulsae,
1232 2427 1339 2510 atque
1370 2414 1412 2486 in

307 2533 456 2610 alteram
485 2533 682 2612 litterarum
712 2535 1011 2630 commigratione
1034 2532 1215 2610 translate
1236 2529 1414 2628 speciem,

310 2659 349 2723 ut
375 2647 446 2723 alis
469 2648 705 2726 deflectantur
730 2665 838 2746 atque
867 2661 1064 2738 mutentur,
1088 2673 1163 2743 qua
1191 2644 1415 2732 conditione,

309 2763 417 2838 etiam
437 2765 473 2841 iu
493 2764 616 2841 metris
633 2791 844 2841 communes
862 2765 1018 2864 syllabas
1035 2762 1183 2840 faciunt.

422 2961 620 3046 CnnVI.
655 2963 720 3049 Dc
743 2961 1027 3049 Enunuatlone
1048 2961 1312 3043 Litterarum..

362 3111 504 3185 Placuit
532 3129 667 3203 autem,
694 3131 775 3190 ante
804 3143 912 3214 quam
942 3115 987 3188 de
1021 3129 1147 3190 natura
1176 3111 1411 3210 syllabarum,

311 3252 392 3323 quae
410 3255 507 3301 nunc
529 3229 645 3327 longae
668 3257 765 3304 nunc
783 3233 907 3306 breves
927 3232 962 3306 iu
982 3230 1103 3306 metris
1122 3239 1337 3308 asseruntur,
1354 3222 1413 3294 di-

312 3369 390 3414 cere
417 3342 600 3442 incipiam‚
618 3345 715 3443 prius
731 3347 777 3419 de
793 3348 1040 3422 enuntiatione
1066 3345 1289 3443 singularum
1313 3341 1413 3414 litte-

312 3483 431 3530 rarum
456 3471 493 3530 et
515 3485 614 3547 sono,
631 3459 693 3556 qui
719 3461 755 3535 in
782 3487 843 3534 ore
866 3475 988 3534 nostru
1011 3463 1107 3536 vario
1128 3459 1284 3557 quodam
1312 3455 1411 3527 vocis

286 3575 387 3648 rictu
414 3577 566 3673 nisuque
591 3578 801 3666 ‘formatum
817 3581 1004 3654 exordium
1035 3603 1187 3652 sumere.
1239 3572 1325 3646 Nou
1355 3597 1412 3642 so-

313 3691 387 3762 lum
416 3704 535 3764 autem
555 3718 624 3765 vox
647 3719 801 3767 sonusve
827 3697 899 3768 icto
925 3703 1014 3784 sere,
1032 3709 1072 3766 ut
1095 3691 1274 3776 audimus,
1290 3686 1411 3784 expri-

354 3953 369 3998 1³
385 3943 573 4019 reperiuntur]
591 3943 747 4020 repperitur
760 3947 792 4003 P.
956 3945 1179 4022 udipluongon]
1195 3943 1360 4018 dyptongon
1377 3937 1409 3992 P.

314 4023 486 4094 rconuersi]
493 4042 616 4120 gonessa
630 4027 661 4082 Ρ.
798 4026 914 4103 ‘quud]
930 4047 992 4106 quae
1007 4029 1038 4084 P.
1171 4021 1286 4096 tvocis]
1305 4017 1364 4076 voci
1379 4018 1409 4076 P.

314 4129 330 4160 ¹¹
344 4121 471 4195 quidem]
487 4125 526 4198 qd
540 4124 576 4180 P.
739 4133 760 4162 w
781 4124 1050 4198 ἀμετάθολα-ὑγρὰ]
1074 4123 1357 4194 αμεταβολας-υγρας
1378 4117 1409 4173 P.

312 4203 502 4276 ¹11u11qtlum]
521 4221 675 4278 numquam
692 4203 722 4259 P.
829 4203 1007 4276 ²lormatur]
1024 4203 1182 4259 formantur
1196 4199 1227 4256 P.

355 4421 403 4482 551.
426 4409 452 4462 F
464 4407 537 4464 inter
558 4407 741 4466 semivocales
763 4420 839 4466 vete·
881 4409 1027 4469 heurenter
1041 4405 1189 4466 contendit
1209 4426 1272 4466 esse
1293 4417 1408 4464 mutam.

309 4505 355 4544 res
375 4501 541 4566 posuerunt,
557 4489 605 4546 sed
624 4486 781 4546 Priscianus
796 4507 841 4546 ve-
881 4489 1030 4547 CAMER.
