3076 5140
130 445 217 496 cnr.
232 439 266 498 2.
283 421 347 496 De
364 426 532 498 nonnemo
548 425 646 498 inter
661 451 700 498 se
717 436 829 525 utque
845 423 1054 500 inconnexis
1072 423 1135 522 ⁸5⁶·
1161 436 1234 512 2¹9

1 659 2 676 t
129 606 317 680 uaditum.
369 607 539 706 Cumque
556 609 593 682 in
613 608 691 708 ipso
709 609 840 708 pariter
858 609 1006 682 bomine
1027 619 1261 708 procreatum

131 721 180 808 id,
203 735 329 816 postea
346 723 603 796 observationis
629 738 787 797 struente
813 724 1062 824 ”magisterio
1080 723 1232 820 majores

131 852 284 925 nostros,
310 836 406 934 quod
434 839 566 912 mentis
589 839 667 936 jam
697 839 802 938 pulsu
831 853 868 912 et
895 839 1047 914 naturali
1076 865 1229 938 concep-

130 952 231 1025 tione
248 953 479 1050 collegerant,
497 953 562 1026 arti
582 981 623 1026 ac
641 954 841 1053 discipline
858 954 1056 1040 tradidisse,
1075 953 1231 1051 denique

132 1065 175 1138 ad
192 1065 412 1138 modulanda
425 1066 551 1140 eadem
566 1095 672 1142 sensu
687 1069 843 1167 quodam
864 1069 1047 1166 animique
1061 1083 1163 1141 motu
1177 1069 1231 1141 in-

132 1193 292 1252 struente
305 1207 370 1252 nos
384 1181 482 1254 velut
497 1183 667 1282 magistro
680 1184 860 1273 ducimur,
872 1197 1108 1282 ngestumque
1121 1185 1229 1257 etiam

132 1295 289 1394 corporis
307 1295 457 1394 imagini
477 1298 731 1373 modulationis
748 1327 926 1398 congruos
944 1301 1080 1372 incitati
1099 1301 1233 1374 affecti·

131 1413 198 1484 bus
233 1411 529 1487 commodamus:
556 1417 689 1488 etenim
727 1415 763 1488 in
798 1427 948 1488 accentu
981 1413 1078 1486 vocis
1113 1413 1233 1512 dispar

132 1539 285 1599 ¹¹¹¹sonus
315 1553 387 1600 non
417 1527 607 1629 disciplina
635 1529 696 1602 sed
730 1543 856 1602 natura
885 1529 1013 1614 editur,
1043 1529 1092 1600 ita
1122 1529 1231 1600 etiam

133 1642 297 1740 rhythmi
332 1655 370 1714 et
403 1645 496 1716 mele
529 1646 707 1720 variandis
742 1659 889 1720 ⁰cantus
927 1643 1233 1718 modulationibus

133 1760 231 1856 prius
258 1769 385 1856 suapte
412 1773 538 1832 natura
559 1786 669 1858 quam
699 1761 784 1833 artis
807 1761 1002 1833 structione
1024 1762 1232 1858 gignuntur.

135 1875 204 1948 His
232 1873 464 1947 accedentem
482 1888 519 1945 et
536 1891 813 1949 consentaneam
841 1875 970 1948 retiam
990 1873 1262 1974 Theophanis

133 1991 343 2090 opinionem
370 1987 623 2062 eruditioribus
653 1991 778 2064 litteris
807 1991 901 2063 baud
932 1989 1233 2090 praetermiserim,

134 2105 344 2192 adserentis,
363 2105 584 2180 incentivum
604 2122 641 2180 et
657 2135 728 2180 non
747 2133 873 2206 parvos
894 2109 1051 2206 impetus
1070 2108 1138 2196 bis,
1155 2107 1235 2206 qui-

135 2222 200 2293 bus
227 2221 327 2294 cordi
354 2235 408 2294 est
432 2247 587 2310 carmen,
615 2249 678 2322 per
701 2223 793 2296 mele
821 2239 1016 2298 metrorum
1044 2237 1234 2296 ‘inumeros

134 2335 238 2408 edere
269 2338 316 2408 ab
352 2337 611 2424 affectionibus,
636 2364 727 2435 quos
757 2339 874 2412 Graeei
910 2343 1007 2426 ‘edon
1041 2339 1235 2438 appellant,

136 2451 291 2548 suggeri,
309 2465 345 2524 et
358 2452 573 2548 quibusdam
593 2453 841 2527 incalescentis
860 2453 992 2552 ingenii
1012 2453 1166 2526 stimulis
1181 2453 1235 2525 in·

136 2567 249 2651 citari,
266 2567 399 2664 quibus
425 2569 592 2656 sublime,
610 2569 896 2660 'cothurnatum
914 2595 1097 2658 canorum,
1115 2583 1151 2642 et
1166 2582 1236 2642 tra-

136 2679 205 2782 gici
223 2682 392 2780 ponderis
410 2709 553 2756 carmen
572 2683 710 2773 edatur,
722 2711 874 2782 quorum
894 2685 1108 2783 tripartitam
1127 2684 1237 2756 virtu-

135 2813 223 2888 tem,
241 2799 277 2870 in
298 2798 367 2870 isto
383 2797 573 2872 dumtaxat
594 2826 614 2871 a
631 2799 772 2872 dicendi
791 2827 899 2898 opere
917 2799 965 2871 ita
982 2799 1162 2888 discernit,
1180 2800 1237 2873 in-

110 2914 236 3004 ,ducit
255 2913 352 2986 enim
372 2915 607 3013 voluptatem,
624 2917 727 3000 iram,
745 2915 1030 3004 enthusiasmon,
1049 2915 1158 2988 veluti
1183 2943 1237 2988 sa·

137 3031 185 3102 ori
212 3029 343 3102 furoris
369 3029 594 3120 instinctum,
625 3045 663 3103 ut
692 3031 807 3104 Graeci
834 3043 975 3118 vocant,
1000 3055 1073 3126 quo
1100 3029 1235 3103 fatidici

138 3161 236 3218 vates
254 3145 421 3242 tspirant.
462 3145 592 3243 Neque
610 3147 730 3218 abnuo
748 3146 809 3218 sed
828 3147 943 3244 magis
959 3145 1130 3243 adprobo,
1148 3170 1266 3227 uon-9

139 3261 226 3333 nibil
252 3260 364 3333 etiam
388 3259 444 3332 bis
463 3260 647 3334 affectibus
674 3287 782 3333 omne
808 3260 1006 3358 ingenium,
1023 3260 1080 3332 cui
1110 3259 1237 3332 musici

139 3375 307 3448 carminis
325 3375 485 3448 studium
504 3391 568 3462 est,
582 3389 707 3448 natura
725 3375 916 3448 dumtaxat
934 3375 1052 3474 vprius
1071 3373 1113 3448 ad
1128 3374 1163 3447 id
1184 3373 1238 3447 iu-

138 3491 329 3577 formante,
342 3506 481 3583 natura,
494 3507 535 3565 ut
546 3519 653 3590 supra
663 3491 825 3564 wdictum
840 3503 904 3578 est,
921 3504 1070 3590 parente
1083 3518 1124 3564 ac
1139 3491 1238 3590 prin·

139 3607 229 3705 cipe,
248 3607 285 3679 in
304 3608 418 3704 majus
436 3609 570 3694 extolli,
588 3606 743 3703 satisque
760 3631 928 3704 prospere
946 3607 1012 3678 sub
1032 3607 1238 3702 hujusmodi

141 3724 271 3796 mentis
299 3724 506 3796 incitatione
533 3723 729 3822 provenire.
780 3721 951 3818 Namque
968 3721 1114 3795 insitam
1133 3737 1168 3794 et
1186 3723 1285 3795 in·10

140 3839 299 3934 genitam
319 3839 449 3911 nostris
467 3840 629 3912 sensibus
648 3839 823 3911 musicam
837 3837 945 3910 iidem
965 3838 1157 3924 instruunt,
1175 3839 1238 3911 ad-

134 3957 276 4048 juvant,
293 3967 330 4026 et
347 3953 384 4026 in
404 3954 518 4050 majus
536 3981 644 4051 quam
673 3954 807 4054 ingenii
834 3953 1031 4051 '‘cujusque
1050 3955 1160 4028 virtus
1186 3969 1240 4030 est

181 4159 204 4191 m
220 4147 369 4228 magistro]
389 4149 549 4228 magisterio
566 4151 595 4208 Ρ.
687 4154 827 4230 ¹³gestus]
844 4164 955 4230 gestum
972 4153 1002 4208 P.
1089 4164 1122 4196 ¹¹¹¹
1137 4156 1239 4228 sonus]

144 4231 219 4286 sonis
243 4230 273 4286 P.
424 4241 439 4272 ⁰
461 4243 560 4288 cantus
582 4232 834 4306 modulationibus]
858 4231 1186 4290 cantumodulationibus
1208 4237 1240 4292 Ρ.

143 4309 372 4387 PTheophrmti]
384 4311 469 4368 etiam
484 4312 673 4388 'Pheopbrasti
688 4315 717 4370 Ρ.
733 4313 777 4370 ed.
794 4317 875 4371 Cam.
948 4314 1124 4386 unurrreros]
1141 4333 1241 4372 nume·

144 4407 188 4446 ros
202 4391 285 4449 odere
296 4392 327 4448 P.
411 4394 517 4468 ream]
535 4401 631 4450 ΠΔΦΝ
652 4393 684 4450 Ρ.
779 4394 1001 4466 ⁸cotrrmorum]
1018 4405 1195 4452 commatum
1211 4397 1241 4451 P.

144 4482 172 4526 et
186 4490 251 4528 mox
266 4471 446 4549 tripertitam.
563 4472 708 4548 tsannnt]
725 4475 869 4549 spirantur
884 4477 914 4532 P.
1028 4485 1043 4515 V
1059 4473 1134 4550 prirn
1148 4474 1182 4532 ad
1198 4474 1240 4547 id]

145 4548 262 4626 p'usadit
277 4553 307 4610 P.
382 4561 404 4592 W
419 4552 538 4626 dictum]
555 4552 661 4610 dictum
677 4558 693 4608 ὀ
709 4554 738 4608 Ρ.
821 4563 835 4594 ³¹
851 4554 997 4632 cujusque]
1014 4573 1092 4630 cuiq:
1110 4555 1140 4609 P.

643 4645 736 4718 afa
