3124 5120
292 428 360 490 138
674 415 795 489 Marii
814 413 997 488 Victorini
1237 433 1389 484 1.1s.111.

338 596 576 672 Instimuloto
594 597 712 671 cloria
727 598 856 697 quoles
871 624 998 672 socrus
1016 596 1153 671 excutit
1168 595 1288 670 ulnas.

289 713 370 786 Fiet
387 725 616 786 tetrametrus
634 714 838 788 trochaicus
856 715 917 804 ita,

340 829 385 902 In
402 828 521 902 clroris
535 829 729 903 stimulato
745 829 885 930 ‘quatu
900 828 1010 904 ulnas
1027 828 1167 902 excutit
1181 852 1318 901 somus.

259 944 356 1018 9Per
381 943 595 1018 divisionem
629 958 749 1018 autem
780 945 809 1018 si
838 943 1200 1046 proceleusmaticum
1232 941 1269 1014 in
1301 966 1386 1014 ana·

287 1060 474 1159 paesticum
495 1073 651 1133 metrum
669 1059 863 1135 dividendo
881 1061 932 1133 sic
950 1059 1141 1160 percutias,

438 1176 486 1248 Id
498 1175 601 1274 agite
614 1175 787 1275 peragite
803 1175 982 1250 celeriter.

290 1289 356 1362 Per
374 1289 549 1364 unitatem
569 1317 664 1378 vero,
683 1317 767 1364 cum
786 1291 994 1390 pariambus
1011 1289 1147 1390 duplex
1161 1287 1339 1387 jungitur.

438 1405 559 1506 Agite
562 1406 650 1506 jam
667 1407 772 1506 agite
788 1408 859 1480 cito
876 1405 978 1480 niodo
994 1430 1087 1479 meo.

246 1518 338 1592 ¹0Et
363 1520 411 1592 sit
435 1521 788 1619 proceleusmaticus.
839 1521 907 1594 Per
923 1520 1275 1619 transfigurationem
1299 1547 1390 1618 quo-

287 1663 369 1734 que,
386 1661 468 1710 cum
490 1637 619 1709 herous
638 1639 791 1734 figuram
810 1636 962 1708 trimetri
982 1635 1125 1735 accipit,
1143 1637 1253 1727 velut,

387 1751 528 1824 Albani
544 1753 685 1824 ”muris
702 1751 840 1826 Albam
858 1750 1005 1850 longam
1024 1751 1228 1825 doemunt.

288 1865 364 1939 Hic
393 1867 488 1939 enim
518 1865 546 1938 si
579 1893 641 1966 per
665 1866 830 1967 dipodius
856 1865 1087 1964 percutiatur,
1109 1868 1171 1939 fiet
1194 1865 1389 1939 trimetros.

287 1981 358 2055 Sed
388 1997 426 2054 et
447 2009 511 2082 per
534 1983 749 2056 mixtionem
774 2007 860 2056 cum
886 1980 1034 2054 diversae
1057 1983 1159 2054 bases
1182 1982 1390 2070 miscentur,

288 2109 328 2169 ut
345 2112 434 2197 puta
452 2097 694 2171 choriambico
712 2112 749 2170 et
766 2096 933 2184 iambica,
949 2095 1073 2182 veluti,

387 2213 509 2311 Lydio
527 2214 586 2286 dic
599 2239 731 2310 precor
749 2211 862 2286 libens
879 2211 974 2285 unde
989 2210 1079 2284 velis
1096 2211 1246 2284 reverti.

245 2361 270 2394 n
288 2327 356 2400 Per
374 2328 674 2428 compositionem
694 2341 828 2418 autem,
850 2328 878 2400 si
900 2353 945 2399 ex
972 2327 1082 2398 heroo
1101 2339 1216 2399 metro
1240 2327 1297 2401 cui
1316 2327 1390 2424 syl-

288 2442 370 2516 laba
395 2442 535 2539 adjecta
559 2444 596 2516 in
619 2443 817 2517 novissimo
842 2442 921 2532 erit,
937 2440 1034 2540 quod
1050 2444 1265 2541 certapcpepic
1282 2467 1388 2516 voca·

287 2571 356 2648 tur,
373 2557 470 2656 quod
489 2572 543 2632 cst
560 2559 643 2650 tale,

436 2674 715 2774 Arboribusque
731 2699 847 2749 come.

288 2789 427 2887 adjecto
446 2803 561 2863 metro
577 2790 746 2880 iambico,
763 2792 827 2863 fiat
846 2801 1000 2862 metrum
1020 2789 1103 2878 tale,

337 2904 611 3005 Arborilrosqoe
629 2931 744 2994 come,
762 2915 805 2978 ut
816 2907 940 3002 prisco
955 2931 1049 3003 gens
1065 2901 1288 2978 mortalium.

289 3019 407 3102 Quale
422 3032 477 3093 est
495 3021 531 3093 in
549 3020 680 3121 Epodo
699 3020 855 3111 Horatii,

339 3136 508 3211 Scribere
522 3137 721 3212 veronus
738 3163 862 3210 amore
873 3161 1086 3234 percensum
1102 3135 1226 3233 gravi.

247 3279 275 3315 ιι
289 3251 555 3326 Demonstratis
569 3253 678 3352 igitur
688 3253 877 3350 exemplis,
887 3251 1161 3350 temptabimus,
1172 3248 1390 3348 procedente

289 3365 442 3439 lectione
458 3371 495 3439 in
516 3381 695 3466 quantum
715 3367 948 3466 potuerimus,
965 3366 1090 3438 omnia
1115 3365 1223 3463 hujus
1250 3366 1390 3464 generis

291 3480 364 3554 sive
390 3482 568 3580 simplicia
594 3484 668 3556 sive
694 3483 874 3571 immixta,
891 3509 973 3579 quae
996 3483 1035 3553 in
1061 3507 1169 3554 usum
1189 3495 1252 3556 aut
1270 3481 1388 3554 Graeci

291 3609 353 3669 aut
369 3597 493 3670 Latini
511 3612 734 3698 receperunt,
751 3597 903 3671 subinde
919 3596 1102 3696 'prodere
1120 3598 1148 3670 si
1175 3598 1275 3697 prius
1298 3625 1351 3683 ea,
1369 3625 1390 3670 a

290 3713 422 3812 quibus
440 3714 583 3788 initium
603 3713 822 3788 sumendum
841 3726 906 3802 est,
923 3713 1191 3786 ”docuerimus

331 3929 438 3988 *ulnas
452 3929 559 3989 excutit
571 3930 682 4004 socrus]
697 3947 793 3986 socrus
803 3926 911 3985 excutit
924 3927 1005 3984 ulnas
1020 3928 1051 3986 P.
1147 3938 1164 3970 ¹¹
1179 3925 1279 4004 muris]
1297 3945 1391 3986 mures

291 4011 324 4070 P.
338 4011 402 4069 edd.
493 4021 509 4052 V
522 4011 651 4086 perdere]
669 4009 786 4087 prodere
801 4007 832 4066 P.
849 4006 931 4065 etsie
946 4026 1001 4064 eni.
1017 4009 1129 4068 Comm.
1224 4019 1247 4050 W
1260 4005 1389 4067 docueri·

293 4093 369 4168 mus]
386 4091 574 4151 docuerimus.
615 4089 752 4149 Dicemus
766 4087 851 4169 igitur
864 4088 900 4145 de
915 4089 1012 4146 metris
1024 4090 1076 4148 &c
