3124 5120
294 381 363 442 142
678 358 799 434 Marii
819 359 1005 434 muniar·
1239 379 1314 432 stu.
1332 382 1389 444 ιιι.
1474 461 1476 466 ¹

289 549 481 626 detrahens
499 572 611 620 unum
631 545 760 646 pedem
781 571 843 618 seu
861 545 982 618 oolum
1003 557 1129 628 metro,
1148 556 1189 617 ut
1207 542 1256 614 illi
1279 543 1390 640 subji-

288 679 385 741 ceret
401 664 438 738 id
456 662 554 763 quod
572 688 616 735 ex
635 662 715 761 ipso
735 659 935 734 detractum
963 687 1040 734 esse
1057 658 1265 732 videbatur:
1295 673 1336 733 ut
1353 661 1389 732 in

290 782 401 855 heroo
419 809 440 853 a
457 803 531 876 quo
549 777 708 876 primum
727 775 852 872 coepit,
869 788 1069 871 tamquam,
1258 831 1272 848 ,

340 892 545 997 Dfflgere
560 893 669 979 uiues,
685 889 933 988 redeuutjam
943 890 1290 989 graminaaeuripis.

246 1031 273 1079 ¹⁵
289 1011 434 1086 Dehinc
451 1007 589 1108 epodus
606 1006 682 1080 isui
701 1005 852 1104 generis,

435 1123 715 1222 Arboribusque
731 1147 847 1194 conte

286 1239 338 1312 Et
355 1239 445 1312 illud
470 1264 553 1312 cum
576 1237 674 1311 heroi
693 1262 814 1310 versus
841 1237 999 1312 secundo
1017 1239 1128 1324 ΙιιοΙο,
1147 1237 1388 1337 ithyphallico

286 1355 402 1456 epodo
420 1383 484 1456 par
500 1353 675 1428 ἀντιπάθειαι
690 1353 914 1454 'respondet
931 1369 983 1445 ut,

335 1471 553 1572 Priamique
569 1479 732 1545 evertere
745 1479 892 1568 gentem
908 1467 1109 1570 bfarajam
1120 1470 1319 1568 parabunt.

284 1587 336 1661 Et
353 1588 469 1661 multa
486 1587 567 1676 alia,
581 1612 661 1683 quae
678 1585 713 1657 in
729 1610 897 1683 processu
915 1586 1032 1684 operis
1045 1584 1384 1658 demonstrabimus.

284 1703 421 1776 Omnia
451 1701 548 1774 enim
577 1727 623 1774 ex
645 1699 791 1799 dactylo
821 1715 856 1774 et
878 1700 999 1774 iambo
1023 1700 1281 1800 principalibus
1307 1714 1385 1774 orta

284 1829 492 1890 noscuntur.
543 1814 641 1888 Nam
671 1841 899 1912 quaecunque
928 1815 1128 1914 protuleris,
1152 1842 1198 1888 cx
1223 1815 1279 1888 his
1301 1842 1385 1915 pro-

284 1934 392 2005 fluere
409 1929 581 2015 fontibus,
595 1944 631 2004 et
649 1929 694 2002 ad
713 1931 789 2004 haec
806 1929 925 2003 referri
943 1931 1054 2003 veluti
1081 1931 1230 2020 semina,
1249 1930 1385 2004 exami-

242 2061 271 2112 ιι
284 2044 403 2118 nando
420 2043 585 2144 reperies.
638 2044 731 2118 Haec
749 2043 848 2118 enim
868 2046 943 2118 sola
960 2044 1033 2118 duo
1059 2057 1182 2134 metra,
1199 2045 1383 2142 ⁰quamvis

282 2173 320 2232 et
340 2160 535 2233 iambicum
569 2159 667 2232 heroi
699 2160 744 2232 sit
774 2159 1028 2245 traductivum,
1056 2173 1183 2258 utpote
1207 2185 1292 2232 cum
1319 2159 1384 2232 tri-

283 2288 397 2348 meter
413 2274 459 2348 de
478 2276 689 2348 hexametro
708 2301 871 2348 manasse
894 2288 1072 2360 noscatur,
1097 2274 1178 2348 haec
1200 2276 1275 2348 sola
1296 2301 1383 2373 pos-

282 2405 367 2466 sunt
393 2405 667 2490 prototyporum
703 2404 897 2489 prototypa
926 2387 1009 2475 dici,
1039 2403 1076 2462 ct
1105 2391 1270 2464 omnium
1307 2415 1383 2462 me-

282 2523 418 2582 trorum
442 2509 632 2594 elemcnta,
662 2506 801 2603 reliqua
827 2519 948 2578 autem
975 2505 1102 2578 horum
1132 2507 1381 2601 ”horplpmz

283 2649 437 2721 quorum
458 2620 596 2710 modos,
610 2622 646 2694 in
664 2635 840 2718 quantum
860 2621 980 2719 colligi
1000 2619 1220 2720 ‘potuerunt
1232 2620 1379 2694 studiosi

283 2739 425 2813 lectoris
443 2737 587 2812 auribus
604 2736 791 2810 intimabo.

282 2973 384 3055 Cae.
403 2973 485 3054 III.
538 2977 603 3056 De
634 3001 795 3055 mmmm
828 2973 1130 3080 numerisque
1159 2986 1380 3054 neutrorum

551 3101 881 3209 multiplicatione
900 3099 1113 3206 redigitur.

330 3259 428 3332 Nam
456 3284 539 3331 cum
569 3271 763 3330 metrorum
801 3255 1068 3356 principalium,
1094 3283 1173 3354 qua
1204 3259 1380 3330 catholice

280 3385 433 3471 excepto
450 3374 625 3472 rhythmo
644 3373 804 3472 paeonico
822 3371 1025 3470 recipienda
1043 3385 1138 3462 sunt,
1150 3387 1232 3446 octo
1250 3401 1380 3472 genera

280 3503 503 3580 censeantur,
538 3489 566 3562 si
602 3490 682 3586 quis
726 3517 767 3560 ea
810 3490 920 3562 octies
961 3489 1188 3588 multiplicet,
1223 3489 1380 3563 hoctona

281 3619 395 3676 metra
418 3605 528 3678 octies
555 3605 795 3703 multiplicata
826 3603 982 3677 efficient
1009 3604 1224 3678 differentias
1251 3630 1377 3678 anu.

279 3719 330 3794 Et
355 3735 396 3793 ut
422 3721 589 3822 exemplo
612 3720 648 3793 id
677 3721 834 3819 apertius
852 3722 996 3808 clareat,
1027 3722 1056 3794 si
1082 3723 1163 3818 quis
1182 3721 1376 3795 iambicum

279 3835 435 3910 iambico
453 3833 675 3934 ¹conjungat‚
695 3849 757 3908 aut
782 3835 965 3908 trochaico
987 3849 1024 3908 et
1040 3835 1210 3935 deinceps
1238 3837 1377 3925 ceteris,

318 4057 403 4131 tsui]
419 4059 477 4114 suis
492 4059 523 4116 P.
635 4057 737 4133 ¹c010]
753 4059 818 4116 loco
832 4059 863 4117 P.
974 4059 1168 4136 ⁸respondet]
1185 4057 1331 4138 respondit
1344 4060 1377 4119 P.

276 4133 293 4180 b
308 4137 378 4212 lain]
396 4137 469 4196 factu
483 4139 516 4196 P.
628 4140 795 4214 equalmvis]
812 4159 877 4197 cum
893 4139 924 4196 P.
1034 4149 1048 4182 θ
1061 4140 1249 4213 ἀποτμήματα]
1265 4163 1378 4208 arnm-

275 4243 350 4292 ματα
364 4219 395 4275 Ρ.
478 4215 669 4297 spumarunt]
687 4221 780 4296 potuit
794 4221 823 4276 P.
916 4220 1022 4296 tquoe]
1040 4218 1087 4296 qui
1103 4221 1135 4278 Ρ.
1228 4217 1375 4294 hoctona]

276 4309 306 4354 et
319 4311 424 4356 octona
438 4299 470 4356 P.
552 4296 560 4340 ¹
574 4297 743 4377 conjungat]
760 4297 912 4376 conjugata
927 4313 958 4356 ut
972 4301 1003 4358 P.

287 4511 295 4528 .
375 4477 410 4533 16
427 4475 498 4534 llaec
512 4476 585 4549 sols]
603 4475 702 4554 Soppl.
717 4477 837 4550 inquom.
852 4475 976 4555 alioquin
989 4477 1114 4554 παρέλκει.
1137 4479 1270 4536 COMM.
