3076 5140
125 452 205 502 cae.
220 445 255 502 4.
304 428 369 502 De
385 453 537 502 numero
553 427 849 503 Horatianornnr
866 457 1045 504 versuum.
1154 443 1226 523 239

12 619 13 686 l
125 613 318 698 remetire,
336 627 374 686 et
389 612 463 686 duo
481 613 630 688 trochaei
648 613 727 687 rint
743 623 862 692 antro.
905 615 1144 690 Trochaicum
1172 615 1226 690 di-

12 735 13 752 *
126 741 279 800 metrum
300 727 564 818 catalecticum,
582 728 741 818 trochaei,

323 841 411 916 Non
429 843 518 918 ebur
534 869 650 942 neque
667 869 831 917 carerem.

125 959 351 1032 ¹'ltrmbicum
370 959 574 1032 trimetrum
594 959 857 1046 catalecticum,

324 1072 415 1148 Mea
431 1075 574 1148 renidet
591 1076 630 1148 in
647 1075 749 1148 domo
767 1074 932 1148 lacunar.

12 1199 13 1204 ’
124 1187 342 1262 Trimetrum
364 1191 583 1264 ⁰iambicum
602 1193 851 1281 acatalectum‚

323 1305 401 1378 Ibis
417 1282 599 1380 liburnis
614 1308 711 1380 inter
728 1305 806 1380 alta
822 1309 980 1380 nauium.

126 1419 334 1493 Dimetrum
352 1420 550 1494 iambicum
569 1421 818 1506 acatalectum,

322 1535 455 1608 Amice
465 1534 760 1636 propugnacula.

126 1649 364 1748 Conpositum
396 1677 442 1724 ex
477 1651 764 1750 penthemimere
800 1651 971 1748 elegiaco,
1002 1667 1038 1722 et
1071 1651 1225 1726 dimetro

128 1764 281 1840 iambico
298 1766 528 1851 Pacatalecto,
545 1766 618 1839 duo
635 1765 768 1867 dactyli
787 1794 871 1840 cum
891 1767 1039 1866 syllaba,

324 1879 493 1955 Scribere
508 1883 716 1956 versiculos.

126 1993 233 2066 aDuo
251 1995 375 2083 iambi,
393 1995 517 2069 tertius
536 1997 728 2096 spondeus,
746 2011 893 2094 quartus
915 1997 1085 2084 ‘iambus
1103 2023 1226 2070 umore

120 2135 332 2206 percussum
353 2113 475 2211 grani.
512 2113 752 2212 Conpositum
772 2139 816 2184 ex
836 2111 990 2184 dimetro
1008 2112 1162 2186 iambico
1188 2129 1225 2186 ct

125 2229 411 2327 penthemimere
429 2231 597 2328 elegiaco,
615 2231 707 2304 'duo
730 2229 840 2302 iambi
860 2230 1030 2328 niuesque
1047 2229 1102 2317 de,
1116 2257 1225 2330 spon-

124 2343 210 2418 deus
228 2346 391 2435 ‘ducunt
412 2347 553 2419 iambus
563 2346 705 2435 decern,
721 2345 885 2444 dactylus
903 2371 1000 2418 nunc
1012 2370 1115 2418 more
1128 2370 1225 2417 nnnc

124 2459 236 2533 silure.
290 2459 408 2533 Metra
426 2460 521 2560 apud
551 2461 744 2535 Horatium
770 2461 879 2534 semel
899 2459 1007 2544 dicta,
1025 2460 1224 2534 'choriam-

125 2575 190 2648 bus
216 2574 339 2672 India
365 2577 434 2666 dic,
459 2576 631 2650 bacchius
659 2603 727 2674 per
756 2602 889 2668 ornnes,
916 2573 1000 2650 Hoc
1024 2577 1141 2648 'deos
1168 2601 1222 2658 ve,

124 2690 286 2790 epitritus
304 2691 519 2766 '‘secundus.

196 2805 364 2880 Solvitur
380 2809 477 2882 acrnh
494 2808 619 2908 hyems
632 2819 749 2908 grata
765 2809 844 2882 nice
859 2809 957 2884 veris
973 2819 1008 2882 er
1027 2807 1174 2882 Favoni.

123 2922 207 2995 Non
225 2923 312 2996 ebur
330 2949 446 3022 neque
462 2951 625 3010 curnem,

172 3037 262 3110 Mea
278 3039 422 3112 renidet
438 3041 475 3112 in
492 3041 595 3114 domo
613 3039 778 3114 lacunar.

169 3151 342 3225 Scribere
356 3155 554 3228 uersiculos
571 3183 694 3230 amore
706 3181 918 3253 percurrunt
931 3155 1052 3254 gravi.

170 3267 357 3368 Niuesque
374 3269 556 3344 &ducunt
572 3270 712 3361 donent,
730 3296 825 3344 nnnc
841 3296 944 3343 mare
959 3296 1056 3343 nnnc
1071 3269 1182 3343 silae.

123 3379 170 3454 Et
190 3411 297 3483 super
316 3384 370 3456 bis
390 3384 574 3458 hactenus.

168 3498 280 3572 Nunc
298 3511 404 3572 'vero
422 3499 450 3571 si
470 3527 541 3572 non
559 3501 693 3586 omnia,
710 3527 949 3598 quaecumque
962 3500 1056 3600 apud
1076 3501 1247 3575 Graecos2

121 3631 273 3714 possunt
298 3617 459 3707 inveniri,
490 3617 560 3690 hoc
586 3617 846 3690 commentario
873 3616 1222 3715 comprehenderim,

124 3737 222 3820 (sunt
239 3733 338 3805 enim
357 3733 451 3830 apud
480 3732 609 3833 lyricos
632 3746 669 3805 et
686 3731 843 3805 comicos
866 3747 990 3832 poetas
1017 3731 1222 3805 innumera-

123 3846 210 3920 biles
235 3861 433 3920 metrorum
458 3849 623 3948 species,)
650 3847 738 3921 illud
767 3861 888 3922 tamen
911 3873 981 3921 non
1009 3847 1221 3946 adroganter

159 4143 333 4219 manuatim]
350 4144 530 4203 constiterint
545 4147 575 4204 P.
626 4156 642 4188 ¹¹
657 4143 824 4220 iambicum]
843 4145 1015 4204 trochaicum
1030 4147 1062 4204 P.
1117 4147 1218 4204 ⁰iam·

121 4224 229 4300 bicnm]
246 4239 275 4282 et
289 4225 442 4284 iambicum
460 4226 490 4282 P.
613 4226 792 4301 acatalecto]
809 4227 962 4285 acatalecto
977 4227 1008 4284 P.
1132 4236 1149 4281 <1
1163 4227 1220 4285 duo

12 4363 13 4376 ¹
119 4305 205 4363 iambi
219 4326 275 4362 orn.
292 4306 323 4362 P.
406 4305 557 4380 riambus]
575 4306 686 4366 iambici
703 4309 734 4366 P.
823 4309 906 4365 ¹duo
921 4307 1006 4366 iambi
1022 4305 1153 4384 uiresque
1167 4307 1217 4384 de]

12 4431 13 4440 ,
120 4385 197 4442 nives
212 4384 295 4442 iambi
311 4405 360 4442 nu
375 4385 522 4444 deducunt
537 4387 566 4444 P.
659 4387 792 4445 tducunr
805 4385 914 4446 iambus
929 4408 986 4447 om.
1001 4389 1033 4447 P.
1122 4389 1220 4446 vcho·

120 4466 256 4542 riambus]
274 4465 434 4524 choriambi
448 4467 479 4524 P.
590 4477 612 4509 W
625 4467 694 4525 deos
708 4472 756 4544 ve]
774 4486 806 4524 re
819 4487 877 4527 om.
893 4469 925 4526 P.
1032 4469 1216 4542 ¹secundua]

119 4547 258 4603 secundus
273 4563 337 4603 vere
351 4546 384 4603 P.
468 4549 574 4622 luero]
591 4565 656 4605 veto
669 4550 754 4606 etiam
769 4549 800 4605 P.
