3124 5120
143 361 229 412 cur.
243 355 303 414 20.
348 339 413 416 Dc
429 366 606 418 concursu
623 353 660 417 ct
676 343 860 418 collisione
875 344 1066 419 vocalium.
1196 357 1245 435 89
1310 325 1315 334 ⁵

142 521 195 596 Et
212 521 301 598 illud
321 523 497 617 Maronis,

250 664 363 739 Vallia
379 691 568 742 onerosum
585 679 695 768 atque
712 669 896 769 uagitibus
913 669 1049 741 aureis.

141 807 287 881 Aureis
303 807 400 882 enim
419 811 724 908 pronuntiandum
743 825 817 885 est:
844 811 880 883 in
902 807 1108 884 scandendo
1124 821 1275 882 autema

142 924 221 996 reis
249 923 388 1022 syllaba
417 951 489 998 non
517 925 699 1013 dividitur,
730 925 791 999 sed
822 925 980 1000 elittera
1007 925 1044 998 in
1069 924 1246 998 unitatem

143 1063 231 1110 cum
260 1038 276 1110 i
299 1037 452 1114 deducta
479 1067 541 1139 per
563 1039 832 1141 ¹diphtbongon
858 1039 986 1114 Graeco
1010 1066 1109 1112 more
1133 1053 1169 1112 et
1192 1067 1246 1112 ra-

144 1151 245 1224 tione
260 1153 394 1254 scripta
411 1157 629 1252 enuntiatur.
673 1157 743 1230 Sed
761 1171 798 1230 et
816 1155 926 1228 nostri
946 1169 1081 1228 veteres
1099 1181 1158 1227 eas
1176 1155 1275 1253 syl-7

144 1267 258 1353 labos,
286 1268 322 1340 in
346 1269 477 1366 quibus
500 1271 516 1343 i
536 1271 753 1370 productum
782 1270 975 1360 invenitur,
1002 1295 1021 1342 e
1048 1269 1249 1369 anteposito

145 1381 411 1482 scriptitabant,
423 1397 463 1457 ut
477 1385 513 1457 in
529 1377 799 1485 antiquis'libris
817 1386 1031 1459 invenimus.
1058 1384 1247 1458 Consimili

146 1497 285 1570 ratione
302 1500 485 1596 quaeritur,
506 1501 674 1600 Orpheus
690 1503 726 1576 in
744 1515 863 1576 metro
884 1505 952 1598 (ut,

196 1639 286 1713 Non
301 1666 359 1714 me
375 1642 595 1716 carminibus
611 1641 749 1716 kvinacei
768 1667 834 1716 uec
850 1641 1032 1716 Thracius
1053 1637 1235 1738 Orpheum

149 1795 271 1855 utrum
302 1783 528 1881 trisyllabum
560 1812 604 1858 an
635 1784 870 1884 ¹disyllabum
901 1783 958 1874 sit,
983 1809 1029 1856 an
1060 1781 1154 1854 idem
1186 1806 1250 1852 no·

148 1921 233 1970 men
250 1895 386 1996 duplici
404 1899 652 1974 enuntiatione
670 1915 877 2000 promatur;
904 1917 967 1972 aut
984 1898 1062 1972 siue
1078 1923 1102 1972 o
1120 1897 1249 1984 littera,

149 2023 189 2082 ut
216 2009 382 2085 ”Peleus
410 2013 610 2104 Peutlseus,
636 2029 699 2089 aut
725 2041 810 2089 cum
839 2039 874 2106 o,
899 2027 940 2087 ut
970 2014 1020 2086 ita
1050 2013 1250 2086 declinetur

151 2125 342 2225 orphum,
367 2143 409 2202 ut
431 2131 640 2206 Aristeus:
665 2131 783 2204 visum
813 2145 869 2204 est
896 2143 1018 2204 tamen
1046 2129 1115 2201 hoc
1145 2152 1277 2228 posses

147 2242 317 2334 discerni,
328 2258 371 2317 ut
387 2245 448 2320 illa
465 2246 541 2320 sine
559 2272 583 2320 u
599 2246 717 2320 littera
732 2246 859 2320 Graeca
877 2246 923 2318 sit
940 2243 1151 2330 enuntiatio,
1172 2244 1250 2318 haec

146 2359 281 2434 Latina
309 2361 407 2458 quod
436 2389 500 2460 per
525 2361 801 2460 ”diphthongon
829 2362 983 2436 effertur.
1033 2359 1105 2434 Sed
1134 2373 1175 2434 ut
1204 2359 1277 2438 adn

146 2476 374 2576 propositum
413 2491 644 2568 revertamur,
677 2477 825 2576 quidam
861 2475 1102 2576 superioribus
1135 2474 1250 2548 tribus

146 2605 313 2689 quartam
338 2593 497 2691 speciem
524 2593 749 2682 addiderunt,
766 2619 876 2692 quam
896 2591 1016 2666 Graeci
1034 2590 1162 2664 dicunt
1178 2597 1251 2689 κρᾶ-

147 2739 207 2793 ou,
222 2707 258 2780 id
278 2721 344 2797 est,
359 2735 443 2782 cum
463 2709 568 2782 unius
585 2711 711 2785 litterae
728 2711 862 2785 vocalis
876 2711 912 2784 in
931 2709 1019 2784 duas
1038 2709 1193 2808 syllabas
1210 2711 1251 2781 fit

147 2847 371 2914 communio,
388 2837 440 2914 ut,

246 2963 397 3039 Audire
413 2976 468 3039 eat
484 2991 598 3064 opero
613 2979 630 3014 ⁰
634 2968 796 3064 pretium
807 2965 1006 3063 procedere
1021 2975 1130 3039 recte.

15 3129 16 3147 κ
147 3097 257 3186 Item,

247 3235 517 3337 seruumque
534 3235 756 3338 eatsortuuo
774 3264 854 3312 men
872 3249 936 3312 eat.

146 3377 241 3462 Quae
257 3377 369 3450 veluti
396 3379 694 3478 percontrarium
713 3379 935 3474 συνεκφόνησιν
956 3378 993 3451 in
1022 3376 1145 3450 metris
1171 3375 1252 3450 imi·
1268 3407 1297 3443 ιο

145 3505 256 3566 tatur.
309 3491 382 3566 Hae
408 3495 531 3592 figurae
562 3493 714 3568 sollicite
741 3493 973 3568 observandas
1001 3503 1086 3566 sunt
1112 3504 1187 3564 tam
1215 3492 1252 3564 in

146 3607 303 3681 heroicis
329 3633 438 3706 quam
466 3607 630 3682 iambicis
654 3635 695 3686 ac
719 3609 866 3682 secteris
889 3621 1085 3682 metrorum
1113 3605 1253 3706 generi-

147 3725 228 3811 bus,
247 3749 295 3796 ne
313 3724 417 3797 nobis
434 3749 499 3824 per
516 3723 800 3824 rneglegentiam
822 3725 1009 3824 obrepant,
1031 3721 1252 3796 maximum-

146 3865 219 3936 que
234 3863 392 3912 errorem
410 3838 568 3912 afferant.

186 4137 196 4182 ἱ
209 4137 426 4218 diphthongon]
443 4137 601 4218 diptongon
615 4139 647 4197 P.
721 4137 738 4181 ¹¹
754 4139 847 4198 vincet
861 4157 913 4197 nec
926 4135 1075 4212 Thracius]
1093 4137 1187 4195 vincat
1201 4154 1253 4193 nec

150 4219 273 4280 trachiam
289 4219 322 4277 Ρ.
404 4217 414 4261 ¹
427 4218 624 4312 dissyllabum]
640 4218 809 4298 disyllabum
824 4219 857 4277 P.
946 4229 970 4261 ¹²¹
984 4218 1140 4292 Pentheus]
1157 4216 1253 4296 peleus

151 4302 289 4378 pentheus
302 4299 336 4359 P.
432 4310 449 4342 ¹¹
464 4299 679 4380 diphthongon]
696 4299 855 4379 diptongon
870 4301 901 4357 P.
1002 4309 1018 4341 ⁰
1033 4298 1172 4377 precium]
1190 4315 1251 4376 pre·

150 4379 220 4438 tium
235 4380 270 4438 P.
362 4379 590 4460 PQuecunque]
606 4381 802 4458 Quacumque
816 4380 846 4438 P.
938 4379 1089 4453 tenteris]
1106 4377 1206 4436 esteris
1221 4377 1252 4434 P.

151 4457 396 4542 rnegligentiam]
413 4460 624 4543 neglegentiam
639 4461 669 4520 P.

686 4579 711 4626 N
