3100 5142
332 389 404 450 ooo
750 369 870 446 Merit
887 370 1008 448 Pteria·
1105 368 1113 390 ‘

541 557 605 632 De
619 557 784 634 trimetro
801 555 1010 634 catalectico
1027 557 1232 634 trochaico.

388 691 610 767 liimetrum
625 690 873 766 catalecticum
884 693 928 765 fit
941 715 1027 766 cum
1045 692 1218 791 quiaque
1235 689 1346 791 pedes
1363 689 1428 762 sint

333 807 504 884 trochaici
521 826 558 882 et
575 835 647 882 una
664 808 812 908 syllaba,
829 821 881 893 ut,

503 923 639 990 Faunus
653 925 814 990 immolare
827 925 894 988 sice
908 923 998 987 malit
1009 944 1051 988 se.

309 1173 322 1224 7
576 1131 821 1210 Detrimetro
836 1133 1046 1210 catalectico
1063 1133 1183 1210 clodo.

392 1265 609 1342 lhimetmmc
625 1267 871 1342 catalecticum
894 1266 1033 1342 clorlum
1056 1282 1112 1342 est
1138 1269 1229 1358 tale,
1246 1264 1356 1365 quale
1377 1287 1428 1335 su·

334 1384 465 1484 perium
483 1383 544 1458 sed
561 1384 761 1484 penultima
778 1383 916 1484 syllaba
932 1384 1039 1484 longa
1054 1411 1120 1486 pro
1140 1383 1260 1458 brevi.

532 1501 577 1573 Oi
592 1498 649 1574 leci
665 1501 725 1574 ‘rie
740 1501 832 1575 hemis
847 1498 998 1600 Ταπᾶλςι
1013 1499 1120 1584 iimcc.

535 1615 738 1702 Amafirtc,
752 1615 824 1680 date
838 1615 899 1680 tela
912 1615 1021 1680 celata.

308 1843 325 1890 s
371 1815 436 1892 De
451 1816 617 1892 trimetro
634 1817 944 1918 brachycatalecto
961 1819 1080 1896 chorio
1092 1813 1397 1918 paliatroclcoico·

393 1955 611 2034 llimetrum
625 1958 974 2061 lraclrycatolectum
987 1959 1150 2034 colom
1165 1959 1338 2034 chorium
1352 1951 1426 2075 ’μὴ

338 2073 609 2148 liotroclroicum
631 2077 684 2167 fit,
700 2101 782 2150 cum
807 2077 966 2176 quinque
991 2075 1099 2177 pedes
1122 2073 1305 2152 trochaici
1331 2078 1425 2142 meta

337 2203 526 2292 ponsmur,
542 2189 713 2266 debentes
738 2219 801 2266 sex
823 2207 920 2266 lesse
946 2209 986 2268 ut
1009 2194 1055 2268 sit
1080 2193 1293 2268 trimetrum
1320 2197 1425 2261 acata-
1520 2191 1521 2194 ’

338 2307 473 2382 lectum

475 2363 486 2398 ⁹
550 2405 735 2472 hlmmemor
747 2410 847 2474 struit
860 2409 970 2474 mmm
983 2429 1116 2476 severae

311 2683 327 2734 9
620 2633 685 2708 De
701 2643 912 2710 tetrametro
929 2633 1146 2710 catalectico.

395 2767 659 2841 Tetrametrum
677 2767 924 2844 catalecticum
941 2768 1159 2862 trochaicum
1176 2769 1220 2841 fit
1245 2787 1331 2838 curn
1353 2776 1422 2850 sep·

340 2897 414 2958 tem
433 2881 540 2984 pedes
557 2882 728 2957 trochaici
747 2883 851 2958 metri
868 2895 1051 2984 ponuntur
1067 2895 1103 2958 et
1120 2882 1272 2982 syllaba.

466 2997 545 3066 Nou
556 3000 634 3066 eom
646 3021 703 3066 mc
714 3021 831 3068 aureae
844 3001 947 3068 moles
959 3001 1133 3068 umens
1145 2997 1236 3064 sciit.

571 3201 636 3278 De
652 3212 861 3280 tetrametro
878 3202 998 3280 coloro
1014 3202 1204 3278 mochoico.

395 3335 661 3410 Tetrometrum
674 3337 896 3412 trochaicum
908 3336 1067 3414 colurum
1081 3329 1421 3443 uatyeualectoo

343 3451 385 3521 fit
402 3449 470 3522 hoc
488 3449 606 3540 modo,
623 3477 706 3525 cum
735 3467 871 3553 septem
900 3453 1008 3554 pedes
1034 3454 1099 3530 soli
1125 3449 1298 3526 trochaici
1324 3449 1418 3518 mem

342 3577 536 3665 ponuntur,
553 3593 637 3640 cum
654 3567 808 3646 debeant
824 3569 910 3671 poni
928 3585 1021 3646 octo.
1056 3595 1059 3608 ’

470 3699 539 3764 ue
551 3699 718 3786 worm
737 3703 910 3770 rammi
923 3705 1086 3770 mem
1099 3703 1192 3768 roso
1204 3701 1272 3766 sor.

343 3827 431 3903 Ausi
457 3843 541 3903 sant
553 3826 702 3926 quidam
720 3829 891 3905 excedere
910 3844 1115 3906 tetrametro
1136 3827 1316 3904 trochaica
1339 3837 1419 3920 pen·

342 3959 495 4020 taneos
510 3944 625 4018 iacere
639 3943 686 4018 de
701 3945 832 4044 quibus
849 3973 912 4047 per
926 3947 1094 4047 exempla
1110 3959 1311 4020 mactemus.

386 4165 448 4219 ee
462 4161 547 4236 sac]
564 4162 943 4224 &chamnechus
1032 4161 1317 4243 tpurnuoesamm]
1331 4149 1414 4240 puy

347 4243 512 4300 trochaicum
524 4241 560 4300 L.
674 4255 691 4302 ε
704 4264 758 4304 erre
770 4265 828 4304 om.
843 4245 878 4306 L.
998 4243 1015 4288 ¹²
1029 4247 1172 4304 Immemor
1183 4247 1265 4304 struis
1277 4233 1376 4308 mot]
1391 4243 1415 4282 '⁸

347 4326 461 4382 mortuis
472 4325 564 4382 domos
576 4323 611 4382 L.
