3012 5084
525 337 798 403 rursum.
1183 343 1216 408 xi

103 509 303 574 “lunum
328 498 490 572 curauit.
541 497 603 574 Ee
627 498 685 572 lis
712 499 889 574 mdior'du
911 511 1039 576 sudor
1064 527 1214 578 oeneu-

103 615 272 688 “tissr‘me
300 611 533 688 maestam
558 615 642 688 eet?
692 613 856 689 Eandem
886 618 934 690 ob
964 643 1111 692 causam
1140 633 1211 693 tres

104 755 179 803 mss.
195 756 293 828 quos
321 728 490 802 adservat
515 728 744 804 Bibliotheca
763 731 876 832 Regis
899 733 1105 806 Parisiensis
1124 759 1208 808 cum

103 845 254 918 editione
290 843 504 918 Caesurisns
537 845 769 920 conferendas
803 848 935 921 curavi.
988 848 1133 922 Horuni
1165 849 1210 922 Α

106 968 154 1052 (n.
179 967 314 1058 7494.)
344 959 635 1057 ‘antiquissimus
665 976 731 1046 est,
764 989 830 1036 nee
867 964 983 1036 multo
1010 963 1136 1058 junior
1164 967 1209 1038 B.

105 1079 153 1169 (n.
174 1083 305 1174 7493.)
332 1076 515 1149 recentior
539 1091 592 1148 est
610 1079 653 1149 C.
680 1079 733 1168 (n.
750 1085 876 1174 7538.)
928 1077 1035 1152 Unus
1060 1079 1210 1152 sortasse

104 1207 159 1265 rut
174 1195 301 1292 plures
319 1218 370 1265 ex
388 1191 447 1264 bis
465 1189 510 1264 ud
524 1218 585 1264 eos
601 1191 778 1266 referendi
794 1207 878 1266 sunt
894 1219 985 1292 quos
1003 1193 1210 1268 adhibuisse

104 1335 138 1381 se
159 1323 316 1383 testatur
339 1307 547 1382 Putscbius.
598 1307 734 1380 Nescio
754 1335 800 1382 un
825 1307 940 1382 codex
967 1307 1013 1382 A.
1043 1309 1141 1382 idem
1161 1311 1209 1382 sit
1325 1363 1328 1369 -

104 1449 180 1496 cum
209 1425 340 1498 codice
372 1422 549 1496 Fuldano.
600 1421 659 1496 Eo
688 1437 783 1496 certe
818 1423 868 1496 uti
902 1423 1022 1522 potuit
1050 1425 1207 1498 coenobii

104 1537 251 1613 Fuldani
272 1538 478 1638 inquilinus
497 1537 669 1614 Rubanus
692 1539 855 1622 Maurus,
870 1538 932 1635 qui
960 1539 1123 1630 (notante
1141 1539 1172 1614 F
1173 1567 1210 1612 ιι-

104 1653 212 1728 bricio
223 1655 324 1728 Bibl.
337 1654 424 1726 Lat.
438 1652 470 1725 I.
492 1667 523 1726 l.
548 1653 591 1726 T.
610 1654 640 1726 Ι.
666 1680 702 1753 p.
719 1669 754 1726 4.
771 1652 828 1726 ed.
855 1653 1014 1744 Ernest.)
1034 1655 1208 1728 nonnulla

103 1795 144 1843 ex
160 1771 348 1844 Diomede
365 1769 503 1872 profert
520 1771 618 1869 Opp.
636 1769 680 1842 T.
697 1769 748 1842 Il.
766 1796 802 1869 p.
812 1767 873 1842 46.
890 1767 946 1842 ed.
958 1769 1084 1842 Colon.
1101 1767 1206 1860 1627.

141 1887 290 1960 Oblitus
301 1887 378 1959 fere
392 1911 474 1958 sum
490 1911 636 1957 monere
651 1911 793 1957 menon
807 1885 1005 1984 neglexisse
1017 1885 1208 1960 Diomedis

104 2000 296 2076 editionem
316 2001 520 2102 principem
535 1999 809 2090 Jensonianum,
827 1999 887 2072 sed
906 2026 1018 2098 quum
1037 2027 1082 2074 ex
1100 2001 1209 2076 colla-

106 2116 199 2190 tione
215 2118 384 2191 instituta
401 2115 607 2190 didicissem
625 2142 705 2188 eam
722 2141 805 2188 eum
818 2115 958 2190 Veneto
975 2129 1116 2190 tanturn
1134 2143 1207 2188 non

107 2232 141 2303 in
167 2233 341 2306 omuibus
367 2231 581 2320 consentire,
599 2231 734 2304 nullam
762 2232 840 2329 ejus
868 2231 1090 2305 mentionem
1115 2233 1208 2306 inter

108 2349 216 2422 varias
231 2349 408 2422 lectiones
425 2345 628 2420 faciendam
653 2347 787 2446 putavi.
838 2347 1015 2421 Absoluta
1040 2361 1209 2448 typogra-

109 2465 167 2562 phi
200 2489 321 2564 opera,
347 2463 483 2536 obtulit
513 2461 651 2535 amicus
684 2461 854 2536 lectiones
882 2463 1053 2562 quasdam
1086 2463 1206 2538 ecod.

146 2643 301 2724 ‘scriptus
319 2657 364 2704 est
377 2643 426 2702 hic
439 2643 511 2702 liber
525 2663 550 2701 u.
568 2645 636 2718 780,
649 2655 681 2702 ut
694 2657 771 2722 petet
785 2664 818 2702 ex
834 2644 975 2703 versieulis
995 2665 1073 2722 seqq.
1088 2645 1136 2722 qui
1156 2647 1208 2704 sub

112 2745 164 2798 qus
184 2727 270 2784 finem
288 2723 457 2800 mm'usculis
477 2724 566 2782 literis
587 2723 691 2781 exorati
715 2737 782 2782 sunt
799 2724 940 2782 alternis
934 2745 963 2782 ιιι
992 2725 1102 2782 rubrius
1124 2737 1154 2784 et
1177 2725 1206 2782 ln

113 2818 279 2865 momentu·

225 2922 304 2978 Dura
317 2921 437 2977 nundus
450 2927 558 2979 cenum
571 2921 713 2978 redeuntes
725 2921 821 2994 septies
834 2939 923 2978 annor

224 3008 252 3057 el
264 2998 519 3076 &mafortesellx
531 3001 687 3075 espleoem
701 3007 761 3056 octo

227 3099 260 3136 a
273 3099 327 3154 quo
341 3083 460 3138 cbristus
472 3079 554 3138 Jesru
565 3081 638 3138 seclo
652 3081 778 3137 desuem
791 3088 864 3147 ortu,

229 3161 396 3235 mosque
409 3179 495 3218 annos
511 3161 676 3218 Francorum
689 3167 796 3234 seeplru
812 3169 923 3228 lanera,

226 3242 298 3298 lm
312 3243 372 3308 libi,
387 3259 451 3296 core
463 3242 513 3296 deo
529 3241 627 3298 Curole
641 3258 697 3306 ree,
709 3242 853 3314 scripum
866 3243 966 3300 Adam.

224 3339 322 3395 nempe
336 3329 401 3377 tuus
404 3319 534 3395 famulus
547 3321 647 3377 filtrum
660 3321 794 3377 devolus'
784 3339 813 3376 m
828 3323 893 3379 urbe

228 3403 391 3459 Vrornmliu
403 3402 506 3458 soboles
519 3401 675 3474 buynburdi
688 3402 789 3456 abacia
794 3401 870 3475 felis

223 3490 263 3538 eol
276 3483 525 3556 propriusecundu
539 3481 607 3537 bono
621 3483 665 3536 cui
676 3482 770 3553 patrio
785 3483 869 3538 boelio

224 3561 413 3636 tuncquesuit
426 3561 544 3618 scribens
557 3579 690 3617 annorum
705 3569 777 3617 certe
790 3565 903 3634 triginta

225 3661 281 3716 quo
293 3643 401 3716 serim
413 3643 536 3699 seruulus
548 3659 623 3698 anno
637 3648 676 3706 lu,
690 3659 739 3697 rex
749 3645 796 3715 pie
809 3643 891 3710 rarle,

225 3724 291 3778 ilico
304 3723 428 3780 crodium
442 3741 538 3778 murus
551 3723 639 3778 oilnre
652 3723 759 3778 dedisti

227 3803 279 3858 lroc
292 3803 341 3858 libi
354 3821 439 3878 regnu
453 3804 498 3858 dei
509 3805 617 3859 solvant
629 3803 750 3858 mercede
760 3805 881 3876 perenni

227 3883 371 3939 Solveret
386 3885 485 3940 Carole
498 3884 662 3956 ummolens
674 3884 715 3937 uir
728 3901 826 3956 magne
839 3885 952 3959 soleque

225 3971 311 4036 elque
325 3965 367 4018 lui
380 3963 489 4020 hundo
502 3964 572 4020 edne
585 3981 734 4020 memorare
745 3981 796 4037 per
809 3981 905 4020 uerum

227 4045 331 4117 respice
345 4045 378 4098 de
390 4045 461 4099 celso
473 4044 638 4120 populorum
651 4045 767 4100 culmine
777 4045 904 4119 princeps

225 4125 368 4180 meorum
382 4125 472 4180 Adam
487 4123 614 4180 humilem
629 4123 730 4179 tibimet
743 4125 844 4181 seruire
856 4132 988 4198 paralum

224 4204 319 4277 gloria
333 4221 436 4276 mugra
450 4205 498 4260 libi
513 4206 593 4260 terris
605 4211 632 4260 et
643 4205 734 4276 gloria
748 4205 831 4260 coella

227 4291 336 4340 ronrlul
349 4291 381 4340 ul
395 4285 545 4340 aetherium
558 4287 651 4358 copias
662 4303 712 4358 per
724 4286 817 4340 seculo
830 4303 944 4359 regnum

224 4365 305 4437 pacis
318 4361 366 4420 ubi
371 4362 480 4438 jugiter
489 4383 586 4440 perper
599 4367 743 4421 concordio
757 4373 855 4438 regnat

225 4445 321 4502 dulcio
333 4445 464 4518 slelligen'
475 4449 599 4518 gaudeus
609 4463 661 4519 per
670 4463 775 4520 pascua
789 4447 848 4504 cell

636 4543 654 4598 b
671 4561 686 4598 ι
