2970 5134
426 385 825 503 ueterumaporpaenotia.
1115 415 1179 483 565

25 592 157 667 intres,
173 589 250 652 ille
261 587 436 674 perfidior
450 609 514 650 non
529 589 599 651 erit.
641 588 752 651 Habet
765 588 821 651 tac
835 589 871 650 in·
885 589 1015 675 antimeo
1029 597 1179 652 tractatu.

24 694 147 757 Maec
172 713 277 778 ergo
293 691 389 754 verba
408 711 456 767 ea,
472 711 543 776 peta
563 689 757 753 naturaliter
771 711 833 776 per
853 711 887 754 ee
902 689 997 776 plena
1013 700 1100 768 eunt,
1116 713 1180 755 non

25 795 200 858 abicere
218 793 464 879 coreporationi,
478 813 528 868 ne,
544 791 620 856 dum
640 794 690 856 oie
708 793 831 880 aliquid
851 813 981 882 augere,
994 815 1180 881 corrumpas

25 897 133 958 llam
151 895 336 958 rationem
351 893 540 958 naturalem.

426 1083 533 1166 Atque
546 1079 713 1166 aliquanto,
722 1093 809 1166 post:

81 1199 224 1287 ‘Ergo
242 1201 346 1280 uidet,
359 1221 431 1287 qua
452 1202 581 1264 nomina
600 1209 829 1286 conparantur,
844 1221 914 1286 qna
927 1208 1004 1263 earet
1016 1201 1181 1286 qualitatis

31 1310 69 1364 et
87 1304 322 1388 qcmntitatie.
365 1303 420 1366 Ea
434 1311 551 1379 aretem,
566 1323 637 1390 qua
650 1325 714 1366 non
728 1310 804 1366 ment
818 1302 982 1389 qualitatie
1001 1311 1031 1366 et
1051 1306 1179 1388 quami

36 1407 145 1482 meis,
161 1427 241 1468 non
256 1407 417 1492 recipiant
431 1407 697 1492 conparationem.
734 1405 787 1468 Ne
800 1413 829 1468 te
843 1405 1002 1490 decipiant
1014 1405 1071 1467 illo
1083 1405 1181 1469 Plan-

41 1507 151 1568 tiana
168 1517 205 1571 et
221 1509 416 1593 Afraniana
431 1509 537 1572 verba.
579 1505 758 1594 Ipsissimus
768 1509 844 1594 joca
858 1508 972 1570 comico
985 1506 1079 1570 diait.
1117 1508 1182 1572 Eet
1261 1509 1264 1514 ’

46 1611 158 1672 etiam
184 1611 285 1697 apud
307 1609 437 1674 Graecae
460 1609 613 1684 αὐτότατος
635 1611 705 1674 tale.
761 1611 887 1675 Comica
906 1617 982 1672 eunt
1006 1609 1068 1672 ieta
1087 1617 1118 1672 et
1138 1611 1182 1673 ad

49 1720 166 1805 artem
199 1733 271 1775 non
297 1714 465 1800 pertinent.
518 1713 615 1799 Ergo
639 1733 704 1776 non
732 1713 892 1798 recipiant
915 1712 1181 1797 conparationem,

54 1815 129 1878 niti
145 1835 200 1891 ea,
217 1835 294 1902 quae
309 1825 385 1879 eunt
399 1815 564 1902 qualitatis
578 1824 608 1878 et
621 1805 820 1901 quantitatie.
865 1814 1020 1876 Dicimus
1030 1815 1106 1898 jam
1126 1815 1182 1879 ltoc

59 1917 206 2002 ecepius.
263 1917 355 1980 Illud
379 1938 503 1996 nornen,
527 1917 610 2004 quod
632 1919 668 1980 in
693 1919 886 1984 dubitatione
910 1917 1005 1991 uenit,
1035 1916 1180 1992 Latinus,

65 2017 234 2096 Latinior,
252 2018 485 2096 Latiniseimus,
500 2020 657 2106 praeitur
671 2029 780 2083 utrum
801 2019 954 2082 dicamne.
999 2019 1039 2084 St
1054 2041 1075 2082 a
1085 2029 1183 2106 gente

67 2120 227 2196 υοῑτιτττῗτ,
252 2143 316 2184 tion
341 2121 433 2184 elicit.
458 2118 521 2184 'Id
541 2130 597 2198 eet,
624 2123 654 2184 ei
677 2143 698 2185 a
717 2129 814 2209 gente
835 2121 938 2184 dictae
963 2129 1010 2184 eet
1035 2120 1181 2197 Latinus,
1235 2150 1239 2159 ·

70 2223 338 2308 quernadmodum
362 2223 472 2288 Italus.
518 2224 687 2310 Ninnquicl
704 2245 833 2310 porcum
854 2224 956 2285 dicem
979 2221 1100 2300 Italior,
1118 2223 1182 2286 Ita-

73 2323 237 2388 tissimus?
273 2326 540 2398 Quemadmodum
575 2327 664 2389 Afer.
725 2325 894 2411 Numquid
918 2345 1048 2410 poeeum
1079 2325 1183 2388 dicere

78 2427 202 2506 Altior,
227 2429 429 2492 Aferrimus?
463 2428 728 2503 Quemadmodum
751 2427 874 2490 Gallus.
924 2426 1093 2512 Numquid
1113 2426 1183 2489 dico

82 2528 214 2610 Galliae,
237 2529 456 2595 Gallissimus?
479 2532 536 2596 Sic
559 2529 786 2594 Latinissimus.
832 2529 873 2592 Si
894 2536 999 2592 aetum
1018 2527 1062 2588 ad
1080 2527 1180 2592 clama

84 2633 207 2711 timeon,
229 2634 343 2720 recipit
364 2636 630 2720 conparationem.
692 2632 824 2706 Quare?
862 2632 947 2705 Quia
974 2631 1088 2716 incipit
1116 2651 1181 2694 ecee

86 2734 245 2820 proludit
269 2735 309 2799 ab
332 2737 449 2800 animo.
506 2725 663 2810 Quando
688 2735 852 2822 mqreiturl
885 2732 1009 2797 Latine.
1058 2733 1181 2797 Tmaen

90 2837 142 2900 ltoc
155 2839 255 2924 iprum
272 2848 407 2926 propter
420 2839 660 2926 ambiguitatem
674 2837 841 2900 mandram
855 2844 912 2914 eet,
927 2855 968 2898 ne
981 2833 1131 2898 emmae
1144 2837 1181 2898 in

92 2939 284 3004 adamatam.
338 2941 481 3006 Latinior
501 2961 565 3005 non
590 2941 734 3006 debemus
759 2939 871 3004 dicere.
926 2939 1121 3024 Qumnquam
1143 2937 1183 3002 de

95 3042 251 3106 cloacinae
270 3043 412 3108 duanae
433 3054 464 3108 et
478 3065 644 3132 portenae
663 3044 776 3121 dicere,
792 3052 895 3108 tamen
915 3042 1059 3106 debemur
1078 3043 1183 3105 nitore

97 3154 215 3231 propter
234 3145 434 3210 caleemniam.
480 3147 633 3220 Qeamois
655 3167 712 3210 noe
731 3145 941 3232 defendimus,
956 3145 1051 3208 etiam
1072 3143 1182 3208 Cicero

101 3247 352 3311 uitauitinceata
371 3249 577 3313 Verrinoram
600 3247 668 3334 [lib.
686 3250 744 3312 IV.
761 3249 857 3332 c.1.].
904 3249 987 3311 Cum
1009 3245 1081 3310 dico
1102 3246 1180 3310 Ver-

103 3369 160 3410 rem
173 3349 201 3411 in
216 3362 275 3413 tota
288 3349 458 3436 provincia,
476 3350 589 3414 Latine
604 3373 654 3414 me
669 3351 786 3427 scitote,
804 3371 863 3413 non
880 3348 1069 3412 accusatorie
1084 3347 1180 3434 loqui.

106 3449 145 3514 Et
165 3453 283 3536 eabjecit
303 3462 411 3538 poetea
436 3453 529 3516 etiam
557 3453 691 3539 planius.
749 3453 864 3515 Noluit
892 3451 995 3514 dicere
1024 3449 1179 3514 Latinius.

108 3555 190 3641 Erga
201 3575 233 3618 ea
245 3557 400 3642 recipiunt
414 3559 679 3643 raparationem,
689 3576 762 3644 quoe
775 3563 853 3620 eunt
865 3551 1030 3642 mealitatie
1041 3563 1071 3618 et
1083 3573 1183 3641 quan

111 3655 206 3718 titatic.
244 3655 323 3720 Hac
345 3665 449 3720 tamen
472 3657 588 3743 regula
611 3651 674 3720 non
697 3656 846 3732 recurrit,
866 3653 901 3716 id
922 3662 968 3716 eet
990 3675 1054 3716 non
1076 3653 1183 3715 omnia

112 3759 231 3836 mnino,
243 3779 310 3846 prta
332 3768 408 3822 arnt
430 3759 594 3845 pealitotia
610 3769 645 3823 'et
666 3759 868 3846 artantitatie,
887 3757 1046 3842 recipiant
1066 3775 1181 3840 conpa-

114 3861 250 3926 rationem.
294 3863 375 3935 Qnoe
393 3871 498 3926 autem
518 3871 747 3948 corporantur,
761 3859 927 3946 qualitatis
945 3866 975 3921 et
993 3855 1183 3943 meantitatie

116 3971 186 4026 eant.
222 3965 290 4028 Non
310 3967 423 4042 omnic,
440 3966 526 4030 verti
546 3979 655 4041 caetea,
671 3966 726 4052 qui
744 3949 883 4050 nauigat
900 3961 1102 4047 gribernator
1124 3965 1181 4035 eet,

118 4065 170 4144 ud,
189 4069 233 4153 qui
253 4069 449 4154 gttbcrnator
473 4077 531 4146 aet,
557 4069 706 4153 navigat.
762 4065 850 4128 Nam
880 4083 945 4128 ecce
972 4061 1183 4124 inueniuntur

120 4167 206 4254 alipta
223 4172 342 4234 matina
361 4171 525 4256 meditatie
539 4178 569 4232 et
583 4170 782 4256 peantitatic,
796 4175 826 4231 et
847 4187 911 4230 non
931 4165 1091 4252 recipiunt
1112 4185 1184 4226 con-

120 4273 291 4354 parationem.
338 4270 508 4336 Mediocris
521 4291 622 4334 unum
637 4279 761 4336 tantum
778 4268 923 4356 gradum
937 4267 1037 4331 habet.
1080 4266 1184 4328 Nemo

151 4497 611 4574 ‘ErgooidecssthSimiliahabent
653 4519 681 4574 p,
701 4474 766 4572 136.
797 4509 826 4554 et
854 4459 1025 4553 Consentius
1054 4497 1124 4553 Arte
1154 4515 1183 4572 p.

127 4577 199 4658 incip.
216 4580 310 4638 Charis.
330 4581 397 4638 laet.
425 4581 547 4640 Gramm.
571 4581 609 4638 11.
654 4597 741 4638 roan.
765 4577 985 4636 RUHNKEN.
