2980 5142
37 421 154 472 cna.
176 413 243 474 25.
431 397 498 471 De
514 339 618 498 elego
631 407 871 496 pentametro.
1116 409 1188 490 477

41 593 259 681 ‘spectat
276 578 477 680 prudentiae
503 591 575 654 ture
601 578 763 652 sensibus
787 579 999 680 explanasse
1024 579 1189 654 sufficiat.

46 697 217 770 Cetera
242 722 326 770 vero
352 711 478 782 metra,
503 708 693 793 quaesunt
719 696 888 769 tortuosis
913 696 1190 772 obscuritatibus

50 812 307 912 ‘timplicatm
333 838 374 886 ac
404 811 601 884 multarum
631 837 750 884 rerum
778 810 983 884 diversitate
1008 813 1191 911 perplexa,

53 927 301 1028 opportunis
332 925 556 1026 temporibus
587 953 629 1000 ac
659 928 765 1000 certis
794 927 992 1002 rationibus
1020 926 1190 1000 edocebo.

59 1046 175 1129 Quoe
197 1043 347 1142 quidem
365 1044 489 1118 omnia
508 1043 537 1116 si
561 1044 643 1142 quis
660 1043 847 1144 profundis
865 1044 1028 1116 sensibus
1046 1041 1192 1116 intima-

61 1162 133 1250 rit,
156 1189 204 1236 ac
229 1161 366 1235 sincera
383 1159 516 1233 mentis
542 1159 759 1232 rintentione
785 1158 1072 1259 perspexerit,'et
1089 1183 1191 1232 com-

65 1277 226 1378 petenti
259 1275 378 1350 studio
406 1274 684 1375 ⁸diligentiaque
717 1275 918 1364 servaverit,
947 1300 1018 1346 non
1046 1286 1189 1346 tantum

67 1395 159 1492 ipse
183 1393 224 1466 in
248 1390 457 1491 ‘pangenda
473 1391 733 1465 versificatione
757 1390 921 1491 pollebit,
936 1415 1060 1464 verum
1079 1389 1188 1462 etiam
1212 1479 1215 1486 ¹

69 1509 146 1582 vde
166 1509 322 1582 alionum
346 1505 578 1596 carminibus,
594 1507 762 1604 quotiens
785 1505 930 1580 libitum
949 1505 1069 1591 suerit,
1081 1504 1190 1601 justis

73 1623 288 1699 rationibus
300 1635 367 1696 'et
377 1622 680 1722 irreprehensibili
695 1621 873 1696 sententia
883 1620 1076 1718 judicabit,
1086 1632 1190 1720 ¹quae

77 1755 203 1815 metra
221 1740 354 1838 quibus
371 1739 523 1840 pedibus
540 1753 718 1840 regantur.

256 1970 347 2044 Car.
364 1969 489 2046 XXV.
531 1970 595 2044 Ds
613 1995 735 2046 unaco
754 1991 1022 2044 aaursnsrno.

137 2101 296 2202 Elegum
320 2117 476 2176 metrum
503 2103 598 2176 binis
620 2105 781 2178 versibus
804 2117 956 2190 constat,
980 2102 1191 2176 hexametro

86 2218 268 2308 theroico,
285 2218 480 2316 subjuncto
497 2219 674 2317 quinario.
723 2219 824 2293 Prior
839 2219 949 2320 pedes
965 2215 1118 2292 'heroici
1137 2242 1190 2289 re-

88 2335 192 2433 cipit,
217 2335 392 2434 posterior
416 2349 655 2434 pentameter,
679 2335 715 2408 id
744 2348 800 2410 est
827 2335 1026 2434 quinarius,
1051 2331 1192 2406 scandi-

91 2465 150 2522 tur
178 2450 352 2523 ¹'duabus
380 2450 656 2548 semiquinariis,
684 2451 733 2524 ita
764 2463 805 2526 ut
834 2450 1011 2550 posterius
1046 2472 1192 2522 comma

93 2563 183 2638 duos
200 2565 361 2665 dactylos
380 2567 511 2640 babeat
528 2581 565 2640 et
582 2568 816 2666 semipedem,
834 2565 932 2662 quod
953 2590 1066 2662 genus
1091 2589 1193 2638 scan-

95 2681 203 2754 sionis
228 2695 283 2754 est
310 2681 485 2755 usitatius.
536 2681 609 2754 Alii
636 2709 721 2755 vero
751 2681 802 2754 sic
828 2679 1029 2754 scandunt:
1068 2681 1220 2754 feritura

97 2797 295 2895 quinquies,
313 2798 349 2870 in
368 2797 495 2896 primis
512 2797 652 2870 duabus
670 2796 910 2895 gressionibus
933 2795 1092 2868 admittit
1109 2795 1193 2870 dac-

98 2913 210 3010 tylum
229 2925 266 2985 et
283 2911 497 3011 spondeum,
515 2927 589 2986 tam
617 2913 771 2986 invicem
796 2914 944 2986 interae
961 2912 1193 3012 compositos,

100 3039 224 3125 ⁸quarn
257 3053 334 3100 sese
361 3027 542 3120 iterantes,
568 3043 676 3128 prout
703 3028 794 3102 ratio
828 3028 1084 3128 postulaverit;
1123 3043 1193 3102 ter-

102 3143 182 3216 tiam
212 3143 393 3242 regionem
423 3143 500 3218 sine
529 3143 642 3218 dubio
671 3158 846 3244 perpetuo
875 3143 1055 3243 spondeus
1085 3144 1194 3218 debet

104 3260 237 3333 habere.
288 3257 358 3332 1Ἐῐ
377 3261 407 3332 si
431 3261 618 3334 memorati
644 3260 746 3361 pedis
769 3263 912 3334 brevem
939 3260 1094 3361 priorem
1122 3261 1194 3360 syl-

144 3570 283 3637 tspectat,
299 3559 454 3637 prudentie
477 3571 533 3618 tue
551 3561 620 3620 satis
639 3560 805 3638 explanasse
826 3560 959 3637 sufficiat]
984 3570 1108 3638 expectat
1122 3582 1193 3638 pra.

108 3643 195 3698 atentia
216 3648 268 3697 tua
294 3641 413 3698 masas
436 3644 596 3716 explanasse
619 3642 691 3700 A.B.
749 3643 833 3721 Seqq.
856 3643 990 3723 leguntur
1013 3663 1098 3721 supra
1121 3662 1191 3701 c.1.

109 3719 261 3798 simplicite
274 3739 307 3778 ac
322 3720 489 3796 multarum]
505 3724 644 3798 implicata
660 3743 694 3780 oc
706 3725 860 3782 mattarum
874 3743 964 3782 reram
979 3723 1014 3780 B.
1121 3721 1192 3779 rin-

110 3799 238 3876 tentioue]
256 3804 415 3858 intentionis
428 3802 463 3859 B.
571 3813 583 3844 ⁸
597 3801 777 3883 diligenterq;
792 3803 955 3876 servaverit]
972 3804 1120 3876 diligentia
1134 3821 1193 3874 qua

111 3885 212 3940 saaaait
226 3884 260 3940 A.
273 3883 394 3942 ditieatie
408 3903 460 3958 que
471 3886 589 3942 sanant
602 3885 638 3942 B.
738 3884 750 3928 t
765 3885 937 3964 peragenda]
953 3883 1103 3958 pangenda
1117 3879 1192 3940 A.B.

111 3960 300 4036 vstallorum]
316 3965 350 4020 de
361 3965 480 4022 aliorum
492 3963 565 4022 A.B.
658 3973 681 4005 '¹
695 3966 738 4040 et]
753 3968 788 4024 de
802 3967 874 4024 Veu.
969 3973 985 4006 ¹
999 3960 1117 4039 quibus]
1133 3981 1193 4037 qua

113 4052 188 4100 rastra
200 4045 293 4118 quibas
307 4045 380 4102 A.B.
523 4045 667 4104 theroico
681 4046 846 4124 subjuncto]
862 4045 944 4102 lssroa
957 4051 985 4100 et
999 4041 1142 4114 subracta
1155 4043 1193 4100 B.

114 4124 230 4183 ¹heroici
251 4122 360 4200 recipit,
376 4125 515 4202 posterior
534 4125 713 4202 pentametri.
740 4126 763 4183 is
775 4139 820 4184 est
835 4123 989 4202 quinarius.
1032 4121 1191 4190 Scanditur,

116 4216 143 4262 ut
153 4205 205 4262 dua
221 4202 438 4281 semiquinaria,
453 4203 494 4262 its
506 4217 539 4264 ut
553 4207 706 4283 posterius]
732 4208 808 4264 tseroi
826 4207 926 4281 recepit
943 4205 1080 4279 posterior
1092 4211 1192 4278 penta-

116 4293 186 4342 aaa
197 4287 222 4342 id
235 4293 274 4342 cst
284 4287 436 4360 quinarias.
468 4289 611 4344 manditur
628 4289 685 4344 dua
699 4289 907 4362 saaiquiaariis,
923 4288 952 4344 id
966 4294 997 4344 at
1008 4288 1145 4360 posterior
1156 4285 1192 4342 A.

116 4368 183 4423 idest
194 4369 339 4440 quianam
360 4368 504 4424 scanditur
517 4369 613 4425 diabm
625 4370 834 4443 umiqaiaariis,
846 4367 923 4424 idest
936 4374 968 4424 at
979 4386 1010 4442 p.
1024 4367 1061 4424 B.
1116 4375 1146 4408 ¹⁸
1161 4377 1193 4424 ut

118 4445 239 4505 dua-ita
252 4448 296 4521 ut]
312 4449 444 4504 dua—id
456 4455 497 4505 est
511 4456 543 4504 at
558 4447 630 4506 Ven.
767 4457 879 4526 ⁸quarn
894 4465 925 4506 se
938 4446 1094 4522 irritantes]
1111 4465 1194 4524 quam

118 4545 163 4586 aas
173 4531 293 4586 iterantes
306 4529 378 4586 A.B.
477 4524 494 4571 b
508 4527 531 4587 si
547 4527 707 4605 memorati]
725 4537 752 4588 et
765 4532 790 4588 st
802 4529 946 4588 memorati
957 4529 1029 4588 att.
