<?xml version="1.0" encoding="UTF-8"?>
<!DOCTYPE html PUBLIC "-//W3C//DTD XHTML 1.0 Transitional//EN"
    "http://www.w3.org/TR/xhtml1/DTD/xhtml1-transitional.dtd">
<html xmlns="http://www.w3.org/1999/xhtml" xml:lang="en" lang="en">
 <head>
  <title>
</title>
<meta http-equiv="Content-Type" content="text/html;charset=utf-8" />
  <meta name='ocr-system' content='tesseract 3.04.00' />
  <meta name='ocr-capabilities' content='ocr_page ocr_carea ocr_par ocr_line ocrx_word'/>
</head>
<body>
  <div class='ocr_page' id='page_1' title='image "./scriptoreslatin00gaisgoog_0341.png"; bbox 0 0 3100 5142; ppageno 0'>
   <div class='ocr_carea' id='block_1_1' title="bbox 209 389 1306 488">
    <p class='ocr_par' dir='ltr' id='par_1_1' title="bbox 209 389 1306 488">
     <span class='ocr_line' id='line_1_1' title="bbox 209 389 1306 488; baseline 0.006 -23"><span class='ocrx_word' id='word_1_1' title='bbox 209 416 291 466; x_wconf 78' lang='lat' dir='ltr'>cnr.</span> <span class='ocrx_word' id='word_1_2' title='bbox 302 402 337 482; x_wconf 83' lang='lat'>7.</span> <span class='ocrx_word' id='word_1_3' title='bbox 352 406 387 465; x_wconf 85' lang='lat'>8.</span> <span class='ocrx_word' id='word_1_4' title='bbox 463 389 529 464; x_wconf 88' lang='lat' dir='ltr'>De</span> <span class='ocrx_word' id='word_1_5' title='bbox 542 390 743 488; x_wconf 72' lang='lat' dir='ltr'>proceteo.</span> <span class='ocrx_word' id='word_1_6' title='bbox 794 391 947 466; x_wconf 82' lang='lat' dir='ltr'>Sutura.</span> <span class='ocrx_word' id='word_1_7' title='bbox 966 405 1067 467; x_wconf 87' lang='lat' dir='ltr'>metr.</span> <span class='ocrx_word' id='word_1_8' title='bbox 1234 411 1306 472; x_wconf 79' lang='lat'>32³</span> 
     </span>
    </p>
   </div>
   <div class='ocr_carea' id='block_1_2' title="bbox 394 644 1123 757">
    <p class='ocr_par' dir='ltr' id='par_1_2' title="bbox 394 644 1123 757">
     <span class='ocr_line' id='line_1_2' title="bbox 394 644 1123 757; baseline 0.001 -30"><span class='ocrx_word' id='word_1_9' title='bbox 394 645 500 727; x_wconf 75' lang='lat' dir='ltr'>Car.</span> <span class='ocrx_word' id='word_1_10' title='bbox 524 645 626 726; x_wconf 90' lang='lat' dir='ltr'>VII.</span> <span class='ocrx_word' id='word_1_11' title='bbox 660 649 725 730; x_wconf 90' lang='lat' dir='ltr'>De</span> <span class='ocrx_word' id='word_1_12' title='bbox 744 644 1123 757; x_wconf 65' lang='lat' dir='ltr'>*proceleusmatico</span> 
     </span>
    </p>
   </div>
   <div class='ocr_carea' id='block_1_3' title="bbox 207 805 1308 1024">
    <p class='ocr_par' dir='ltr' id='par_1_3' title="bbox 207 805 1308 1024">
     <span class='ocr_line' id='line_1_3' title="bbox 258 805 1308 907; baseline 0.007 -29"><span class='ocrx_word' id='word_1_13' title='bbox 258 805 603 878; x_wconf 83' lang='lat' dir='ltr'>Proeeieuamoticus</span> <span class='ocrx_word' id='word_1_14' title='bbox 631 819 771 880; x_wconf 79' lang='lat' dir='ltr'>constat</span> <span class='ocrx_word' id='word_1_15' title='bbox 800 831 846 880; x_wconf 87' lang='lat' dir='ltr'>ex</span> <span class='ocrx_word' id='word_1_16' title='bbox 871 807 1013 880; x_wconf 83' lang='lat' dir='ltr'>duobus</span> <span class='ocrx_word' id='word_1_17' title='bbox 1040 809 1246 907; x_wconf 80' lang='lat' dir='ltr'>pariambia,</span> <span class='ocrx_word' id='word_1_18' title='bbox 1273 812 1308 885; x_wconf 91' lang='lat' dir='ltr'>id</span> 
     </span>
     <span class='ocr_line' id='line_1_4' title="bbox 207 922 1308 1024; baseline 0.007 -32"><span class='ocrx_word' id='word_1_19' title='bbox 207 933 261 992; x_wconf 84' lang='lat' dir='ltr'>eat</span> <span class='ocrx_word' id='word_1_20' title='bbox 278 932 449 1017; x_wconf 89' lang='lat' dir='ltr'>quattuor</span> <span class='ocrx_word' id='word_1_21' title='bbox 474 922 641 996; x_wconf 86' lang='lat' dir='ltr'>brevibus</span> <span class='ocrx_word' id='word_1_22' title='bbox 667 923 827 1021; x_wconf 79' lang='lat' dir='ltr'>syllabis,</span> <span class='ocrx_word' id='word_1_23' title='bbox 845 924 947 1021; x_wconf 77' lang='lat' dir='ltr'>cujus</span> <span class='ocrx_word' id='word_1_24' title='bbox 971 925 1181 1024; x_wconf 81' lang='lat' dir='ltr'>exemptum</span> <span class='ocrx_word' id='word_1_25' title='bbox 1207 941 1245 1000; x_wconf 92' lang='lat' dir='ltr'>et</span> <span class='ocrx_word' id='word_1_26' title='bbox 1272 928 1308 1000; x_wconf 93' lang='lat' dir='ltr'>in</span> 
     </span>
    </p>
   </div>
   <div class='ocr_carea' id='block_1_4' title="bbox 207 1034 1162 1448">
    <p class='ocr_par' dir='ltr' id='par_1_4' title="bbox 207 1034 1162 1448">
     <span class='ocr_line' id='line_1_5' title="bbox 207 1034 1162 1136; baseline 0.006 -29"><span class='ocrx_word' id='word_1_27' title='bbox 207 1034 341 1136; x_wconf 89' lang='lat' dir='ltr'>pedum</span> <span class='ocrx_word' id='word_1_28' title='bbox 360 1035 666 1110; x_wconf 78' lang='lat' dir='ltr'><strong>demonstratione</strong></span> <span class='ocrx_word' id='word_1_29' title='bbox 684 1037 801 1136; x_wconf 77' lang='lat' dir='ltr'>posui,</span> <span class='ocrx_word' id='word_1_30' title='bbox 818 1053 855 1111; x_wconf 90' lang='lat' dir='ltr'>et</span> <span class='ocrx_word' id='word_1_31' title='bbox 875 1065 972 1112; x_wconf 88' lang='lat' dir='ltr'>nunc</span> <span class='ocrx_word' id='word_1_32' title='bbox 989 1039 1162 1113; x_wconf 83' lang='lat' dir='ltr'>reseram:</span> 
     </span>
     <span class='ocr_line' id='line_1_6' title="bbox 337 1150 1051 1241; baseline 0 -23"><span class='ocrx_word' id='word_1_33' title='bbox 337 1151 419 1218; x_wconf 82' lang='lat' dir='ltr'>Sede</span> <span class='ocrx_word' id='word_1_34' title='bbox 433 1152 491 1216; x_wconf 72' lang='lat' dir='ltr'>titt</span> <span class='ocrx_word' id='word_1_35' title='bbox 507 1150 654 1218; x_wconf 83' lang='lat' dir='ltr'>¹Bromr&#39;e</span> <span class='ocrx_word' id='word_1_36' title='bbox 668 1153 867 1241; x_wconf 82' lang='lat' dir='ltr'>devotopede</span> <span class='ocrx_word' id='word_1_37' title='bbox 882 1155 1051 1220; x_wconf 65' lang='lat' dir='ltr'>amarer:</span> 
     </span>
     <span class='ocr_line' id='line_1_7' title="bbox 337 1254 986 1344; baseline 0.003 -26"><span class='ocrx_word' id='word_1_38' title='bbox 337 1254 460 1318; x_wconf 84' lang='lat' dir='ltr'>Peeoro</span> <span class='ocrx_word' id='word_1_39' title='bbox 473 1255 591 1341; x_wconf 71' lang='lat' dir='ltr'>repIda</span> <span class='ocrx_word' id='word_1_40' title='bbox 604 1276 700 1342; x_wconf 83' lang='lat' dir='ltr'>caper</span> <span class='ocrx_word' id='word_1_41' title='bbox 714 1258 834 1344; x_wconf 81' lang='lat' dir='ltr'>agitat.</span> <span class='ocrx_word' id='word_1_42' title='bbox 879 1257 986 1322; x_wconf 81' lang='lat' dir='ltr'>Humi</span> 
     </span>
     <span class='ocr_line' id='line_1_8' title="bbox 339 1357 1058 1448; baseline 0.003 -28"><span class='ocrx_word' id='word_1_43' title='bbox 339 1357 446 1443; x_wconf 82' lang='lat' dir='ltr'>Caput</span> <span class='ocrx_word' id='word_1_44' title='bbox 459 1358 601 1420; x_wconf 81' lang='lat' dir='ltr'>inanime</span> <span class='ocrx_word' id='word_1_45' title='bbox 615 1367 695 1446; x_wconf 83' lang='lat' dir='ltr'>tepet</span> <span class='ocrx_word' id='word_1_46' title='bbox 709 1359 808 1424; x_wconf 84' lang='lat' dir='ltr'>avido</span> <span class='ocrx_word' id='word_1_47' title='bbox 821 1379 919 1448; x_wconf 73' lang='lat' dir='ltr'>oeque</span> <span class='ocrx_word' id='word_1_48' title='bbox 933 1381 1058 1424; x_wconf 77' lang='lat' dir='ltr'>mnne.</span> 
     </span>
    </p>
   </div>
   <div class='ocr_carea' id='block_1_5' title="bbox 209 1491 1310 1713">
    <p class='ocr_par' dir='ltr' id='par_1_5' title="bbox 209 1491 1310 1713">
     <span class='ocr_line' id='line_1_9' title="bbox 209 1491 1310 1597; baseline 0.005 -32"><span class='ocrx_word' id='word_1_49' title='bbox 209 1491 335 1566; x_wconf 85' lang='lat' dir='ltr'>Habet</span> <span class='ocrx_word' id='word_1_50' title='bbox 358 1492 418 1566; x_wconf 89' lang='lat' dir='ltr'>hie</span> <span class='ocrx_word' id='word_1_51' title='bbox 434 1519 556 1567; x_wconf 84' lang='lat' dir='ltr'>versus</span> <span class='ocrx_word' id='word_1_52' title='bbox 573 1495 911 1593; x_wconf 79' lang='lat' dir='ltr'>proeeleuematicos</span> <span class='ocrx_word' id='word_1_53' title='bbox 929 1507 1012 1583; x_wconf 76' lang='lat' dir='ltr'>tres,</span> <span class='ocrx_word' id='word_1_54' title='bbox 1031 1509 1197 1594; x_wconf 90' lang='lat' dir='ltr'>quartum</span> <span class='ocrx_word' id='word_1_55' title='bbox 1217 1499 1310 1597; x_wconf 88' lang='lat' dir='ltr'>pari-</span> 
     </span>
     <span class='ocr_line' id='line_1_10' title="bbox 209 1609 1310 1713; baseline 0.005 -31"><span class='ocrx_word' id='word_1_56' title='bbox 209 1609 370 1695; x_wconf 85' lang='lat' dir='ltr'>ambum,</span> <span class='ocrx_word' id='word_1_57' title='bbox 389 1609 572 1710; x_wconf 84' lang='lat' dir='ltr'>semipede</span> <span class='ocrx_word' id='word_1_58' title='bbox 589 1610 766 1685; x_wconf 86' lang='lat' dir='ltr'>eluditur:</span> <span class='ocrx_word' id='word_1_59' title='bbox 793 1612 843 1686; x_wconf 90' lang='lat' dir='ltr'>ita</span> <span class='ocrx_word' id='word_1_60' title='bbox 861 1627 901 1686; x_wconf 92' lang='lat' dir='ltr'>ut</span> <span class='ocrx_word' id='word_1_61' title='bbox 923 1611 1081 1685; x_wconf 88' lang='lat' dir='ltr'>detracta</span> <span class='ocrx_word' id='word_1_62' title='bbox 1107 1614 1310 1713; x_wconf 83' lang='lat' dir='ltr'>proceleus-</span> 
     </span>
    </p>
   </div>
   <div class='ocr_carea' id='block_1_6' title="bbox 203 1725 1310 1940">
    <p class='ocr_par' dir='ltr' id='par_1_6' title="bbox 203 1725 1310 1940">
     <span class='ocr_line' id='line_1_11' title="bbox 209 1725 1310 1827; baseline 0.004 -29"><span class='ocrx_word' id='word_1_63' title='bbox 209 1725 342 1800; x_wconf 90' lang='lat' dir='ltr'>matico</span> <span class='ocrx_word' id='word_1_64' title='bbox 365 1727 514 1827; x_wconf 78' lang='lat' dir='ltr'><strong>syllaba,</strong></span> <span class='ocrx_word' id='word_1_65' title='bbox 532 1727 568 1800; x_wconf 89' lang='lat' dir='ltr'>in</span> <span class='ocrx_word' id='word_1_66' title='bbox 588 1728 811 1826; x_wconf 79' lang='lat' dir='ltr'><strong>tribrachym</strong></span> <span class='ocrx_word' id='word_1_67' title='bbox 830 1728 934 1802; x_wconf 89' lang='lat' dir='ltr'>cadat</span> <span class='ocrx_word' id='word_1_68' title='bbox 957 1743 993 1802; x_wconf 87' lang='lat' dir='ltr'>et</span> <span class='ocrx_word' id='word_1_69' title='bbox 1020 1729 1171 1815; x_wconf 81' lang='lat' dir='ltr'>insistat,</span> <span class='ocrx_word' id='word_1_70' title='bbox 1189 1756 1234 1802; x_wconf 87' lang='lat' dir='ltr'>ne</span> <span class='ocrx_word' id='word_1_71' title='bbox 1253 1731 1310 1822; x_wconf 91' lang='lat' dir='ltr'>(ut</span> 
     </span>
     <span class='ocr_line' id='line_1_12' title="bbox 203 1841 872 1940; baseline 0.001 -26"><span class='ocrx_word' id='word_1_72' title='bbox 203 1841 296 1940; x_wconf 86' lang='lat' dir='ltr'>dixi)</span> <span class='ocrx_word' id='word_1_73' title='bbox 316 1869 489 1918; x_wconf 88' lang='lat' dir='ltr'>numerus</span> <span class='ocrx_word' id='word_1_74' title='bbox 508 1845 593 1930; x_wconf 81' lang='lat' dir='ltr'>nsit,</span> <span class='ocrx_word' id='word_1_75' title='bbox 611 1871 685 1918; x_wconf 91' lang='lat' dir='ltr'>non</span> <span class='ocrx_word' id='word_1_76' title='bbox 704 1859 872 1916; x_wconf 88' lang='lat' dir='ltr'>metrum.</span> 
     </span>
    </p>
   </div>
   <div class='ocr_carea' id='block_1_7' title="bbox 402 2043 1112 2128">
    <p class='ocr_par' dir='ltr' id='par_1_7' title="bbox 402 2043 1112 2128">
     <span class='ocr_line' id='line_1_13' title="bbox 402 2043 1112 2128; baseline 0 -2"><span class='ocrx_word' id='word_1_77' title='bbox 402 2045 507 2126; x_wconf 70' lang='lat' dir='ltr'>Cer.</span> <span class='ocrx_word' id='word_1_78' title='bbox 527 2043 652 2126; x_wconf 93' lang='lat' dir='ltr'><strong>VIII.</strong></span> <span class='ocrx_word' id='word_1_79' title='bbox 683 2047 748 2126; x_wconf 86' lang='lat' dir='ltr'>De</span> <span class='ocrx_word' id='word_1_80' title='bbox 769 2046 963 2128; x_wconf 84' lang='lat' dir='ltr'>Saturnio</span> <span class='ocrx_word' id='word_1_81' title='bbox 982 2073 1112 2127; x_wconf 80' lang='lat' dir='ltr'>neree.</span> 
     </span>
    </p>
   </div>
   <div class='ocr_carea' id='block_1_8' title="bbox 208 2193 1313 3223">
    <p class='ocr_par' dir='ltr' id='par_1_8' title="bbox 208 2193 1313 3223">
     <span class='ocr_line' id='line_1_14' title="bbox 257 2193 1309 2293; baseline -0.002 -25"><span class='ocrx_word' id='word_1_82' title='bbox 257 2195 318 2268; x_wconf 88' lang='lat' dir='ltr'>De</span> <span class='ocrx_word' id='word_1_83' title='bbox 343 2193 512 2270; x_wconf 91' lang='lat' dir='ltr'>Saturnio</span> <span class='ocrx_word' id='word_1_84' title='bbox 534 2222 637 2269; x_wconf 84' lang='lat' dir='ltr'>versu</span> <span class='ocrx_word' id='word_1_85' title='bbox 663 2194 857 2268; x_wconf 87' lang='lat' dir='ltr'>dicendum</span> <span class='ocrx_word' id='word_1_86' title='bbox 878 2207 943 2280; x_wconf 85' lang='lat' dir='ltr'>est,</span> <span class='ocrx_word' id='word_1_87' title='bbox 960 2221 1068 2293; x_wconf 89' lang='lat' dir='ltr'>quern</span> <span class='ocrx_word' id='word_1_88' title='bbox 1088 2193 1199 2267; x_wconf 83' lang='lat' dir='ltr'>nostri</span> <span class='ocrx_word' id='word_1_89' title='bbox 1217 2195 1309 2267; x_wconf 82' lang='lat' dir='ltr'>exia-</span> 
     </span>
     <span class='ocr_line' id='line_1_15' title="bbox 208 2309 1310 2412; baseline -0.002 -28"><span class='ocrx_word' id='word_1_90' title='bbox 208 2311 427 2384; x_wconf 88' lang='lat' dir='ltr'>timaverunt</span> <span class='ocrx_word' id='word_1_91' title='bbox 451 2312 637 2412; x_wconf 90' lang='lat' dir='ltr'>proprium</span> <span class='ocrx_word' id='word_1_92' title='bbox 663 2338 740 2385; x_wconf 85' lang='lat' dir='ltr'>ease</span> <span class='ocrx_word' id='word_1_93' title='bbox 759 2311 895 2384; x_wconf 77' lang='lat' dir='ltr'>Italicae</span> <span class='ocrx_word' id='word_1_94' title='bbox 918 2311 1083 2409; x_wconf 72' lang='lat' dir='ltr'>regioniS,</span> <span class='ocrx_word' id='word_1_95' title='bbox 1101 2309 1163 2382; x_wconf 85' lang='lat' dir='ltr'>sed</span> <span class='ocrx_word' id='word_1_96' title='bbox 1181 2309 1310 2383; x_wconf 86' lang='lat' dir='ltr'>fallun-</span> 
     </span>
     <span class='ocr_line' id='line_1_16' title="bbox 210 2425 1310 2502; baseline 0 -2"><span class='ocrx_word' id='word_1_97' title='bbox 210 2439 280 2500; x_wconf 87' lang='lat' dir='ltr'>tur.</span> <span class='ocrx_word' id='word_1_98' title='bbox 331 2427 367 2500; x_wconf 90' lang='lat' dir='ltr'><strong>A</strong></span> <span class='ocrx_word' id='word_1_99' title='bbox 383 2427 520 2502; x_wconf 81' lang='lat' dir='ltr'>Graecis</span> <span class='ocrx_word' id='word_1_100' title='bbox 546 2428 643 2501; x_wconf 88' lang='lat' dir='ltr'>enim</span> <span class='ocrx_word' id='word_1_101' title='bbox 661 2427 757 2500; x_wconf 85' lang='lat' dir='ltr'>varie</span> <span class='ocrx_word' id='word_1_102' title='bbox 782 2439 820 2500; x_wconf 88' lang='lat' dir='ltr'>et</span> <span class='ocrx_word' id='word_1_103' title='bbox 847 2426 970 2499; x_wconf 85' lang='lat' dir='ltr'>multis</span> <span class='ocrx_word' id='word_1_104' title='bbox 998 2425 1115 2498; x_wconf 84' lang='lat' dir='ltr'>modis</span> <span class='ocrx_word' id='word_1_105' title='bbox 1138 2439 1310 2500; x_wconf 84' lang='lat' dir='ltr'>tractatus</span> 
     </span>
     <span class='ocr_line' id='line_1_17' title="bbox 212 2541 1309 2640; baseline 0.001 -26"><span class='ocrx_word' id='word_1_106' title='bbox 212 2555 278 2628; x_wconf 88' lang='lat' dir='ltr'>est,</span> <span class='ocrx_word' id='word_1_107' title='bbox 296 2569 368 2615; x_wconf 91' lang='lat' dir='ltr'>non</span> <span class='ocrx_word' id='word_1_108' title='bbox 394 2544 509 2617; x_wconf 81' lang='lat' dir='ltr'>solum</span> <span class='ocrx_word' id='word_1_109' title='bbox 530 2571 550 2618; x_wconf 86' lang='lat' dir='ltr'><strong>a</strong></span> <span class='ocrx_word' id='word_1_110' title='bbox 568 2543 727 2632; x_wconf 85' lang='lat' dir='ltr'>comicis,</span> <span class='ocrx_word' id='word_1_111' title='bbox 745 2541 807 2615; x_wconf 83' lang='lat' dir='ltr'>sed</span> <span class='ocrx_word' id='word_1_112' title='bbox 825 2543 935 2615; x_wconf 87' lang='lat' dir='ltr'>etiam</span> <span class='ocrx_word' id='word_1_113' title='bbox 963 2570 983 2616; x_wconf 93' lang='lat' dir='ltr'>a</span> <span class='ocrx_word' id='word_1_114' title='bbox 1008 2541 1173 2640; x_wconf 85' lang='lat' dir='ltr'>tragicis;</span> <span class='ocrx_word' id='word_1_115' title='bbox 1198 2544 1309 2615; x_wconf 85' lang='lat' dir='ltr'>nostri</span> 
     </span>
     <span class='ocr_line' id='line_1_18' title="bbox 212 2657 1312 2758; baseline -0.002 -26"><span class='ocrx_word' id='word_1_116' title='bbox 212 2673 332 2732; x_wconf 83' lang='lat' dir='ltr'>autem</span> <span class='ocrx_word' id='word_1_117' title='bbox 354 2659 504 2758; x_wconf 81' lang='lat' dir='ltr'>antiqui,</span> <span class='ocrx_word' id='word_1_118' title='bbox 524 2665 580 2756; x_wconf 90' lang='lat' dir='ltr'>(ut</span> <span class='ocrx_word' id='word_1_119' title='bbox 597 2659 826 2745; x_wconf 79' lang='lat' dir='ltr'>veredicum,</span> <span class='ocrx_word' id='word_1_120' title='bbox 845 2657 940 2754; x_wconf 92' lang='lat' dir='ltr'>quod</span> <span class='ocrx_word' id='word_1_121' title='bbox 960 2663 1135 2756; x_wconf 60' lang='lat' dir='ltr'>apparet)</span> <span class='ocrx_word' id='word_1_122' title='bbox 1153 2657 1208 2729; x_wconf 83' lang='lat' dir='ltr'>usi</span> <span class='ocrx_word' id='word_1_123' title='bbox 1227 2679 1312 2730; x_wconf 86' lang='lat' dir='ltr'>aunt</span> 
     </span>
     <span class='ocr_line' id='line_1_19' title="bbox 212 2773 1313 2875; baseline 0 -29"><span class='ocrx_word' id='word_1_124' title='bbox 212 2801 254 2846; x_wconf 91' lang='lat' dir='ltr'>eo</span> <span class='ocrx_word' id='word_1_125' title='bbox 272 2799 344 2847; x_wconf 91' lang='lat' dir='ltr'>non</span> <span class='ocrx_word' id='word_1_126' title='bbox 361 2777 548 2849; x_wconf 84' lang='lat' dir='ltr'>observata</span> <span class='ocrx_word' id='word_1_127' title='bbox 572 2777 661 2875; x_wconf 86' lang='lat' dir='ltr'>lege,</span> <span class='ocrx_word' id='word_1_128' title='bbox 679 2803 747 2848; x_wconf 89' lang='lat' dir='ltr'>nee</span> <span class='ocrx_word' id='word_1_129' title='bbox 764 2803 838 2848; x_wconf 91' lang='lat' dir='ltr'>uno</span> <span class='ocrx_word' id='word_1_130' title='bbox 855 2801 984 2873; x_wconf 86' lang='lat' dir='ltr'>genere</span> <span class='ocrx_word' id='word_1_131' title='bbox 999 2773 1202 2847; x_wconf 87' lang='lat' dir='ltr'>⁰custodito</span> <span class='ocrx_word' id='word_1_132' title='bbox 1220 2775 1313 2847; x_wconf 89' lang='lat' dir='ltr'>inter</span> 
     </span>
     <span class='ocr_line' id='line_1_20' title="bbox 213 2889 1312 2992; baseline 0 -30"><span class='ocrx_word' id='word_1_133' title='bbox 213 2916 250 2963; x_wconf 86' lang='lat' dir='ltr'>se</span> <span class='ocrx_word' id='word_1_134' title='bbox 265 2916 407 2964; x_wconf 80' lang='lat' dir='ltr'>versus:</span> <span class='ocrx_word' id='word_1_135' title='bbox 434 2891 496 2964; x_wconf 82' lang='lat' dir='ltr'>sed</span> <span class='ocrx_word' id='word_1_136' title='bbox 521 2905 759 2992; x_wconf 82' lang='lat' dir='ltr'>praeterquam</span> <span class='ocrx_word' id='word_1_137' title='bbox 787 2890 884 2988; x_wconf 92' lang='lat' dir='ltr'>quod</span> <span class='ocrx_word' id='word_1_138' title='bbox 909 2889 1119 2963; x_wconf 80' lang='lat' dir='ltr'>durissimos</span> <span class='ocrx_word' id='word_1_139' title='bbox 1137 2889 1312 2978; x_wconf 86' lang='lat' dir='ltr'>fecerunt,</span> 
     </span>
     <span class='ocr_line' id='line_1_21' title="bbox 212 3005 1313 3104; baseline 0 -26"><span class='ocrx_word' id='word_1_140' title='bbox 212 3005 319 3078; x_wconf 89' lang='lat' dir='ltr'>etiam</span> <span class='ocrx_word' id='word_1_141' title='bbox 350 3007 437 3080; x_wconf 85' lang='lat' dir='ltr'>alioa</span> <span class='ocrx_word' id='word_1_142' title='bbox 468 3007 658 3096; x_wconf 82' lang='lat' dir='ltr'>breviores,</span> <span class='ocrx_word' id='word_1_143' title='bbox 685 3005 772 3078; x_wconf 84' lang='lat' dir='ltr'>alios</span> <span class='ocrx_word' id='word_1_144' title='bbox 802 3005 981 3104; x_wconf 82' lang='lat' dir='ltr'>longiores</span> <span class='ocrx_word' id='word_1_145' title='bbox 1009 3005 1246 3094; x_wconf 86' lang='lat' dir='ltr'>inseruerunt,</span> <span class='ocrx_word' id='word_1_146' title='bbox 1273 3021 1313 3078; x_wconf 89' lang='lat' dir='ltr'>ut</span> 
     </span>
     <span class='ocr_line' id='line_1_22' title="bbox 210 3121 1311 3223; baseline -0.002 -29"><span class='ocrx_word' id='word_1_147' title='bbox 210 3121 273 3194; x_wconf 84' lang='lat' dir='ltr'>rix</span> <span class='ocrx_word' id='word_1_148' title='bbox 298 3121 495 3196; x_wconf 88' lang='lat' dir='ltr'>invenerim</span> <span class='ocrx_word' id='word_1_149' title='bbox 523 3123 619 3223; x_wconf 91' lang='lat' dir='ltr'>apud</span> <span class='ocrx_word' id='word_1_150' title='bbox 644 3121 815 3194; x_wconf 85' lang='lat' dir='ltr'>Naevium</span> <span class='ocrx_word' id='word_1_151' title='bbox 846 3145 935 3218; x_wconf 81' lang='lat' dir='ltr'>quos</span> <span class='ocrx_word' id='word_1_152' title='bbox 961 3147 1026 3221; x_wconf 91' lang='lat' dir='ltr'>pro</span> <span class='ocrx_word' id='word_1_153' title='bbox 1052 3121 1221 3220; x_wconf 84' lang='lat' dir='ltr'>exemplo</span> <span class='ocrx_word' id='word_1_154' title='bbox 1247 3147 1311 3222; x_wconf 91' lang='lat' dir='ltr'>po-</span> 
     </span>
    </p>
   </div>
   <div class='ocr_carea' id='block_1_9' title="bbox 212 3237 1337 3446">
    <p class='ocr_par' dir='ltr' id='par_1_9' title="bbox 212 3237 1337 3446">
     <span class='ocr_line' id='line_1_23' title="bbox 212 3237 1337 3341; baseline 0.004 -34"><span class='ocrx_word' id='word_1_155' title='bbox 212 3262 348 3310; x_wconf 87' lang='lat' dir='ltr'>nerem.</span> <span class='ocrx_word' id='word_1_156' title='bbox 384 3239 494 3340; x_wconf 85' lang='lat' dir='ltr'>Apud</span> <span class='ocrx_word' id='word_1_157' title='bbox 508 3239 727 3341; x_wconf 88' lang='lat' dir='ltr'>Euripidem·</span> <span class='ocrx_word' id='word_1_158' title='bbox 739 3247 775 3312; x_wconf 85' lang='lat' dir='ltr'>et</span> <span class='ocrx_word' id='word_1_159' title='bbox 793 3237 1081 3312; x_wconf 78' lang='lat' dir='ltr'>reattimachum</span> <span class='ocrx_word' id='word_1_160' title='bbox 1100 3239 1221 3312; x_wconf 90' lang='lat' dir='ltr'>inveni</span> <span class='ocrx_word' id='word_1_161' title='bbox 1240 3239 1337 3313; x_wconf 73' lang='lat' dir='ltr'>taler</span> 
     </span>
     <span class='ocr_line' id='line_1_24' title="bbox 213 3373 338 3446; baseline 0.008 -25"><span class='ocrx_word' id='word_1_162' title='bbox 213 3373 338 3446; x_wconf 82' lang='lat' dir='ltr'>genua,</span> 
     </span>
    </p>
   </div>
   <div class='ocr_carea' id='block_1_10' title="bbox 346 3466 1027 3560">
    <p class='ocr_par' dir='ltr' id='par_1_10' title="bbox 346 3466 1027 3560">
     <span class='ocr_line' id='line_1_25' title="bbox 346 3466 1027 3560; baseline 0.009 -31"><span class='ocrx_word' id='word_1_163' title='bbox 346 3466 470 3531; x_wconf 70' lang='lat' dir='ltr'>Turdis</span> <span class='ocrx_word' id='word_1_164' title='bbox 483 3467 630 3534; x_wconf 69' lang='lat' dir='ltr'>edacium</span> <span class='ocrx_word' id='word_1_165' title='bbox 643 3469 729 3536; x_wconf 84' lang='lat' dir='ltr'>dolor</span> <span class='ocrx_word' id='word_1_166' title='bbox 741 3491 906 3560; x_wconf 82' lang='lat' dir='ltr'>comparer</span> <span class='ocrx_word' id='word_1_167' title='bbox 920 3473 1027 3535; x_wconf 77' lang='lat' dir='ltr'>enatet.</span> 
     </span>
    </p>
   </div>
   <div class='ocr_carea' id='block_1_11' title="bbox 213 3688 1314 4262">
    <p class='ocr_par' dir='ltr' id='par_1_11' title="bbox 213 3688 1314 4262">
     <span class='ocr_line' id='line_1_26' title="bbox 253 3688 1311 3773; baseline 0.006 -23"><span class='ocrx_word' id='word_1_168' title='bbox 253 3688 271 3733; x_wconf 76' lang='lat'>¹¹</span> <span class='ocrx_word' id='word_1_169' title='bbox 286 3693 546 3770; x_wconf 76' lang='lat' dir='ltr'>Proeeteunnetieu]</span> <span class='ocrx_word' id='word_1_170' title='bbox 561 3698 793 3756; x_wconf 84' lang='lat' dir='ltr'>Proreteunrotr&#39;co</span> <span class='ocrx_word' id='word_1_171' title='bbox 803 3701 839 3757; x_wconf 89' lang='lat' dir='ltr'>V.</span> <span class='ocrx_word' id='word_1_172' title='bbox 855 3699 935 3757; x_wconf 87' lang='lat' dir='ltr'>Med.</span> <span class='ocrx_word' id='word_1_173' title='bbox 988 3697 997 3742; x_wconf 87' lang='lat'>¹</span> <span class='ocrx_word' id='word_1_174' title='bbox 1011 3702 1113 3757; x_wconf 78' lang='lat' dir='ltr'>brente</span> <span class='ocrx_word' id='word_1_175' title='bbox 1125 3699 1232 3773; x_wconf 85' lang='lat' dir='ltr'>deuote]</span> <span class='ocrx_word' id='word_1_176' title='bbox 1251 3701 1311 3757; x_wconf 82' lang='lat' dir='ltr'>bro·</span> 
     </span>
     <span class='ocr_line' id='line_1_27' title="bbox 213 3775 1311 3852; baseline 0.007 -22"><span class='ocrx_word' id='word_1_177' title='bbox 213 3775 323 3833; x_wconf 82' lang='lat' dir='ltr'>miedee</span> <span class='ocrx_word' id='word_1_178' title='bbox 337 3776 373 3831; x_wconf 91' lang='lat' dir='ltr'>V.</span> <span class='ocrx_word' id='word_1_179' title='bbox 451 3787 476 3818; x_wconf 85' lang='lat'>¹¹¹</span> <span class='ocrx_word' id='word_1_180' title='bbox 490 3779 601 3852; x_wconf 80' lang='lat' dir='ltr'>mutter]</span> <span class='ocrx_word' id='word_1_181' title='bbox 618 3779 717 3835; x_wconf 82' lang='lat' dir='ltr'>mutter</span> <span class='ocrx_word' id='word_1_182' title='bbox 731 3782 810 3836; x_wconf 83' lang='lat' dir='ltr'>modo</span> <span class='ocrx_word' id='word_1_183' title='bbox 821 3780 855 3836; x_wconf 94' lang='lat' dir='ltr'>V.</span> <span class='ocrx_word' id='word_1_184' title='bbox 879 3781 1030 3840; x_wconf 81' lang='lat' dir='ltr'>Santenius</span> <span class='ocrx_word' id='word_1_185' title='bbox 1044 3781 1080 3840; x_wconf 88' lang='lat' dir='ltr'>ad</span> <span class='ocrx_word' id='word_1_186' title='bbox 1088 3782 1205 3838; x_wconf 87' lang='lat' dir='ltr'>Terent.</span> <span class='ocrx_word' id='word_1_187' title='bbox 1216 3781 1311 3840; x_wconf 88' lang='lat' dir='ltr'>Maur.</span> 
     </span>
     <span class='ocr_line' id='line_1_28' title="bbox 214 3855 1311 3936; baseline 0.008 -26"><span class='ocrx_word' id='word_1_188' title='bbox 214 3871 243 3930; x_wconf 89' lang='lat' dir='ltr'>p.</span> <span class='ocrx_word' id='word_1_189' title='bbox 259 3871 323 3912; x_wconf 77' lang='grc' dir='ltr'>ιιι.</span> <span class='ocrx_word' id='word_1_190' title='bbox 365 3855 449 3914; x_wconf 82' lang='lat' dir='ltr'>Sedet</span> <span class='ocrx_word' id='word_1_191' title='bbox 463 3859 508 3925; x_wconf 76' lang='lat' dir='ltr'>iti,</span> <span class='ocrx_word' id='word_1_192' title='bbox 523 3857 643 3928; x_wconf 84' lang='lat' dir='ltr'>Bromie,</span> <span class='ocrx_word' id='word_1_193' title='bbox 660 3867 744 3916; x_wconf 87' lang='lat' dir='ltr'>terete</span> <span class='ocrx_word' id='word_1_194' title='bbox 755 3863 825 3936; x_wconf 78' lang='lat' dir='ltr'>pede</span> <span class='ocrx_word' id='word_1_195' title='bbox 841 3863 947 3918; x_wconf 85' lang='lat' dir='ltr'>rnnlier.</span> <span class='ocrx_word' id='word_1_196' title='bbox 1080 3873 1094 3902; x_wconf 74' lang='lat'>²¹</span> <span class='ocrx_word' id='word_1_197' title='bbox 1108 3861 1156 3934; x_wconf 82' lang='lat' dir='ltr'>eit]</span> <span class='ocrx_word' id='word_1_198' title='bbox 1172 3859 1260 3917; x_wconf 78' lang='lat' dir='ltr'>Addit</span> <span class='ocrx_word' id='word_1_199' title='bbox 1274 3861 1311 3919; x_wconf 93' lang='lat' dir='ltr'>V.</span> 
     </span>
     <span class='ocr_line' id='line_1_29' title="bbox 213 3942 1314 4016; baseline 0.008 -27"><span class='ocrx_word' id='word_1_200' title='bbox 213 3951 268 3989; x_wconf 85' lang='lat' dir='ltr'>non</span> <span class='ocrx_word' id='word_1_201' title='bbox 282 3943 408 3996; x_wconf 86' lang='lat' dir='ltr'>metrum.</span> <span class='ocrx_word' id='word_1_202' title='bbox 550 3949 565 3980; x_wconf 91' lang='lat'><strong>⁰</strong></span> <span class='ocrx_word' id='word_1_203' title='bbox 580 3942 713 3998; x_wconf 80' lang='lat' dir='ltr'>ertatodr&#39;to</span> <span class='ocrx_word' id='word_1_204' title='bbox 727 3943 840 3998; x_wconf 78' lang='lat' dir='ltr'>interae</span> <span class='ocrx_word' id='word_1_205' title='bbox 853 3959 964 4000; x_wconf 72' lang='lat' dir='ltr'>uerno:</span> <span class='ocrx_word' id='word_1_206' title='bbox 985 3943 1033 3999; x_wconf 76' lang='lat' dir='ltr'>aed</span> <span class='ocrx_word' id='word_1_207' title='bbox 1046 3949 1228 4016; x_wconf 73' lang='lat' dir='ltr'>preterquam</span> <span class='ocrx_word' id='word_1_208' title='bbox 1243 3945 1314 4016; x_wconf 82' lang='lat' dir='ltr'>qued</span> 
     </span>
     <span class='ocr_line' id='line_1_30' title="bbox 214 4015 1312 4098; baseline 0.008 -27"><span class='ocrx_word' id='word_1_209' title='bbox 214 4015 383 4090; x_wconf 68' lang='lat' dir='ltr'>duriorimor]</span> <span class='ocrx_word' id='word_1_210' title='bbox 407 4020 541 4076; x_wconf 74' lang='lat' dir='ltr'>custodita</span> <span class='ocrx_word' id='word_1_211' title='bbox 559 4023 630 4078; x_wconf 81' lang='lat' dir='ltr'>tnter</span> <span class='ocrx_word' id='word_1_212' title='bbox 647 4039 676 4078; x_wconf 87' lang='lat' dir='ltr'>re</span> <span class='ocrx_word' id='word_1_213' title='bbox 690 4025 858 4080; x_wconf 71' lang='lat' dir='ltr'>consentient</span> <span class='ocrx_word' id='word_1_214' title='bbox 876 4041 967 4080; x_wconf 73' lang='lat' dir='ltr'>venta</span> <span class='ocrx_word' id='word_1_215' title='bbox 980 4025 1028 4080; x_wconf 83' lang='lat' dir='ltr'>red</span> <span class='ocrx_word' id='word_1_216' title='bbox 1042 4029 1144 4098; x_wconf 77' lang='lat' dir='ltr'>preter</span> <span class='ocrx_word' id='word_1_217' title='bbox 1158 4041 1184 4096; x_wconf 88' lang='lat' dir='ltr'>q.</span> <span class='ocrx_word' id='word_1_218' title='bbox 1199 4023 1312 4080; x_wconf 74' lang='lat' dir='ltr'>durissi-</span> 
     </span>
     <span class='ocr_line' id='line_1_31' title="bbox 213 4097 1314 4178; baseline 0.008 -27"><span class='ocrx_word' id='word_1_219' title='bbox 213 4113 270 4152; x_wconf 83' lang='lat' dir='ltr'>rnor</span> <span class='ocrx_word' id='word_1_220' title='bbox 284 4097 321 4155; x_wconf 92' lang='lat' dir='ltr'>V.</span> <span class='ocrx_word' id='word_1_221' title='bbox 465 4106 480 4145; x_wconf 76' lang='grc' dir='ltr'><strong><em>Ρ</em></strong></span> <span class='ocrx_word' id='word_1_222' title='bbox 497 4101 708 4176; x_wconf 74' lang='lat' dir='ltr'>Callimachum]</span> <span class='ocrx_word' id='word_1_223' title='bbox 725 4102 811 4161; x_wconf 82' lang='lat' dir='ltr'>Addit</span> <span class='ocrx_word' id='word_1_224' title='bbox 827 4105 861 4162; x_wconf 96' lang='lat' dir='ltr'>V.</span> <span class='ocrx_word' id='word_1_225' title='bbox 878 4113 905 4160; x_wconf 90' lang='lat' dir='ltr'>et</span> <span class='ocrx_word' id='word_1_226' title='bbox 920 4106 1050 4178; x_wconf 65' lang='lat' dir='ltr'>quosdam</span> <span class='ocrx_word' id='word_1_227' title='bbox 1063 4105 1177 4178; x_wconf 81' lang='lat' dir='ltr'>entique</span> <span class='ocrx_word' id='word_1_228' title='bbox 1190 4105 1314 4160; x_wconf 65' lang='lat' dir='ltr'>comoedIe</span> 
     </span>
     <span class='ocr_line' id='line_1_32' title="bbox 213 4177 1109 4262; baseline 0.01 -29"><span class='ocrx_word' id='word_1_229' title='bbox 213 4179 364 4253; x_wconf 75' lang='lat' dir='ltr'>scriptores.</span> <span class='ocrx_word' id='word_1_230' title='bbox 394 4177 440 4238; x_wconf 92' lang='lat' dir='ltr'>De</span> <span class='ocrx_word' id='word_1_231' title='bbox 455 4179 484 4238; x_wconf 87' lang='lat' dir='ltr'>h.</span> <span class='ocrx_word' id='word_1_232' title='bbox 499 4181 518 4238; x_wconf 91' lang='lat' dir='ltr'>l.</span> <span class='ocrx_word' id='word_1_233' title='bbox 534 4201 559 4240; x_wconf 84' lang='lat' dir='ltr'>v.</span> <span class='ocrx_word' id='word_1_234' title='bbox 576 4183 691 4240; x_wconf 87' lang='lat' dir='ltr'>Senten.</span> <span class='ocrx_word' id='word_1_235' title='bbox 708 4182 744 4240; x_wconf 88' lang='lat' dir='ltr'>ad</span> <span class='ocrx_word' id='word_1_236' title='bbox 758 4184 875 4240; x_wconf 88' lang='lat' dir='ltr'>Terent.</span> <span class='ocrx_word' id='word_1_237' title='bbox 889 4184 985 4242; x_wconf 87' lang='lat' dir='ltr'>Maur.</span> <span class='ocrx_word' id='word_1_238' title='bbox 1000 4203 1029 4262; x_wconf 88' lang='lat' dir='ltr'>p.</span> <span class='ocrx_word' id='word_1_239' title='bbox 1040 4201 1056 4258; x_wconf 80' lang='grc'>3</span> <span class='ocrx_word' id='word_1_240' title='bbox 1060 4200 1076 4260; x_wconf 83' lang='lat'>5</span> <span class='ocrx_word' id='word_1_241' title='bbox 1081 4201 1109 4258; x_wconf 85' lang='lat'>3.</span> 
     </span>
    </p>
   </div>
   <div class='ocr_carea' id='block_1_12' title="bbox 214 4360 1312 4602">
    <p class='ocr_par' dir='ltr' id='par_1_12' title="bbox 214 4360 1312 4602">
     <span class='ocr_line' id='line_1_33' title="bbox 254 4360 1312 4440; baseline 0.004 -24"><span class='ocrx_word' id='word_1_242' title='bbox 254 4361 324 4438; x_wconf 85' lang='lat' dir='ltr'>Cap.</span> <span class='ocrx_word' id='word_1_243' title='bbox 342 4376 369 4434; x_wconf 90' lang='lat'>7.</span> <span class='ocrx_word' id='word_1_244' title='bbox 391 4360 512 4437; x_wconf 87' lang='lat' dir='ltr'>Peeora]</span> <span class='ocrx_word' id='word_1_245' title='bbox 539 4361 653 4422; x_wconf 83' lang='lat' dir='ltr'>Excidit</span> <span class='ocrx_word' id='word_1_246' title='bbox 675 4381 742 4440; x_wconf 76' lang='lat' dir='ltr'>pyr·</span> <span class='ocrx_word' id='word_1_247' title='bbox 784 4362 897 4421; x_wconf 84' lang='lat' dir='ltr'>Boltius</span> <span class='ocrx_word' id='word_1_248' title='bbox 912 4365 1021 4420; x_wconf 77' lang='lat' dir='ltr'>arietet.</span> <span class='ocrx_word' id='word_1_249' title='bbox 1045 4364 1130 4420; x_wconf 86' lang='lat' dir='ltr'>Conf.</span> <span class='ocrx_word' id='word_1_250' title='bbox 1143 4363 1312 4422; x_wconf 85' lang='lat' dir='ltr'>Schol.He-</span> 
     </span>
     <span class='ocr_line' id='line_1_34' title="bbox 214 4438 1311 4522; baseline 0.006 -28"><span class='ocrx_word' id='word_1_251' title='bbox 214 4438 355 4500; x_wconf 77' lang='lat' dir='ltr'>rhiohiuo:</span> <span class='ocrx_word' id='word_1_252' title='bbox 379 4443 524 4501; x_wconf 76' lang='lat' dir='ltr'>tentabam</span> <span class='ocrx_word' id='word_1_253' title='bbox 545 4443 663 4512; x_wconf 84' lang='lat' dir='ltr'>Peruru,</span> <span class='ocrx_word' id='word_1_254' title='bbox 674 4446 744 4518; x_wconf 84' lang='lat' dir='ltr'>pede</span> <span class='ocrx_word' id='word_1_255' title='bbox 784 4445 883 4522; x_wconf 76' lang='lat' dir='ltr'>phest.</span> <span class='ocrx_word' id='word_1_256' title='bbox 899 4465 925 4522; x_wconf 85' lang='lat' dir='ltr'>p.</span> <span class='ocrx_word' id='word_1_257' title='bbox 941 4461 987 4520; x_wconf 81' lang='lat'>29,</span> <span class='ocrx_word' id='word_1_258' title='bbox 1002 4459 1027 4518; x_wconf 89' lang='lat'>7.</span> <span class='ocrx_word' id='word_1_259' title='bbox 1063 4445 1234 4502; x_wconf 76' lang='lat' dir='ltr'>SANTEN.</span> <span class='ocrx_word' id='word_1_260' title='bbox 1245 4445 1311 4502; x_wconf 88' lang='lat' dir='ltr'>Ter.</span> 
     </span>
     <span class='ocr_line' id='line_1_35' title="bbox 214 4523 1002 4602; baseline 0.008 -27"><span class='ocrx_word' id='word_1_261' title='bbox 214 4523 322 4595; x_wconf 80' lang='lat' dir='ltr'>rapide.</span> <span class='ocrx_word' id='word_1_262' title='bbox 364 4523 430 4581; x_wconf 82' lang='lat' dir='ltr'>Alia</span> <span class='ocrx_word' id='word_1_263' title='bbox 451 4525 561 4582; x_wconf 87' lang='lat' dir='ltr'>ratione</span> <span class='ocrx_word' id='word_1_264' title='bbox 583 4544 634 4602; x_wconf 86' lang='lat' dir='ltr'>pro</span> <span class='ocrx_word' id='word_1_265' title='bbox 653 4527 744 4599; x_wconf 76' lang='lat' dir='ltr'>agitat</span> <span class='ocrx_word' id='word_1_266' title='bbox 783 4525 879 4583; x_wconf 90' lang='lat' dir='ltr'>Maur.</span> <span class='ocrx_word' id='word_1_267' title='bbox 894 4545 921 4602; x_wconf 90' lang='lat' dir='ltr'>p.</span> <span class='ocrx_word' id='word_1_268' title='bbox 938 4542 1002 4582; x_wconf 87' lang='lat'>112.</span> 
     </span>
    </p>
   </div>
   <div class='ocr_carea' id='block_1_13' title="bbox 717 4631 813 4692">
    <p class='ocr_par' dir='ltr' id='par_1_13' title="bbox 717 4631 813 4692">
     <span class='ocr_line' id='line_1_36' title="bbox 717 4631 813 4692; baseline 0.021 -2"><span class='ocrx_word' id='word_1_269' title='bbox 717 4631 813 4692; x_wconf 81' lang='lat' dir='ltr'>Tt2</span> 
     </span>
    </p>
   </div>
   <div class='ocr_carea' id='block_1_14' title="bbox 0 0 1565 5142">
    <p class='ocr_par' dir='ltr' id='par_1_14' title="bbox 0 0 1565 5142">
     <span class='ocr_line' id='line_1_37' title="bbox 0 0 1565 5142; baseline 0 0"><span class='ocrx_word' id='word_1_270' title='bbox 0 0 1565 5142; x_wconf 95' lang='lat' dir='ltr'> </span> 
     </span>
    </p>
   </div>
  </div>
 </body>
</html>
