3076 5140
301 375 373 450 236
688 371 811 446 Morir'
830 369 1015 443 Victorini
1253 387 1327 438 utu.
1350 385 1413 437 ιν.

254 574 285 638 ⁶7
300 561 360 634 ubi
381 573 627 632 tetrametrum
646 557 790 655 epicum
810 555 921 628 heroo
937 553 1173 626 subnectitur.
1224 551 1333 638 Item,

406 675 459 748 Te
474 675 588 748 muria·
605 683 640 746 et
658 683 764 746 terro
780 695 1002 770 numeroque
1018 669 1176 742 rorentis
1193 689 1324 752 uretur,

302 792 433 864 herous
450 789 587 888 epodus
606 787 725 884 hujus,

401 901 608 977 Memorem
627 903 792 976 cohibent
808 901 1017 999 corrupta.

300 1020 397 1092 Nam
426 1019 621 1092 tetrametri
641 1017 747 1117 epici,
764 1018 826 1115 qui
850 1031 887 1090 et
903 1017 1127 1089 Archilocbii
1154 1017 1199 1088 ab
1216 1014 1415 1086 inventore

301 1147 568 1234 nuncupantur,
599 1133 748 1228 adjectis
777 1133 918 1206 duobus
951 1133 988 1204 in
1019 1135 1089 1204 tine
1118 1130 1271 1230 pedibus
1298 1143 1414 1202 erunt

303 1249 514 1338 hexametri,
532 1248 594 1333 sic,

327 1365 490 1440 Munera
507 1363 654 1464 mmquid
667 1363 757 1438 miln'
772 1365 902 1462 quidue
919 1363 1074 1439 tubello-r
1086 1361 1232 1462 perfidu
1249 1362 1414 1436 ”mirrea

256 1503 288 1554 oe
303 1483 346 1556 ln
366 1481 506 1570 eodem,
523 1479 591 1552 ode
608 1493 718 1552 ⁰xm.

352 1597 522 1671 Horrida
539 1605 733 1692 tempestus
750 1593 875 1668 colum
892 1595 1085 1682 conenit,
1104 1604 1140 1668 et
1158 1595 1288 1668 imbres

352 1711 539 1810 Nivesque
556 1711 736 1784 deducunt
751 1707 892 1798 docem,
910 1735 1006 1782 nunc
1023 1735 1125 1783 more
1142 1733 1239 1782 nunc
1254 1707 1375 1780 siluae.

304 1827 448 1898 Horum
477 1837 672 1898 metrorum
700 1825 858 1924 primum
889 1825 1037 1899 heroum
1069 1839 1124 1898 est
1153 1823 1322 1922 simplex,
1352 1849 1414 1894 se-

303 1967 416 2039 quens
444 1939 671 2038 conpositum
695 1965 739 2013 ex
764 1937 919 2012 dimetro
945 1941 1101 2013 iambico
1127 1939 1346 2013 Pacatalecto
1371 1956 1413 2011 et

304 2055 582 2154 penthemimeri
615 2055 730 2154 epico,
757 2053 855 2152 quod
884 2055 1080 2154 ‘teuperiori
1114 2055 1231 2154 epodo
1265 2065 1413 2127 contra-

304 2171 396 2244 rium
417 2183 482 2256 est,
499 2169 561 2258 ita,

405 2285 575 2359 Scribere
590 2285 788 2359 versiculos
805 2309 928 2360 amore
939 2309 1153 2382 percussum
1167 2284 1290 2382 graui.

259 2415 292 2480 ⁶9
306 2403 424 2484 Quem
440 2402 673 2500 consequenti
689 2402 825 2475 ratione
839 2415 1109 2500 praeposterum,
1121 2425 1231 2497 quam
1245 2397 1414 2498 superior

307 2519 470 2608 habetur,
489 2516 643 2606 induxit,
662 2517 725 2604 sic,

355 2632 541 2733 Niuesque
558 2632 741 2705 &ducunt
755 2631 897 2720 Jooem,
914 2652 1012 2703 nunc
1027 2654 1130 2703 more
1147 2653 1243 2702 manc
1258 2627 1373 2701 silum

305 2749 454 2824 Etenim
473 2748 605 2820 veritus
628 2773 675 2820 ne
696 2747 848 2844 subjecti
867 2745 972 2844 spodi
996 2745 1095 2844 priua
1113 2771 1257 2818 comma
1274 2769 1318 2816 ex
1347 2744 1413 2816 he·

307 2891 370 2937 roo
390 2863 587 2936 subsistens
613 2861 769 2935 eundem
796 2862 1054 2935 enuntiationis
1078 2884 1206 2934 sonum
1233 2860 1411 2948 redderet,

309 2978 505 3052 iambicum
524 2978 717 3051 dimetrum
746 2979 962 3076 anteposuit,
980 2991 1069 3075 ‘quo
1087 2979 1222 3050 variata
1247 2975 1412 3048 modula-

265 3126 296 3178 70
309 3096 406 3168 tione
423 3095 556 3194 gratior
572 3093 788 3166 redderetur.
814 3093 911 3166 Nam
930 3093 1016 3166 etin
1034 3094 1196 3166 trimetro
1214 3091 1411 3189 superiore,

309 3239 354 3284 ne
373 3211 427 3284 sui
447 3212 587 3309 generis
604 3235 748 3286 versum
766 3207 1010 3308 subjungeret,
1025 3209 1123 3282 heroi
1141 3232 1285 3282 comma
1302 3220 1414 3305 ‘prae-

310 3326 419 3411 misit,
438 3325 498 3414 ita,

509 3438 681 3512 Scribere
693 3439 898 3514 uersiculos.

266 3583 293 3636 μ
310 3554 354 3628 In
371 3552 511 3635 eodem,
529 3551 598 3624 ode
614 3557 712 3624 ‘xva

409 3665 634 3764 Alterojum
650 3668 785 3742 teritur
802 3668 905 3742 bellis
922 3667 1087 3742 civilibus
1103 3681 1217 3742 otoo.-

429 3780 515 3854 Suis
532 3781 663 3877 etipsa
683 3783 797 3856 Romo
813 3785 951 3856 uiribus
968 3785 1054 3856 ruit.

311 3899 410 3973 Pn'or
428 3898 568 3985 herous,
587 3921 739 3992 sequens
752 3898 912 3970 trimeter
930 3901 1105 3971 iambicus
1119 3899 1333 3972 acatalectus
1347 3913 1414 3987 est,

310 4041 381 4114 qua
393 4012 620 4112 copulatione
635 4013 726 4083 inter
744 4039 781 4084 se
795 4029 990 4087 metrorum
1008 4013 1182 4086 Horatius
1200 4013 1309 4084 semel
1325 4038 1414 4085 usus

354 4334 373 4361 ¹¹¹
389 4325 516 4398 Archita]
533 4339 628 4384 arcuta
642 4326 672 4383 P.
764 4336 812 4368 Μ
827 4326 907 4401 quid]
923 4347 973 4384 cur
988 4329 1018 4384 P.
1102 4339 1118 4370 ¹³
1133 4325 1242 4400 mittes]
1262 4259 1365 4384 meiitis
1381 4328 1413 4384 l'.

312 4417 327 4446 ⁰
341 4409 403 4481 xrr]
422 4425 493 4463 xrm
511 4405 540 4463 P.
591 4418 607 4462 P
622 4405 786 4481 acatalecto]
800 4405 937 4464 catalecto
949 4409 979 4464 P.
1035 4419 1051 4462 (t
1065 4406 1212 4485 superiori]
1229 4409 1373 4482 superiore
1382 4407 1413 4464 P.

312 4487 408 4563 rouo]
424 4505 479 4564 qua
493 4486 524 4543 P.
621 4486 795 4564 ⁸praemisit]
812 4485 909 4562 §misit
924 4487 957 4546 1³.
1053 4487 1149 4564 txvi]
1165 4489 1238 4548 κιῙι
1254 4489 1286 4544 P.
