3100 5142
139 409 219 459 ese.
237 401 269 460 4.
300 385 366 460 De
382 385 540 460 lombico
556 397 670 462 metro
686 397 722 462 et
739 387 817 488 ejus
831 387 1014 486 speciebus
1033 387 1097 486 dsc-
1154 387 1224 480 267

399 627 408 644 ·
428 629 437 646 ·
455 627 464 646 ·
482 627 491 646 ·
509 575 642 667 'eim

396 689 446 766 ris
463 689 656 766 eoelum.

393 831 473 897 Inde
486 829 576 898 storo
583 842 689 922 paor.

393 935 707 1000 Morusibiconecs’o.
1124 1021 1131 1038 ι

137 1046 240 1122 Huic
255 1059 372 1120 metro
389 1047 620 1140 'ncemlocto
637 1047 673 1122 id
691 1061 746 1122 est
763 1047 1004 1148 Hymenaico,
1023 1047 1143 1124 addito
1158 1050 1230 1150 syl·

138 1164 220 1238 labo
236 1165 512 1272 facietmetrum
532 1165 806 1240 Archilochium
833 1165 1230 1266 ¹pentbemimericum,

143 1279 201 1354 sed
219 1279 386 1380 simplex.

210 1499 271 1572 De
288 1499 521 1574 Archilochio
536 1500 852 1598 penthemimesico
868 1496 1024 1596 simplici
1038 1496 1168 1596 byper-
1242 1510 1278 1580 '67

594 1615 784 1690 catalecto.

193 1757 465 1832 Archilochium
491 1758 862 1860 'penthemimericom
886 1754 1039 1856 sicnplee
1060 1755 1236 1856 hyperca-

147 1873 315 1948 talectom
338 1875 722 1950 monoschemotistum
749 1889 824 1949 est:
850 1888 991 1950 constet
1015 1875 1112 1949 enim
1141 1901 1236 1948 sem-

147 2016 207 2090 per
221 1990 365 2064 duobus
382 1989 535 2093 dactylis
551 2007 589 2068 et
606 1994 756 2095 syllaba,

442 2109 471 2183 iv
485 2111 517 2184 li
534 2113 755 2200 Βατονσιᾶδης,

147 2233 166 2278 e

166 2221 191 2298 t,
440 2319 527 2406 μῆνιν
542 2310 623 2384 delle
640 2313 702 2386 θεά.

444 2451 546 2514 Arma
560 2451 725 2540 virumque
738 2471 827 2516 cano.

444 2553 550 2642 [pilio
564 2553 615 2618 dic
622 2573 685 2642 per
698 2575 815 2620 munes.

149 2665 231 2740 Hoc
258 2677 414 2740 metrum
437 2665 660 2767 duplicatum
686 2666 793 2740 faciet
815 2665 1089 2750 Archilochium
1116 2664 1241 2767 dipen-

149 2780 438 2856 themimericum
464 2795 731 2884 pentametrum
755 2781 801 2856 de
825 2809 898 2882 quo
915 2783 1022 2882 paulo
1042 2795 1125 2856 ante
1149 2797 1241 2858 treo-

151 2899 228 2972 tevi.
266 2897 350 2972 Hoc
367 2911 487 2972 temen
506 2898 595 2974 scire
612 2898 798 2990 debemus,
815 2897 911 2996 quod
929 2897 1147 2998 dactylicum
1166 2925 1241 2971 me-

150 3027 240 3088 trum
260 3028 298 3088 et
312 3013 389 3111 ejus
407 3015 542 3110 species
562 3015 818 3117 septendecim,
836 3029 1005 3116 quattuor
1020 3013 1239 3090 cntelexibus

150 3157 254 3206 unam
274 3131 387 3206 solam
406 3159 478 3206 non
496 3133 624 3233 recipit
641 3133 1034 3233 bmchyontalecticnm.

274 3249 351 3314 Hae
365 3249 423 3314 tibi
436 3249 583 3337 dactylici
595 3253 711 3338 species
720 3271 783 3340 per
794 3251 940 3314 comino
953 3249 1046 3313 masi

277 3351 339 3417 Bis
351 3374 444 3418 senos
457 3363 487 3418 et
500 3355 636 3444 quinqise
649 3354 746 3419 ninid
759 3353 863 3418 2dedit
876 3375 929 3418 ore
942 3351 1094 3418 sacerdos.

168 3615 274 3698 Cse.
296 3615 371 3697 IV.
416 3619 481 3699 De
500 3617 678 3698 [ambico
695 3630 822 3699 metro
839 3629 878 3698 et
896 3616 1005 3724 ‘ey'us
1022 3610 1224 3724 speciebus

546 3745 694 3855 viginti
712 3744 851 3828 tribus.

201 3928 398 4004 lombieum
421 3943 575 4005 metrum
601 3957 674 4004 non
698 3943 738 4004 ut
760 3927 979 4028 dactylicum
1006 3923 1160 4024 simplex
1177 3935 1242 4012 cst,

151 4045 212 4120 sed
242 4045 400 4122 verium:
428 4045 531 4144 cujus
557 4047 693 4148 species
724 4061 808 4120 sunt
832 4043 995 4132 infinitae,
1021 4039 1083 4116 sed
1110 4037 1243 4141 princi-

188 4243 205 4278 ἵ
225 4233 306 4306 piem
318 4233 360 4290 vlu
371 4233 526 4309 umbus]
548 4234 1106 4312 ΤΕΟθΕΡγΙΛΗΝΙΟΝωΤΟΝΛΔΟΝΙΟΝ.
1123 4225 1158 4284 L.
1177 4223 1243 4302 qul·

152 4314 204 4374 bus
217 4313 319 4374 litteris
332 4313 389 4371 duo
403 4312 531 4392 exempla
544 4310 627 4387 hujus
645 4313 726 4372 metri
741 4313 870 4372 videntur
883 4307 1032 4370 contineri.
1113 4317 1136 4351 Ι
1149 4317 1243 4366 ecete-

150 4397 240 4473 lecto]
258 4395 391 4454 catalecto
406 4393 439 4450 L.
497 4403 512 4436 ¹
526 4395 821 4474 penthemimericum]
834 4393 1046 4468 pentomett'cum
1059 4389 1096 4448 L.
1148 4399 1243 4464 spen·

153 4479 363 4537 tbemimericm
376 4482 492 4534 nusum
505 4478 617 4552 simplex
631 4478 667 4536 L.
757 4486 771 4519 ¹
785 4473 875 4551 dedit]
893 4477 949 4534 edit
962 4473 998 4534 L.
1080 4481 1097 4514 ⁸
1110 4468 1190 4542 bujss
1202 4487 1242 4544 sp.

153 4577 269 4620 xxxin
285 4559 321 4618 L.

632 4669 758 4729 Mm2
