3076 5140
298 425 368 518 196
682 425 802 498 Moaa'r'
822 425 1007 542 Victorini
1250 444 1326 494 ara.
1340 444 1395 493 rv.

253 631 280 683 ιε
294 609 537 684 choriambus.
600 607 740 681 Rursus
770 633 815 680 ex
845 607 999 680 dimetro
1025 605 1255 706 anapaestico,
1280 617 1317 676 et
1340 603 1398 676 di-

295 737 411 798 metro
428 723 587 796 iambico
605 722 825 802 catalectico.
844 723 908 810 sic,

296 838 382 936 Age
394 836 535 909 corascia
546 835 663 909 Maso
674 863 797 910 sacros
808 835 964 934 scopulis
974 833 1076 936 refer
1085 859 1244 932 sonoque
1255 843 1397 908 cantus.

398 953 484 1050 Age
500 953 642 1025 conada
658 949 774 1026 Maso
790 977 914 1026 sacros
930 950 1098 1048 scopulb,

296 1066 490 1140 dimetrum
510 1066 791 1164 anapaesticum:

447 1173 564 1276 Refer
579 1201 738 1274 tortoque
755 1187 894 1267 coatus,

256 1311 285 1363 16
297 1291 493 1366 dimetrum
517 1291 715 1366 iambicum
741 1292 1003 1366 catalecticum.
1055 1289 1148 1363 Item
1171 1315 1218 1362 ex
1240 1288 1398 1363 dimetro

298 1407 454 1481 iambico
474 1405 705 1492 hacatalecto,
722 1421 760 1480 et
780 1407 935 1480 dimetro
961 1405 1145 1478 trochaico
1174 1405 1398 1489 catalectico,

298 1523 360 1612 sic,

398 1638 540 1711 Beatus
556 1636 621 1711 ille
635 1637 700 1737 qai
709 1635 851 1734 procul,
868 1635 975 1709 tollor
990 1635 1030 1708 in
1045 1643 1184 1708 naoatea
1199 1659 1328 1732 vagam.

298 1751 410 1840 Nam,

399 1865 541 1937 Rechts
557 1863 623 1937 ille
638 1867 702 1964 qui
712 1865 857 1962 procul,

298 1979 494 2052 dimetrum
513 1992 568 2052 est
584 1979 781 2054 iambicum
799 1980 1056 2053 acatalectum:

403 2093 528 2166 Tollnr
544 2095 584 2166 in
600 2105 739 2167 montes
754 2119 883 2194 vagtis,

257 2206 496 2280 ¹⁷dimetrum
526 2221 580 2280 est
609 2209 834 2281 trochaicum
860 2206 1135 2280 ¹catalecticum.
1199 2204 1301 2278 Adeo
1326 2208 1399 2282 foe-

299 2319 438 2394 eundus
456 2322 625 2396 varietate
642 2323 842 2396 carminum
861 2337 898 2396 et
916 2321 1104 2420 singularis
1123 2320 1262 2394 artificii
1279 2321 1316 2392 in
1335 2347 1400 2394 ex-

299 2434 500 2533 cogitandis
529 2438 628 2509 novis
655 2439 778 2511 metris
809 2439 869 2512 hic
899 2449 1113 2524 auctorest,
1143 2449 1244 2508 utet
1269 2438 1398 2510 ceteris

298 2551 440 2624 vatibus
460 2551 672 2625 imitationis
691 2581 764 2626 suae
793 2555 829 2626 in
853 2551 1100 2652 conponendis
1127 2553 1250 2623 metris
1276 2552 1400 2624 obser-

257 2666 457 2738 avaritiam
476 2693 599 2765 parem
619 2667 777 2741 studiosa
796 2667 1026 2742 aemulatione.
1043 2665 1258 2764 praestiterit.
1295 2665 1397 2738 Nam

298 2779 460 2878 plerique
478 2781 660 2877 sequentia
679 2782 744 2854 aevi
764 2781 819 2854 his
839 2781 1023 2854 informati
1051 2793 1246 2853 metrorum
1265 2783 1400 2880 figura-

299 2895 470 2984 tionibus,
488 2909 524 2967 et
541 2895 757 2993 quibusdam
776 2896 843 2968 viis
870 2909 1014 2968 auctore
1031 2893 1265 2980 Archilocho,
1282 2896 1399 2968 varias

300 3034 530 3081 numerorum
550 3009 685 3109 species
702 3023 739 3082 et
756 3009 824 3108 ipsi
851 3010 1049 3083 commenti
1075 3009 1226 3107 posteris
1243 3009 1400 3082 tradide-

299 3138 394 3211 runt,
411 3123 506 3196 unde
532 3125 803 3198 innumerabilis
830 3123 1273 3222 incomprehensibilisque
1300 3123 1399 3196 venit

258 3255 287 3305 ¹9
301 3237 336 3308 in
356 3263 483 3310 manus
497 3239 611 3338 copia.
637 3239 736 3312 Nam
750 3236 793 3310 ¹‘e
806 3238 969 3311 trimetro
982 3231 1138 3309 iambico
1150 3237 1399 3324 Archilochio,

302 3350 478 3423 iambicus
495 3352 587 3450 pede
604 3353 731 3440 minor,
745 3379 854 3450 quem
870 3352 979 3425 etiam
994 3350 1246 3448 decasyllabon
1257 3365 1400 3441 vocant,

301 3467 474 3562 figuratus
492 3479 547 3538 est
565 3467 610 3538 ab
628 3465 764 3553 Alcaeo,
783 3467 878 3540 unde
894 3481 931 3538 et
947 3465 1116 3539 Alcaicus
1133 3464 1276 3554 dieitur,
1295 3479 1347 3554 ut,

401 3579 542 3654 Beatus
558 3580 745 3676 illaquam
756 3590 884 3676 potens
900 3581 1018 3654 Deua.

302 3691 397 3764 Item
434 3693 707 3792 heptasyllabon
736 3693 1032 3784 Anacreontium‚
1058 3692 1212 3793 primam
1243 3693 1399 3767 lhabens

302 3807 447 3906 longam
467 3807 638 3896 additam,
655 3819 708 3896 ut,

402 3919 514 3994 Nunc
530 3919 680 3993 ¹¹sacras
695 3922 747 3993 ite
764 3921 815 3992 ad
828 3947 923 3995 oras.
970 3975 979 3987 .

262 4035 397 4107 ²0ltem
417 4060 461 4106 ex
479 4035 643 4106 trimetro
661 4035 817 4107 iambico
833 4037 1085 4124 mcatalectico,
1105 4035 1225 4110 medio
1242 4035 1401 4109 trochaeo

303 4149 466 4237 inmisso,
484 4149 547 4236 sic,

343 4319 360 4363 ¹¹
373 4321 541 4396 acatalecto]
559 4321 697 4381 catalecto
712 4324 743 4381 P.
893 4321 902 4367 i
916 4324 1125 4400 catalecticum]
1141 4324 1351 4384 acatalecticum
1367 4326 1399 4384 P.

303 4399 319 4444 k
334 4420 350 4460 e
364 4401 505 4476 trimetro]
522 4421 608 4460 eom.
623 4403 656 4460 P.
761 4400 906 4476 lbabens]
922 4405 1027 4464 habent
1042 4407 1073 4464 P.
1196 4403 1216 4448 ¹¹
1229 4425 1321 4464 sacras
1341 4405 1397 4480 ite]

275 4546 279 4554 ,
302 4481 421 4541 sacraire
435 4482 467 4541 P.
548 4493 572 4524 m
585 4481 762 4557 catalectico]
780 4481 960 4542 acatalectico
976 4485 1007 4542 P.
