3124 5120
173 426 255 478 cae.
271 420 306 477 2.
540 405 604 480 De
621 403 819 504 Dactylico
836 415 960 482 metro.
1228 417 1277 494 99

172 587 225 662 Et
241 587 338 688 apud
355 601 533 678 nostrum,

175 701 452 804 conctumque
468 715 572 780 vocat
589 719 606 768 ⁸
615 705 736 780 dirum
748 719 859 804 puter
877 717 985 805 utque
998 703 1180 778 hominurn
1197 728 1275 776 νοω.

172 817 236 907 Et,

173 935 301 1032 Incipe
314 933 510 1008 Mcnnlios
526 961 664 1012 mecum
681 963 763 1012 mea
780 937 871 1010 tibia
886 963 1021 1011 vcrnm

171 1049 224 1122 Et
250 1050 453 1148 appellatur
478 1051 681 1153 quadrupes
708 1055 929 1148 δυοὸεκάσημος
951 1050 1094 1149 περίοδος,
1112 1075 1154 1121 eo
1178 1048 1275 1147 quod
1288 1066 1321 1124 ³8

172 1177 345 1263 quattuor
360 1163 470 1264 pedes
487 1180 693 1265 temporum
710 1167 914 1254 duodecim,
931 1166 1055 1264 ¹¹quasi
1073 1193 1137 1266 per
1149 1165 1277 1238 circui-

173 1295 253 1354 tum
275 1279 454 1379 quendam
474 1297 708 1374 recurrentes,
721 1281 914 1358 contineat.
942 1283 1013 1356 Sed
1027 1282 1072 1355 dc
1086 1283 1142 1355 his
1157 1283 1278 1355 hacte-

173 1424 253 1470 nus.
316 1396 487 1496 Namque
515 1423 562 1472 cx
594 1399 704 1472 heroo
735 1414 851 1474 metro
880 1425 944 1500 per
973 1397 1211 1495 adjectionem
1241 1409 1277 1471 et
1291 1422 1323 1475 ³9

172 1510 446 1602 detractionem,
480 1515 570 1590 item
606 1541 671 1614 per
697 1515 990 1590 immutationem
1021 1527 1058 1586 et
1086 1513 1279 1586 concinna-

173 1627 314 1700 tionem
337 1653 468 1726 genera
488 1643 684 1703 metrorum
703 1643 912 1730 propagata,
929 1627 1107 1728 quibusve
1124 1627 1279 1700 vocabu-

174 1742 220 1816 lis
246 1756 457 1843 nuncupata
480 1759 578 1834 sunt,
603 1745 761 1820 decursis
787 1745 976 1844 speciebus
1001 1741 1216 1842 prototypis,
1233 1741 1278 1815 de

174 1859 308 1956 quibus
334 1885 431 1932 nunc
458 1885 576 1934 sermo
595 1877 661 1952 est,
678 1887 946 1962 persequemur,
965 1885 1038 1959 quo
1055 1858 1195 1932 facilius
1221 1885 1279 1932 ce-

174 1989 264 2063 tera,
280 1973 443 2048 enodatis
459 1989 568 2073 atque
589 1976 803 2050 illuminatis
829 1975 1099 2076 principalibus,
1119 1975 1280 2048 ¹intelte-

175 2103 330 2188 gantur:
355 2115 424 2163 nec
440 2104 563 2164 tamen
580 2093 715 2183 omnia,
732 2117 885 2191 quorum
905 2091 1067 2164 infinitus
1084 2105 1194 2187 atque
1212 2090 1280 2162 im·

176 2231 325 2277 mensus
342 2218 398 2278 est
412 2233 597 2296 numerus,
611 2207 726 2282 ausim
744 2207 965 2308 promittere,
981 2205 1042 2280 sed
1060 2231 1143 2302 quae
1163 2205 1280 2304 potior

178 2321 401 2396 ¹‘auctoritas
436 2323 625 2423 adprobat,
650 2325 707 2398 vel
741 2323 909 2422 frequens
949 2349 1033 2396 usus
1067 2319 1280 2395 celebrando

176 2437 422 2512 commendat.

229 2553 378 2626 Heroici
413 2579 535 2628 versus
564 2555 764 2629 hexametri
794 2555 874 2628 cola
902 2579 964 2628 seu
992 2565 1186 2637 commata,
1212 2551 1326 2624 aliaso

176 2681 264 2741 sunt
290 2671 347 2760 (ut
371 2669 657 2763 Gracci-dicunt)
684 2671 824 2769 ἆρκτικὲι,
851 2671 920 2744 alia
948 2670 1070 2758 τελικὰ,
1096 2667 1165 2741 alia
1188 2665 1279 2739 κοινά.

177 2783 340 2881 E¹quis
370 2783 440 2856 alia
469 2783 591 2873 initiis,
622 2784 691 2858 alia
719 2785 889 2859 clausulis
919 2809 1085 2857 versuum
1116 2805 1281 2855 connexa

177 2897 408 2997 respondent,
424 2924 514 2996 quae
537 2899 824 2998 mpartiunculas,
843 2900 872 2972 si
891 2925 1036 2973 necesse
1058 2896 1117 2986 sit,
1135 2909 1152 2944 ¹¹
1164 2895 1278 2970 ausim

176 3012 297 3086 dicere
313 3013 479 3099 initiales,
493 3027 529 3087 et
546 3015 672 3088 finales
690 3041 752 3088 seu
771 3016 1038 3101 novissimalesr
1066 3037 1280 3086 communes

176 3141 300 3202 autem
319 3127 408 3226 quia·
421 3142 458 3202 et
484 3129 589 3202 initio
604 3145 641 3204 et
659 3133 722 3204 fini
748 3132 918 3206 societate
941 3143 1155 3228 congruunt.
1207 3127 1281 3225 Igi-
1293 3153 1322 3198 ⁴¹

179 3257 240 3318 tur
254 3257 484 3318 tetrametrus
500 3271 622 3320 versus
641 3247 770 3320 herous
788 3247 934 3322 initialis
950 3249 1018 3319 erit
1034 3245 1126 3333 talis,

383 3361 583 3462 Odrysium
601 3361 769 3436 Mortem
786 3388 875 3437 cane
891 3363 1041 3436 barlile.

178 3494 317 3568 Finalis
336 3521 398 3569 seu
416 3495 666 3584 novissimalis,

384 3609 545 3709 Odrysio
563 3610 647 3710 lyra
665 3612 825 3684 carmine
841 3619 977 3684 cantat.

179 3725 396 3799 Communis
415 3739 549 3812 autem,

378 3841 615 3916 ⁰Mensorem
632 3841 796 3916 colribcnl
810 3841 990 3942 Archyta.

175 3958 378 4032 Trimetrus
395 3957 557 4048 initialis,

379 4072 441 4146 Sic
457 4083 494 4146 tc
510 4072 594 4146 diva
608 4081 738 4170 potens
756 4073 882 4172 Cypri.

218 4309 359 4388 tdivurn]
376 4310 423 4370 diis
438 4312 469 4369 P.
550 4307 673 4388 l‘quusss
689 4309 791 4388 quibus
805 4309 838 4367 Ρ.
920 4306 1151 4388 lintelliguntur]
1169 4303 1279 4400 intelle·

175 4401 282 4472 gantur
295 4393 327 4484 P
409 4388 427 4434 k
441 4390 596 4484 authoritas
610 4393 761 4482 approbat]
779 4389 931 4449 auctoritas
946 4387 1140 4541 ''dP{⁰b⁸‘.P·]
1156 4381 1279 4523 winili·

177 4471 934 4628 llll:tl-tltllllltltffittltl's.
1036 4487 1125 4526 '⁰⁸¹⁰'
1272 4509 1278 4522 '

692 4661 758 4718 02
