3076 5140
129 465 263 526 canu.
482 449 545 526 De
561 450 741 552 dactylico
757 465 883 526 metro.
1159 463 1229 524 255

216 635 264 700 Et
276 655 327 699 me
341 633 482 699 Ploebm
495 643 595 713 amat,
612 634 726 700 Plsoeho
738 656 799 700 saca
812 655 934 722 seraper
947 633 1035 722 opud
1047 653 1107 698 me.

128 746 324 844 Dactylus,
340 743 414 818 duo
432 743 594 844 spondei,
614 759 654 818 ut
670 757 737 832 est,

215 859 467 924 suessonam
480 867 605 922 amum
620 859 946 946 anonumum.

128 969 188 1043 De
206 969 323 1066 quinti
350 967 452 1068 pedis
478 968 723 1044 schematibus
746 967 887 1042 duobus
909 967 1039 1042 damus
1063 967 1277 1066 exemplaso

128 1099 191 1158 aut
207 1083 349 1182 Virgilii
376 1095 439 1156 aut
464 1097 595 1158 nostra.
646 1082 802 1182 Virgilii,
821 1083 891 1157 boc
916 1097 982 1172 est,
1002 1097 1043 1157 ut
1064 1083 1230 1182 dactylus

127 1201 175 1273 sit
194 1199 342 1297 quintus
360 1225 436 1296 pes,

218 1315 413 1400 Omniafirt
427 1323 504 1378 catos
516 1315 661 1379 animum
675 1335 805 1402 quoque,
816 1335 898 1402 sepe
911 1335 971 1402 ego
981 1314 1103 1402 longos

128 1441 169 1499 ut
200 1426 247 1498 sit
277 1424 457 1524 spondeus
487 1425 636 1523 quintus
666 1451 741 1524 pes,
767 1423 804 1496 in
831 1424 901 1496 boc
927 1437 1043 1497 metro
1071 1424 1140 1496 boc
1163 1423 1236 1496 erit-

127 1539 340 1639 exemplum
355 1567 364 1612 τ

218 1655 402 1743 Daphnidis
415 1655 470 1721 lsoc
484 1664 618 1720 mamm
633 1655 683 1720 vel
694 1654 867 1740 Thyrsidls
881 1674 946 1718 esse
958 1661 1087 1718 constat.

127 1765 191 1838 Sic
208 1765 319 1864 igitur
337 1766 542 1840 bucolicum
568 1765 819 1838 hexametrum
838 1764 1022 1838 schemata
1041 1763 1151 1836 babet
1167 1763 1268 1836 ‹le-³1

127 1908 222 1968 cem,
236 1879 422 1952 heroicum
440 1907 523 1954 vero
541 1880 792 1953 hexametrum
811 1879 980 1977 ttriginta
997 1877 1080 1951 duo.
1116 1877 1228 1952 Nunc

126 1995 173 2068 de
197 1994 406 2068 ¹1Cbossileo
434 2009 547 2069 metro
573 1992 772 2067 secundum
799 1991 1070 2093 dispositionem
1093 1994 1228 2093 specie-

127 2137 207 2184 rum
228 2109 334 2183 metri
352 2109 521 2209 dactylici
539 2108 743 2182 doceamus.

166 2325 229 2398 De
241 2337 265 2372 '¹
275 2321 453 2397 Clioerileo
470 2323 678 2397 hexametro
696 2333 732 2396 et
749 2321 828 2422 ejus
843 2323 1084 2396 schematibus
1100 2332 1188 2396 octo.
1239 2343 1271 2391 ³²

178 2455 429 2529 ‘Cboesileum
447 2467 616 2542 metrum,
633 2453 731 2550 quod
754 2468 792 2528 et
810 2455 1031 2554 Delphicum
1047 2467 1085 2526 et
1101 2455 1228 2552 Ange-

128 2569 236 2644 chm
257 2584 498 2671 nuncupatur,
516 2582 657 2644 constat
683 2569 1003 2670 penthemimerica
1029 2595 1173 2654 caesura,
1191 2583 1228 2640 et

128 2687 278 2786 syllaba,
294 2703 331 2760 et
353 2689 462 2761 altera
485 2685 819 2786 penthemimerica.
871 2685 979 2760 Unde
997 2699 1052 2758 est
1068 2699 1226 2757 metrum

128 2803 380 2876 hexametrum
405 2802 668 2892 catalecticum,
685 2828 757 2874 una
780 2801 878 2875 enim
903 2803 1040 2900 syllaba
1062 2799 1163 2872 deest
1185 2813 1226 2873 ut

126 2918 199 2990 sint
226 2917 264 2990 in
290 2943 334 2989 eo
359 2916 469 3016 pedes
493 2943 567 2990 sex.
630 2916 701 2990 Sed
727 2917 903 3018 exemplis
931 2917 1115 2990 schemata
1143 2930 1270 2990 octoss

125 3034 333 3107 doceamus.
390 3033 572 3106 Ponamus
602 3033 712 3131 igitur
741 3033 925 3108 schemata
954 3045 1134 3130 quattuor,
1164 3033 1225 3106 aed

125 3148 311 3250 duplicata
350 3149 534 3248 utriusque
567 3174 709 3222 caesurae
747 3149 1078 3248 penthemimericae
1118 3149 1225 3245 hujus

125 3265 244 3356 metri,
275 3263 349 3350 sed,
377 3265 470 3337 sicut
498 3277 630 3337 santes
660 3262 779 3350 docui,
805 3265 978 3363 syllabam
1007 3264 1224 3360 adjicientes.

127 3381 256 3455 Primae
273 3407 418 3456 eaesurae
436 3397 490 3455 est
508 3379 678 3453 Graecum
697 3379 929 3479 exemplum:

250 3497 362 3572 Ἧνίκα
378 3500 433 3594 μὲν
450 3497 604 3584 βασιλεὺς
621 3493 655 3586 ἦν
672 3495 813 3594 Χοίριλος
831 3497 860 3570 ἓν
876 3495 1027 3595 σατύροις.

129 3609 260 3682 Latine
279 3609 342 3696 sic,
389 3652 394 3661 ·

212 3725 402 3789 zlaureamt
411 3725 544 3812 pecudes
557 3735 645 3791 stam
657 3748 790 3814 corpora
805 3749 925 3816 magua
938 3731 1041 3794 boum

129 3831 170 3904 ln
204 3858 278 3930 qua
317 3833 454 3933 syllaba
487 3835 633 3910 finiatur
667 3863 748 3936 pars
783 3839 953 3912 orationis
984 3865 1128 3912 necesse
1157 3848 1222 3908 est.

128 3946 251 4020 'Binis
273 3947 426 4047 dactylis
449 3975 533 4023 cum
556 3950 630 4024 suis
656 3951 815 4049 syllabis,
832 3966 870 4026 et
894 3953 992 4026 nulla
1020 3953 1156 4051 syllaba
1185 3953 1219 4023 in
1236 3985 1268 4036 34

128 4061 248 4135 medio
265 4063 359 4160 plus,
374 4061 448 4150 l’ut,

165 4251 305 4332 ¹triginta
318 4253 389 4329 duo]
406 4273 476 4312 xxn
492 4255 528 4314 L.
632 4267 648 4299 ¹¹
663 4259 818 4335 Cboerileo]
835 4259 949 4317 curialia
964 4257 999 4316 L.
1109 4268 1131 4299 '¹
1147 4259 1223 4316 cte·

127 4337 205 4411 sileo]
223 4337 323 4392 curiles
336 4334 373 4392 L.
489 4345 506 4378 ¹
520 4337 708 4413 Cboerileum]
726 4339 868 4398 Corileum
887 4339 920 4398 L.
1031 4339 1157 4413 ianua]
1176 4337 1223 4397 Sic

126 4415 159 4474 L.
174 4425 240 4474 ante
253 4415 412 4473 Putschiua.
434 4415 505 4474 Mox
517 4419 609 4491 primo
622 4437 725 4476 casura
740 4419 774 4477 L.
790 4431 820 4476 et
834 4439 892 4476 om.
905 4425 951 4477 stc.
1033 4429 1047 4462 ¹
1062 4417 1220 4494 intereunt]

7 4501 8 4572 J
127 4495 172 4554 Sic
186 4497 224 4556 L.
240 4499 313 4553 inter
326 4497 398 4553 enim
411 4495 570 4554 Putschius.
602 4499 650 4556 Sic
663 4519 720 4556 om.
737 4499 771 4555 L.
858 4499 961 4555 ¹*binis
975 4497 1107 4579 dactylis]
1126 4500 1174 4557 Sic
1188 4499 1223 4556 L.

127 4576 178 4634 bisi
191 4578 297 4652 dactyli
310 4574 471 4635 Putsobius.
562 4574 578 4620 b
592 4579 636 4652 ut]
652 4577 700 4637 Sic
715 4579 749 4636 L.
764 4581 794 4635 id
806 4587 846 4636 est
859 4577 1019 4639 l'utsebius.
