3124 5120
152 438 236 488 cnl’.
249 430 286 506 9.
407 413 472 486 De
487 424 602 488 metro
622 414 740 488 lonico
755 413 815 486 aial
832 413 1007 494 ἐλάσσονος.
1189 423 1255 484 125

152 597 460 672 Bacclellromle
469 597 615 672 Bacche
623 597 772 672 Bromie
783 596 931 672 Bocche
941 595 1093 669 Bromie
1102 593 1257 668 Bacche.

154 717 265 802 Item,

255 827 380 902 Pleno
398 853 537 926 capere,
555 827 629 902 tela
646 839 808 928 quatere,
823 827 1053 928 saoeajncere
1070 825 1177 900 disce.

153 941 206 1015 Et
229 943 337 1040 ‘quia
360 944 441 1016 fluit
462 943 634 1032 numeris,
660 957 700 1016 ut
725 941 919 1042 rhythmus
948 941 1131 1041 accipitur.
1182 939 1258 1014 De·
1275 966 1304 1018 ¹9

157 1058 245 1130 hinc
272 1057 357 1153 quia
383 1073 509 1158 aptum
536 1057 750 1132 saltantibus
775 1053 1213 1156 videtur,llropxs1paraxls
1237 1081 1259 1129 a

156 1173 295 1246 Graecis
312 1172 453 1247 dicitur.
489 1173 559 1246 Sed
577 1187 614 1247 et
631 1174 910 1272 ithyphallicum
932 1186 1088 1246 metrum
1106 1199 1127 1244 e
1143 1173 1258 1245 tribus

156 1287 325 1362 trochaeis
341 1315 546 1362 connexum
572 1315 666 1390 saepe
684 1289 782 1362 hunc
800 1289 1010 1387 tribrachyn
1029 1287 1096 1362 sibi
1114 1288 1257 1362 inserit:

156 1417 196 1476 ut

197 1459 210 1492 ’
412 1501 538 1576 Hasta
555 1501 698 1578 iviridia
713 1513 842 1578 armet.

159 1617 267 1708 ltem,

391 1716 568 1792 Placidus
579 1719 731 1816 percipe
746 1743 890 1792 munus.

156 1863 267 1947 Quod
294 1866 495 1939 necessario
520 1864 775 1940 insinuandum
804 1893 881 1940 esse
909 1866 1029 1940 lectori
1055 1867 1190 1952 censui,
1214 1895 1260 1940 ne

156 1979 441 2079 ithyphallicum
469 1997 623 2056 motnrm
643 2009 663 2056 e
680 1982 795 2056 tribus
821 2009 964 2082 semper
987 1983 1151 2058 trochaeis
1177 1984 1261 2056 sub-

156 2094 284 2168 sistere
301 2095 470 2170 audacter
487 2125 528 2172 ac
546 2111 681 2172 temere
699 2099 955 2197 pronuntiaret.

250 2312 353 2394 CAP.
376 2313 452 2395 IX.
496 2317 562 2398 De
579 2330 707 2398 nwlro
727 2315 866 2398 lonico
883 2313 955 2394 dxl
974 2311 1166 2400 ἐλάσσονος.

212 2444 359 2519 lonicus
384 2447 513 2533 minor,
543 2473 653 2545 quem
686 2448 812 2522 musici
843 2445 901 2520 del
927 2449 1089 2530 ἐλάσσονος
1119 2462 1260 2535 vocant,

159 2561 338 2634 contrario
355 2587 465 2658 quam
492 2563 652 2662 superior
677 2563 747 2636 situ
774 2577 994 2664 temporum,
1013 2563 1169 2662 priorem
1198 2562 1260 2635 ha-

160 2679 223 2751 bet
247 2679 488 2777 pariambum,
514 2693 724 2776 sequentem
751 2679 963 2780 spondeum,
993 2691 1029 2751 et
1053 2677 1145 2752 khoa
1171 2677 1263 2750 invi-

159 2819 255 2881 cem,
267 2809 309 2867 ut
326 2795 499 2894 superior,
511 2795 588 2868 sine
602 2798 675 2870 fine
691 2795 898 2871 ¹currentes.
926 2795 1087 2893 Adeoque
1100 2795 1262 2896 spondeo

159 2909 386 2996 terminatur,
404 2925 444 2984 ut
470 2911 589 2984 ionioo
615 2913 792 3011 congruit,
819 2937 902 2986 nam
929 2937 1072 3012 semper
1096 2911 1263 2986 affectant

160 3025 198 3097 hi
227 3025 344 3125 longis
370 3027 518 3126 syllabis
540 3029 736 3118 terminari,
753 3029 815 3126 qui
833 3054 918 3101 cum
936 3027 1071 3100 divisus
1088 3043 1154 3116 est,
1171 3027 1262 3100 inte·

161 3141 234 3240 gris
274 3143 433 3241 syzygiae
466 3167 511 3216 ex
546 3169 618 3240 qua
651 3159 794 3218 constat
827 3143 1051 3242 temporibus
1085 3141 1261 3216 efferatur.

160 3257 286 3340 ”Quae
303 3257 332 3330 si
350 3257 449 3332 velut
467 3257 511 3330 ad
537 3257 752 3358 rhythmum
770 3257 909 3357 digesta
925 3257 1129 3349 decurrunt,
1147 3257 1290 3357 aptior2

160 3399 203 3446 ac
237 3373 422 3472 pulchrior
452 3373 654 3447 habebitur.
708 3373 831 3446 nNam
867 3373 991 3447 solutis
1025 3375 1155 3473 longis,
1188 3373 1262 3446 sive

159 3505 312 3588 utraque
338 3489 427 3586 ejus,
453 3489 527 3564 sive
552 3490 687 3563 alterna
713 3489 752 3562 in
779 3487 867 3562 duas
889 3489 1024 3578 breves,
1049 3515 1111 3562 seu
1137 3501 1262 3563 contra

160 3607 333 3679 connexis
359 3607 396 3679 in
423 3633 533 3679 unam
555 3607 701 3705 longam
719 3604 859 3679 duabus
886 3605 1065 3691 brevibus,
1082 3605 1155 3678 vim
1179 3631 1262 3705 pro-

161 3722 248 3822 priae
263 3735 400 3796 naturae
415 3721 638 3819 modumque
655 3721 863 3822 corrumpit,
881 3735 989 3819 atque
1006 3747 1050 3794 ex
1070 3747 1107 3794 se
1123 3719 1262 3793 diversa

160 3865 292 3936 genera
309 3838 518 3938 speciesque
534 3837 711 3938 producit.
765 3837 875 3912 Unde
896 3839 1110 3937 plerumque
1136 3837 1262 3936 recipit

200 4056 319 4134 equod]
335 4055 401 4134 quia
413 4057 446 4114 P.
528 4054 781 4132 ltumummln]
800 4053 1078 4135 hyperchrematicon
1094 4057 1124 4114 P.
1197 4052 1205 4098 ¹
1220 4055 1261 4112 ri.

159 4137 240 4212 ridis]
255 4135 402 4214 viriperdis
417 4137 449 4196 P.
569 4133 669 4212 khoc]
687 4138 740 4194 hos
754 4138 786 4196 P.
903 4133 1054 4211 ¹eurrens]
1069 4146 1214 4194 currentes
1227 4137 1259 4196 P.

159 4293 183 4325 Ν
198 4283 271 4346 Quae
284 4281 322 4357 si]
339 4283 397 4346 Qui
411 4283 442 4341 P.
525 4293 541 4325 ¹¹
557 4283 647 4358 Nem]
664 4231 723 4341 nain
736 4283 769 4342 P.

204 4483 249 4540 ¹9·
271 4464 494 4540 ὑηρχμματικδν]
521 4462 602 4540 Lego
622 4467 691 4538 trop·
732 4463 898 4522 Nunnesius
909 4483 954 4543 ap.
965 4463 1155 4521 Senten'l'er.
1164 4461 1259 4520 Maur.

158 4543 306 4618 χημτικόν.
328 4541 462 4600 COMM.
498 4545 692 4619 ὑπορχηματικὴ
732 4563 760 4621 p.
774 4561 839 4600 100.
