3124 5120
129 419 217 468 car.
234 407 275 468 3.
467 393 530 466 De
545 393 778 491 Anopostioa
791 404 920 469 metro.
1176 409 1243 472 10³

181 579 276 654 Scio
291 577 485 676 quesitum
499 605 563 652 cur
577 577 797 678 dactylicum
816 579 968 679 singulis
985 577 1150 680 pedibus,
1164 605 1246 652 ana·
1262 605 1291 656 aa

8 699 9 708 ’
134 702 332 795 presticum
352 721 416 794 per
432 695 606 794 syzygiau
625 693 828 784 scandatur,
844 719 931 768 cum
952 692 1045 766 inter
1069 721 1108 768 se
1129 695 1248 770 omni-

133 813 266 886 fariam
307 823 521 908 congruant.
573 809 786 884 Persuasum
823 825 877 884 cst
911 809 1050 884 nullum
1088 824 1245 884 metrum
1263 841 1291 894 ¹9

135 929 358 1001 hexametro
375 952 481 1026 posse
494 951 573 998 esse
592 926 720 1022 majus.
771 925 989 1025 igiturcurn
1009 925 1246 1024 anapaesticus

8 1075 9 1078 ¹
135 1069 266 1118 versus
288 1057 326 1114 et
350 1053 490 1140 septem
515 1053 553 1114 et
573 1053 658 1114 octo
681 1039 815 1139 pedum
844 1041 1051 1140 reperiatur,
1070 1041 1247 1140 placuisse

139 1158 344 1255 majoribus
360 1183 444 1230 eum
473 1183 537 1255 per
558 1157 724 1256 syzygias
747 1155 851 1244 credi,
874 1183 949 1230 non
972 1155 1059 1230 alias
1081 1181 1191 1253 quarn
1216 1155 1245 1228 si

137 1275 312 1374 dactylus
338 1271 650 1372 supergrederetur
675 1272 938 1358 hexametrum,
954 1271 1080 1368 utique
1105 1299 1169 1372 per
1188 1299 1247 1371 sy·

139 1393 263 1491 sygias
291 1389 531 1463 scanderetur.
584 1389 670 1462 Hoc
692 1388 773 1462 loco
799 1385 934 1476 dicam,
959 1411 1035 1476 cur,
1060 1413 1144 1462 cum
1173 1387 1290 1478 sintae

139 1508 223 1580 duae
242 1505 395 1606 periodi,
410 1531 475 1578 seu
492 1505 653 1590 stasima,
669 1519 710 1578 ut
728 1503 876 1601 quidam
895 1515 1036 1592 vocant,
1053 1503 1130 1601 pari
1154 1503 1247 1579 inter

140 1651 178 1695 se
194 1621 454 1720 conjugatione
472 1619 650 1718 copulata,
667 1621 819 1694 alterurn
835 1631 983 1692 vocetur
995 1619 1246 1717 anapaesticon,

140 1741 297 1813 alterum
317 1737 534 1836 dactylicon,
551 1763 635 1810 cum
653 1763 755 1835 aeque
770 1735 806 1808 in
825 1747 977 1832 utraque
993 1734 1125 1812 cadant
1141 1735 1247 1810 mixti

140 1857 314 1956 dactylus
330 1871 370 1929 et
384 1869 598 1954 anapaestus.
626 1852 745 1926 Causa
762 1852 855 1944 talis,
872 1851 971 1950 quod
987 1853 1244 1952 anapaesticum
1259 1878 1287 1914 ²¹

140 1973 258 2046 melos
285 1972 380 2044 binis
406 1970 560 2072 pedibus
586 1982 684 2042 amat
707 1993 854 2041 sensum
876 1967 1072 2060 includere,
1089 1982 1129 2042 ut
1148 1967 1244 2068 apud

139 2087 326 2175 hionium,

190 2202 350 2302 Inclyte,
363 2227 481 2300 paruo
493 2201 648 2298 predita
659 2201 798 2297 patria,
815 2199 960 2274 nomine
976 2197 1121 2290 celebri,

196 2319 382 2417 Claroque
392 2329 524 2415 potens
536 2325 693 2414 pectore,
711 2315 863 2392 Achiuis
880 2315 1054 2391 classibus
1070 2327 1210 2392 auctor.

142 2435 238 2516 Quae
256 2433 423 2532 periodus
442 2433 537 2508 circa
553 2459 615 2506 sex
635 2447 795 2506 versatur
810 2433 985 2534 dipodius.
1025 2433 1161 2506 Contra
1179 2435 1242 2507 Pa·
1259 2463 1289 2500 ιι

143 2549 272 2622 curius
301 2574 431 2622 novare
459 2549 685 2648 propositum
717 2548 851 2634 volens,
879 2551 994 2624 noluit
1021 2547 1114 2622 intra
1143 2547 1247 2622 binos

142 2665 268 2766 pedes,
286 2685 326 2738 ut
341 2665 519 2763 superius,
535 2665 639 2738 finire
656 2691 814 2751 sensum,
832 2665 893 2738 sed
921 2662 1121 2738 secundum
1141 2663 1247 2738 Euri-

142 2781 265 2882 pidem
282 2780 502 2881 dactylicum
522 2795 690 2871 metrum,
702 2781 800 2880 quod
826 2782 1038 2882 appelletur,
1060 2781 1248 2872 minduxit,

144 2911 185 2970 ut
202 2897 364 2970 nominis
379 2897 534 2971 mutatio
552 2897 794 2972 diversitatem
812 2896 925 2986 daret,
940 2897 1147 2996 hujusmodi
1174 2913 1247 2973 stu·

143 3013 248 3102 simo,
266 3039 331 3086 seu
348 3013 506 3112 periodo,
522 3041 629 3088 usust
965 3023 968 3034 '

192 3129 327 3229 Agite,
342 3129 405 3218 ite,
420 3129 561 3220 volvite,
578 3131 710 3228 rapite,
728 3154 830 3204 coma
847 3137 1006 3202 tractate
1018 3155 1090 3226 per

194 3244 341 3342 Aspera
355 3269 447 3318 sarra
465 3257 502 3320 ct
518 3247 677 3338 tamum,
693 3245 871 3320 ”scindite
885 3255 1021 3318 vestem
1037 3245 1148 3318 ocirrn

144 3361 257 3460 Apud
280 3359 531 3451 ⁰Alcmanem,
554 3362 753 3462 disciplinas
781 3359 889 3458 hujus
909 3361 1098 3458 antiquum
1126 3374 1291 3437 aucto-²³

143 3503 234 3564 rem,
253 3477 426 3575 reperitur
447 3479 652 3552 trimetrum
676 3477 927 3554 catalecticum
956 3475 992 3550 in
1020 3475 1170 3576 syllaba,
1187 3476 1246 3551 oui

143 3593 173 3664 si
202 3619 275 3665 una
298 3593 405 3691 longa
433 3609 661 3695 preponatur
686 3595 838 3691 syllaba,
865 3594 928 3666 fiet
950 3593 1123 3667 heroum:
1150 3591 1248 3690 quud

143 3725 200 3781 est
218 3711 310 3793 tale3

200 3827 379 3906 Quamvis
396 3851 462 3926 ego
473 3851 544 3924 per
559 3823 837 3900 montesalaccr
847 3849 1093 3925 properarern.

146 3941 292 4014 Herous
310 3943 371 4032 ita,

196 4058 273 4131 Sed
287 4061 452 4158 quumvis
469 4087 534 4162 ego
546 4086 618 4159 per
634 4068 772 4132 montes
789 4055 912 4129 alacer
923 4078 1172 4152 properarem,

145 4173 259 4271 CuJ'us
288 4199 463 4250 mensurae
480 4191 534 4250 est
552 4177 621 4248 hoo
639 4199 785 4271 quoque
802 4185 969 4260 metrum,
984 4169 1080 4267 quod
1110 4169 1248 4242 Messe·
1262 4191 1293 4238 ²4

184 4443 194 4486 ¹
208 4440 337 4524 Actium]
353 4441 470 4504 Accium
486 4443 516 4500 P.
634 4449 659 4482 ω
673 4436 796 4512 inducit]
813 4435 923 4496 induxit
937 4437 967 4494 P.
1082 4447 1098 4479 ¹¹
1113 4429 1248 4505 scindite]

146 4523 274 4584 scandite
288 4527 319 4584 P.
403 4524 613 4598 ⁰Alcmanem]
631 4519 795 4580 Alcnrenem
811 4519 841 4575 P.
