3082 5140
128 425 215 476 car.
231 419 266 476 2.
461 403 526 476 De
542 403 682 476 Matris
702 404 914 480 Oratorum.
1164 417 1232 478 401

128 587 285 670 “Quasi
314 613 398 661 vero
425 586 656 662 W'l'rallianus
681 587 790 662 fucrit
822 587 1103 676 Demosthenes,
1132 588 1236 684 eujus

128 714 343 776 “nontam
371 703 553 778 vibrarent
582 704 735 778 fulmina
767 704 838 794 illa,
865 705 932 778 nisi
965 705 1124 778 numeria
1152 731 1237 778 con·

130 829 156 860 ‘⁴
175 831 269 892 torta
285 819 493 894 ferrentur.”

129 1035 271 1099 ¹Versus
286 1035 396 1100 Rufini
412 1035 470 1100 viri
485 1035 644 1102 clarissimi
658 1036 698 1100 de
713 1036 850 1102 numeris
864 1049 896 1102 et
913 1036 1048 1124 pedibus
1062 1051 1235 1102 oratorum:
1250 1051 1282 1102 39

176 1168 228 1206 ¹¹¹
243 1163 389 1226 Creticus
402 1171 460 1228 aut
474 1163 631 1251 spondeus
645 1165 707 1228 crit
720 1177 871 1252 tpoeauue
884 1185 1063 1251 supremus.

218 1264 402 1350 ‘Dactylus
415 1273 509 1352 atqua
523 1265 679 1329 troclraear
692 1266 792 1344 adam,
809 1267 858 1329 uel
870 1289 982 1330 cursor
995 1269 1130 1344 iambus,

218 1365 399 1430 ³Parribus
413 1369 449 1429 iu
464 1370 585 1458 cunctis
599 1370 654 1454 qui
664 1370 801 1454 ponitur
814 1378 888 1432 oute
899 1391 1092 1456 supremum.

218 1475 233 1512 ⁴
251 1469 498 1556 Temporibasue
508 1492 607 1556 pares
620 1470 676 1534 has
689 1492 795 1534 amnes
810 1471 939 1535 reddare
951 1481 1096 1558 possunt,
1217 1506 1220 1512 ν

220 1579 232 1615 ⁵
244 1572 374 1638 Solvere
387 1593 443 1637 seu
458 1573 574 1660 bagua
589 1575 682 1638 malis
697 1583 733 1638 ut
747 1575 869 1661 syllaba
883 1583 1009 1639 creseat.

220 1673 425 1738 wlewich
439 1675 527 1738 Asioe
534 1675 660 1761 placarit
674 1677 798 1762 bisflne
812 1677 973 1742 traciam.

221 1777 416 1864 ⁷Prirrcs'pia
432 1787 481 1842 zer
494 1779 643 1856 medium,
659 1781 793 1864 etfiacm
808 1781 865 1844 tibi
877 1780 1036 1866 declaratus
1050 1789 1155 1844 ornat.

182 1905 332 1980 ‘Cicero
358 1905 403 1978 de
427 1905 562 1996 incisis,
585 1921 621 1978 et
649 1907 833 1996 membris,
859 1920 895 1980 et
920 1907 965 1980 de
989 1907 1141 1981 circuitu
1165 1908 1236 1981 sic:
1251 1937 1284 1984 ⁴0

134 2033 156 2064 “
179 2023 214 2095 0
240 2022 296 2095 Μ.
316 2021 446 2095 Druse
466 2033 612 2119 patrem
639 2023 794 2120 appella,
819 2023 896 2096 haec
922 2023 1067 2120 quidem
1096 2022 1236 2098 duobus

133 2149 156 2180 “
176 2138 212 2210 in
232 2138 287 2210 his
313 2135 467 2238 pedibus
490 2138 656 2210 incisim:
686 2139 816 2212 deinde
841 2140 1084 2230 membratim,
1109 2140 1166 2213 qh
1185 2143 1238 2214 di-

133 2265 156 2295 “
175 2280 256 2354 cere
281 2253 423 2327 solebas
450 2279 594 2327 sacram
618 2281 694 2328 esse
714 2281 828 2352 remp.
854 2256 931 2328 hacc
957 2255 1045 2328 item
1075 2257 1238 2330 membra

134 2381 157 2412 “
175 2370 297 2443 ternis.
323 2369 410 2442 Post
423 2370 592 2456 ambitus,
607 2372 810 2469 quicunque
822 2369 992 2443 violasset
1009 2370 1055 2442 ab
1072 2371 1237 2444 omuibus

133 2497 156 2527 “
177 2510 253 2558 esse
271 2485 305 2557 ei
315 2507 445 2582 paenas
456 2485 679 2583 persolutus,
697 2485 898 2559 dichoreus.
950 2485 1054 2558 Nihil
1074 2486 1171 2558 enim
1191 2485 1236 2558 ad

132 2611 155 2643 ‘⁴
174 2627 263 2686 rem,
274 2613 436 2673 extrema
455 2601 513 2673 illa
531 2603 639 2699 longa
657 2601 702 2673 sit
721 2627 766 2672 an
780 2600 908 2673 brevis.
945 2599 1100 2686 Deinde,
1116 2601 1237 2700 patris

134 2727 156 2759 ‘⁴
177 2717 313 2790 dictum
329 2718 475 2816 sapiens
488 2719 678 2791 temeritas
680 2713 767 2816 filii
780 2717 1032 2814 comprobavit.
1061 2717 1169 2790 bHoc
1183 2717 1236 2790 di-

133 2847 159 2906 ⁴⁴.
175 2835 307 2907 choreo
324 2847 446 2908 tantus
464 2835 600 2908 clamor
620 2835 803 2909 concionis
829 2835 1005 2908 excitatus
1032 2849 1097 2926 est,
1114 2849 1156 2908 ut
1173 2835 1234 2908 ad-

71 2935 77 2944 *
133 2961 156 2993 “
176 2949 339 3023 mirabile
356 2963 461 3023 esset.
515 2951 660 3037 Quaero,
674 2961 782 3022 enum
802 2977 848 3022 ne
866 2950 902 3022 id
922 2977 1094 3024 numerus
1111 2952 1236 3026 effece-

133 3077 156 3108 “
174 3064 245 3137 rit?
271 3065 463 3137 verborum
482 3065 643 3139 ordinem
663 3065 851 3156 diminuta,
868 3067 926 3139 fac
944 3067 1005 3153 sic,
1028 3069 1235 3167 comprobo·
1254 3053 1260 3062 ¹

133 3193 156 3224 ‘⁴
173 3181 227 3255 vit
237 3179 323 3280 filii
345 3183 556 3256 temeritas:
578 3181 658 3278 jam
681 3183 770 3255 nihil
799 3183 877 3269 erit,
896 3183 961 3256 etsi
981 3185 1169 3257 temeritas
1188 3211 1234 3258 ex

132 3308 155 3339 “
175 3297 289 3370 tribus
321 3297 489 3371 brevibus
518 3313 554 3372 et
583 3299 692 3397 longa
719 3313 784 3388 est,
810 3325 919 3396 quem
949 3299 1162 3372 Aristotcles
1194 3315 1235 3374 ut

132 3413 354 3512 “optimum
381 3415 539 3514 probat.’'
590 3415 712 3489 eIdem
740 3417 869 3490 Cicero
894 3429 1019 3515 postea
1045 3417 1097 3490 sie
1124 3417 1276 3497 dicitza

131 3541 155 3571 ‘⁴
174 3529 244 3603 Sed
264 3543 349 3604 sunt
362 3532 532 3604 clausulae
551 3530 683 3628 plures,
696 3559 776 3628 quae
795 3559 985 3606 numerose
1002 3547 1039 3606 et
1057 3533 1234 3630 ‘jucunde

131 3657 154 3688 “
173 3645 320 3720 cadunt.
371 3647 470 3720 Nam
490 3649 654 3738 creticus,
670 3649 733 3746 qui
753 3663 870 3723 estex
889 3650 1050 3750 longaet
1074 3655 1171 3728 brevi
1196 3669 1234 3728 et

130 3768 154 3800 “
173 3758 292 3859 longa,
309 3771 345 3832 et
362 3759 439 3856 ejus
457 3762 605 3859 aequalis
633 3777 771 3864 sspaean,
789 3765 851 3864 qui
874 3767 990 3867 spatio
1008 3795 1073 3868 par
1095 3769 1233 3868 syllaba

170 4059 193 4092 '¹
205 4049 381 4128 Trallianus]
398 4055 535 4114 trohanus
551 4055 623 4114 Ven.
750 4067 766 4100 ¹
779 4059 1070 4116 Versus-oratorum
1086 4075 1143 4116 om.
1159 4059 1232 4120 Van.

129 4131 486 4208 ¹¹146257gordo
499 4137 529 4193 in
545 4137 619 4196 Vcn.
710 4139 1017 4216 rpoeaanaeaoVen.
1100 4150 1159 4200 ἐι
1173 4163 1233 4204 me.

130 4211 208 4270 dium
222 4225 253 4270 et
267 4213 366 4289 linem]
383 4227 413 4273 et
427 4215 512 4274 finem
526 4229 556 4275 et
570 4217 694 4276 medium
710 4219 783 4276 Ven.
890 4229 906 4262 Β
917 4218 1031 4292 Cicero]
1047 4219 1127 4279 Orat.
1140 4243 1166 4282 c.
1181 4224 1230 4300 63.

130 4291 313 4352 Cicero-sic
341 4314 400 4355 om.
421 4297 495 4355 Ven.
627 4295 643 4340 ¹²
666 4299 720 4356 boc
744 4298 890 4373 dichoreo]
916 4299 963 4358 hic
986 4297 1135 4361 dichoreus
1159 4307 1231 4364 Ven.

130 4384 144 4416 ⁶
159 4376 281 4449 numne]
300 4395 396 4434 nonne
410 4377 484 4436 Ven.
575 4375 741 4454 dinnao]
760 4377 848 4436 immo
863 4379 934 4438 Ven.
1032 4385 1232 4444 eluens-sed

130 4473 189 4512 orn.
204 4455 278 4513 Ven.
293 4475 358 4514 cum
374 4456 485 4515 lacuna.
616 4457 775 4538 errerrnde]
788 4457 915 4534 jocunde
929 4463 1001 4520 Ven.
1019 4467 1153 4543 jucundae
1168 4467 1231 4526 Ald.

118 4545 148 4622 ¹8
163 4535 257 4613 paean]
274 4555 355 4614 paeon
372 4537 444 4595 Ven.

652 4647 714 4708 3r
