3076 5140
294 423 367 484 220
679 405 802 480 Marii
822 408 1010 482 Victorini
1251 435 1325 483 ura.
1345 435 1403 484 ιν.

293 591 517 691 provelrunt;
544 589 593 662 ita
611 615 689 662 esse
709 605 817 688 atque
840 592 890 664 ita
916 593 1038 666 haberi
1056 591 1164 668 docet
1187 621 1310 668 eorum
1334 621 1405 667 ex-

294 707 458 806 emplum
476 705 558 803 ’qui
583 707 672 780 sacri
698 706 826 780 furoris
852 709 1057 808 spiratione,
1082 725 1124 782 ut
1148 709 1318 796 diximus,
1336 737 1407 782 en-

295 822 520 896 thusiasmon
540 821 637 921 pleni
655 849 717 897 ore
739 824 904 897 intonant
922 827 1070 923 tragico,
1088 853 1157 899 nec
1181 841 1285 899 sonat
1302 853 1405 899 mor-

295 940 379 1028 tale,
396 939 491 1036 quod
511 951 657 1012 canunt.
710 939 768 1012 De
787 965 940 1035 quorum
964 954 1085 1014 mente
1103 967 1144 1014 ac
1161 941 1404 1014 similitudine

295 1069 411 1154 pootae
438 1054 534 1154 apud
560 1081 638 1140 nos,
655 1055 754 1127 velut
776 1051 904 1126 eodem
930 1055 1048 1127 calore
1074 1055 1219 1128 excitati
1243 1055 1286 1128 ad
1309 1083 1404 1154 pan-

254 1169 413 1268 ngenda
445 1171 616 1258 carmina,
648 1183 747 1242 vates
786 1169 954 1268 appellati
995 1171 1242 1268 perlribentur.
1296 1172 1404 1244 Plato

297 1285 405 1358 etiam
434 1285 540 1382 hujus
567 1284 615 1356 rei
642 1285 744 1356 tastis
766 1297 832 1372 est,
851 1311 1008 1358 asserens
1027 1312 1226 1385 numquam
1252 1301 1401 1386 poetam

298 1428 441 1476 carmen
476 1429 581 1500 posse
607 1401 841 1486 memorabile
870 1403 948 1474 sine
981 1401 1154 1474 instinctu
1184 1403 1312 1474 luroris
1347 1402 1404 1474 as-

297 1517 398 1590 ferre.
451 1515 561 1590 Unde
587 1515 681 1614 apud
708 1529 844 1588 veteres
874 1516 1038 1615 plerique
1068 1531 1253 1614 poetarum
1282 1533 1403 1590 orato-

299 1658 451 1730 rumque
481 1631 525 1703 ad
553 1629 784 1703 excitandum
816 1631 971 1704 calorem
1002 1632 1112 1704 animi
1144 1636 1227 1705 vino
1258 1633 1403 1722 hausto,

298 1747 397 1819 velut
414 1745 595 1819 incentivo
612 1745 787 1844 torpentis
814 1743 849 1817 in
872 1771 909 1818 se
927 1761 1074 1836 naturae,
1090 1773 1153 1820 seu
1172 1748 1320 1821 senioris
1347 1749 1403 1819 in-

299 1862 406 1962 genii,
424 1887 506 1934 eum
532 1859 568 1932 id
593 1860 660 1932 sibi
687 1860 840 1959 pulchre
862 1863 1069 1960 provenisse
1083 1877 1235 1964 experto
1255 1863 1403 1936 didicis-

299 1993 390 2067 sent,
403 1979 613 2077 scripturam
629 1977 801 2076 propositi
816 1977 933 2078 operis
943 1977 1256 2076 adgrediebantur.
1280 1979 1402 2052 Testis

300 2093 407 2189 hujus
424 2093 473 2166 rei
491 2093 600 2166 etiam
622 2091 808 2177 Horatius,
826 2091 922 2192 apud
941 2119 1052 2190 quem
1071 2095 1262 2194 *legimus

498 2207 695 2282 Narratur
713 2219 748 2282 et
760 2207 877 2305 pulsai
896 2205 1048 2282 Catonis

498 2323 603 2422 Saepe
619 2351 716 2398 meru
733 2325 926 2398 incaluisse
941 2325 1071 2398 uirtus.

257 2439 379 2514 uNec
406 2439 526 2513 minus
551 2441 736 2540 voluptate
766 2440 802 2512 in
830 2465 938 2538 opere
967 2439 1104 2514 musico
1127 2439 1296 2514 alacriora
1322 2439 1405 2514 red-

299 2557 435 2631 duntur
464 2557 618 2656 ingenia.
670 2555 770 2639 Quid
799 2557 896 2628 enim
928 2555 1095 2629 relaxatis
1126 2558 1171 2629 ab
1198 2583 1240 2630 ea
1270 2557 1403 2629 nostris

300 2675 463 2747 sensibus
480 2699 590 2772 quam
608 2697 734 2746 canere
760 2671 859 2744 cordi
880 2670 961 2743 est?
990 2671 1048 2744 lra
1064 2673 1172 2745 etiam
1200 2671 1401 2772 plurimum

299 2788 466 2887 ponderis
485 2787 521 2860 in
540 2787 617 2861 liaec
635 2785 753 2860 studia
767 2787 929 2859 sensibus
947 2786 1076 2860 nostris
1093 2785 1204 2873 dabit,
1220 2785 1405 2860 bexciuto

300 2903 397 2976 enim
416 2901 558 2975 cardore
576 2901 730 2975 stimulis
758 2901 831 2974 suis
857 2901 902 2974 ad
920 2901 1073 2974 calorem
1093 2901 1228 3000 ingenii
1256 2927 1406 3001 praeser-

258 3045 285 3094 ¹³
300 3019 379 3107 tim,
397 3031 564 3118 suscepto
580 3017 697 3118 operis
716 3017 903 3114 facilisque
929 3017 1123 3116 praestabit.
1176 3017 1277 3090 Hine
1295 3016 1406 3090 credo

341 3231 430 3310 aqui]
446 3234 522 3310 quod
537 3234 569 3291 P.
652 3234 815 3312 ⁸legimus]
834 3231 963 3312 legimus,
978 3245 1012 3290 ut
1026 3233 1056 3292 P.
1143 3229 1159 3276 l
1174 3231 1310 3308 excitato]
1326 3235 1405 3292 uoi-

300 3326 375 3372 tatos
390 3313 424 3370 P.
507 3313 646 3390 eardore]
663 3313 762 3372 ardore
776 3327 820 3372 est
834 3315 865 3370 P.

345 3501 390 3540 ιο.
418 3482 558 3558 pleniore]
584 3481 761 3542 Camerarius
789 3483 830 3542 le·
871 3491 918 3540 τὸν
940 3485 1087 3555 μαινομένων
1118 3483 1133 3552 ἦ
1161 3491 1204 3540 τοῦ
1231 3493 1406 3562 nuppu‘mse

302 3565 426 3644 gendum
456 3561 622 3640 suspicatur,
649 3565 714 3620 dam
749 3567 830 3640 pleno
861 3566 1004 3642 ἠφανίσθη.
1026 3563 1178 3622 cAMER„

302 3663 349 3700 ore
359 3645 486 3700 intonant
499 3646 615 3716 tragica.
651 3642 727 3706 Quid
747 3645 770 3702 si
790 3644 831 3701 le·
917 3661 961 3701 12.
986 3651 1108 3718 suscepto
1130 3648 1217 3718 operis
1234 3644 1400 3720 facilisque]

302 3724 373 3802 gaal
417 3726 490 3780 sacri
527 3723 639 3798 suroris
683 3726 832 3799 miratione
872 3723 983 3782 Isocrmr
1006 3743 1068 3781 esse
1091 3725 1258 3782 mendosum
1281 3737 1311 3782 et
1334 3726 1404 3802 quid

305 3807 395 3884 (quem
436 3807 553 3862 divimus
603 3805 828 3878 cathasta-nnana)
871 3807 955 3864 etiam
979 3803 1193 3882 intelligendum
1216 3805 1254 3862 sit
1275 3820 1403 3884 apparet.

301 3889 447 3961 pleni,ore
468 3887 595 3940 intonant
615 3888 730 3958 tragico.
773 3885 830 3942 Hie
873 3885 1185 3962 Dicitenimpnestare
1204 3886 1275 3942 iram
1297 3885 1404 3944 alacres

303 3977 379 4024 certe
403 3969 573 4036 στοχάζεσθαι
595 3963 722 4022 liberum.
760 3964 831 4024 Vide
871 3979 901 4024 et
930 3965 1024 4022 faciles
1050 3966 1173 4024 excitato
1196 3967 1295 4024 ardore
1315 3967 1405 4025 animi

303 4047 452 4104 Platonem
469 4044 497 4101 in
514 4044 644 4102 Phaedro.
666 4045 798 4102 COMM.
873 4045 995 4104 maxime
1009 4045 1102 4102 oalore
1123 4045 1226 4124 ingenii
1240 4047 1403 4116 accedente,

349 4145 393 4184 ιι.
424 4125 521 4200 Plato]
557 4127 652 4184 Notus
687 4125 765 4184 loctu
796 4126 832 4184 da
872 4127 928 4185 hoa
945 4137 998 4190 eat.
1014 4125 1037 4184 si
1056 4124 1135 4204 prius
1155 4127 1249 4204 aliqua
1264 4126 1302 4186 sit
1320 4139 1404 4185 natu.
1519 4139 1520 4154 ³

305 4205 430 4268 Platonis
450 4205 568 4264 Phaedro
593 4207 634 4283 [p.
651 4221 706 4282 245
723 4207 772 4279 A.]
787 4205 833 4272 *ος
874 4227 911 4264 ras
923 4206 1109 4265 vehementia.
1149 4207 1292 4266 Musicum
1307 4223 1404 4266 autem

303 4291 323 4344 t
339 4283 370 4343 ἂν
382 4285 439 4342 ἄιεν
452 4291 543 4359 μυίας
563 4295 666 4344 Μουσῶν
679 4289 719 4346 lul
739 4311 833 4356 ποιητι.
873 4307 970 4346 amore
993 4286 1097 4352 dooeri,
1123 4287 1270 4364 proverbio
1290 4307 1405 4366 quoque

303 4370 350 4430 κάς
370 4371 441 4441 θύρας
460 4371 592 4443 ἀφίκηται,
607 4369 714 4433 πεισθεὶς
733 4373 764 4433 ὥς
783 4367 833 4442 ἄρα
873 4367 962 4425 senar
982 4381 1011 4426 et
1032 4381 1225 4427 memorantur
1239 4387 1333 4428 sersus
1346 4369 1405 4427 duo

303 4453 330 4505 dn
345 4449 431 4518 τέχνης
444 4447 522 4512 Ικανὸς
531 4449 627 4517 ποιητὴς
640 4447 759 4518 ἐσόμενοι,
770 4453 830 4504 dra·
872 4447 908 4505 de
932 4447 1075 4524 poematlo
1097 4449 1220 4526 quodum
1249 4447 1340 4508 Nitaloe
1368 4451 1404 4506 ud

303 4529 346 4597 λῆς
365 4529 438 4593 αὐτός
457 4551 486 4584 τι
510 4529 553 4586 nai
577 4527 592 4597 ἡ
612 4532 705 4598 ποίησις
727 4529 770 4584 ὑπὸ
789 4531 833 4596 τῆς
872 4527 1056 4587 Theocritum
1072 4528 1117 4586 hi:
1140 4525 1168 4599 ἦν
1185 4531 1223 4606 ἄρ’
1238 4529 1328 4600 olandia
1347 4537 1403 4587 τοῦ·
1518 4525 1519 4569 l
