3082 5140
128 429 211 478 cor.
227 419 285 480 28.
489 410 553 484 De
568 412 695 486 metris
713 411 880 488 Horatii.
1155 413 1224 488 ³61

125 590 325 664 iambicum
345 605 502 684 curtum,
521 595 617 690 quod
636 610 674 669 et
697 597 1021 696 hendecasyllabon
1040 597 1177 686 dicunt,
1193 617 1230 670 et

124 703 213 778 facit
229 707 430 780 trimetrum
451 709 611 807 plenum,

257 820 332 886 Meo
345 823 468 890 renidet
482 825 518 888 in
532 826 622 890 domo
635 827 791 898 meur.-

125 929 231 1019 sicut,

218 1045 425 1134 Troianique
439 1049 538 1110 ciccae
552 1051 708 1114 machino
722 1053 917 1115 ecoriooloe.

128 1229 216 1311 [ΙΙΙ.
232 1229 296 1314 12.]
320 1229 519 1296 Miserarum
534 1241 579 1296 eet
593 1254 692 1320 oeque
705 1235 807 1298 amori
822 1233 899 1298 tiore
913 1234 1023 1298 ludum
1239 1255 1271 1301 32

318 1331 430 1420 Neque
443 1332 527 1396 deici
542 1335 627 1398 molo
643 1337 717 1399 vino
731 1337 836 1400 lovere
850 1343 908 1400 out
921 1355 974 1400 ee·

319 1435 460 1496 ottimori
474 1443 642 1501 metuentes
650 1447 782 1523 patroae
797 1439 926 1500 ver-bero
939 1438 1074 1524 liugom.
1181 1514 1184 1520 .

127 1557 265 1632 Omnes
282 1560 413 1634 tinniet
431 1563 483 1635 ἀπ’
501 1564 663 1664 ἐλάᾳσονος
681 1578 765 1636 eunt
790 1563 1002 1654 catalectici,
1020 1564 1093 1638 duo
1119 1565 1224 1664 primi

125 1675 288 1765 trimetri,
307 1677 431 1752 tertius
448 1691 665 1751 tetrameter.

137 1872 213 1956 [lv.
226 1874 271 1960 7.]
295 1875 466 1962 Diffugere
479 1878 570 1942 niver
584 1875 716 1942 redeunt
718 1837 795 1962 joni
805 1878 964 1964 &omero
977 1878 1107 1964 campie,
1237 1907 1268 1954 ³3

297 1978 528 2066 Arboribueque
542 1999 657 2041 corrice:

124 2102 264 2202 primus
291 2103 500 2178 hexameter
531 2104 681 2190 heroue3
717 2103 874 2178 secundo
903 2131 983 2204 pars
1017 2105 1223 2204 penthemi-

123 2218 252 2290 merim
282 2218 399 2304 habet,
418 2219 513 2316 quod
546 2222 711 2295 iteratum
743 2221 921 2318 integrum
953 2234 1219 2317 pentametrum

123 2330 243 2416 faciet,

312 2431 555 2519 ‘At-omittoque
569 2456 675 2496 comte.

141 2613 217 2697 [IV.
235 2615 298 2697 ια]
325 2614 501 2680 Omitielie
515 2615 618 2680 editoe
632 2625 662 2680 et
683 2617 808 2682 Venerio
822 2617 1006 2680 marteribus
1014 2623 1137 2702 potem.
1237 2643 1270 2690 3⁴

125 2715 179 2788 Hi
206 2741 330 2790 omnes
348 2743 421 2816 quo
447 2717 568 2790 minus
596 2717 728 2790 heroici
755 2717 952 2790 hexametri
980 2715 1050 2789 dici
1079 2727 1225 2814 possent

124 2831 361 2905 commutatio
378 2833 493 2928 quarti
522 2831 623 2932 pedis
644 2833 750 2918 fecit;
785 2859 869 2905 nom
898 2859 963 2931 pro
981 2829 1125 2930 dactylo
1143 2855 1226 2902 ona·

123 2960 276 3046 poeetum
295 2947 460 3020 *habent
513 2947 631 3020 Simul
650 2961 686 3020 et
710 2947 799 3020 iilud
818 2945 1011 3019 videndum
1028 2943 1125 3041 quod
1144 2945 1226 3016 nul-

123 3063 197 3134 lom
217 3063 351 3134 haberit
367 3064 574 3138 varietatem
595 3061 741 3162 pfflum.
793 3061 863 3134 Sed
882 3061 969 3134 ordo
993 3059 1088 3135 idem
1108 3059 1226 3132 omni·

124 3176 204 3264 bue,
221 3180 277 3247 tut
294 3177 452 3275 primum
472 3193 509 3250 et
526 3178 673 3250 tertium
692 3177 891 3275 spondeum
912 3176 1080 3262 babeant,
1099 3200 1225 3246 secun-

123 3291 211 3363 dum
231 3305 267 3364 ct
284 3292 453 3390 quintum
475 3306 512 3366 et
535 3305 677 3368 mtrem
700 3291 875 3390 dactylos,
894 3303 1062 3387 quartum
1085 3313 1224 3386 enopoe·

124 3421 235 3496 etum,
253 3433 316 3505 per
332 3407 429 3504 quod
455 3421 491 3481 et
517 3408 734 3508 syllabarum
753 3430 822 3479 xv1
841 3431 1012 3480 numerus
1038 3404 1077 3476 in
1105 3402 1224 3476 omni·

124 3523 192 3596 bus
210 3537 423 3622 perseverat.

173 3637 285 3713 Nunc
308 3638 353 3712 de
376 3637 527 3739 Epodis,
544 3638 717 3735 quoniam
741 3664 848 3738 supro
871 3637 1045 3736 originem
1064 3635 1222 3710 nominis
1235 3671 1266 3721 ³5

122 3751 211 3840 dixi,
230 3767 343 3826 metra
368 3781 491 3827 eorum
520 3779 727 3851 quanquam
753 3755 930 3852 simplicia
957 3753 1040 3842 sint,
1056 3765 1094 3824 et
1119 3750 1223 3824 intel-

123 3869 219 3942 lectu
232 3869 362 3957 facilia,
379 3885 500 3945 tomen
521 3870 673 3944 breviter
690 3895 887 3944 excurram.

214 4033 274 4117 [I.]
296 4035 364 4098 Ibie
378 4035 534 4099 Libwmie
548 4036 633 4100 inter
645 4035 714 4098 olto
727 4036 859 4098 noviom

380 4137 488 4200 Amice
499 4137 755 4225 propugnaculo.

163 4371 314 4446 verim]
332 4372 471 4429 corirtuioe
484 4371 520 4429 V.
602 4380 618 4425 t
632 4367 729 4442 ionici]
746 4367 781 4424 V.
796 4365 876 4424 addit
887 4370 931 4422 ἀπ’
947 4367 1087 4432 ἐλάσσονος.
1149 4379 1222 4423 ror-

124 4451 283 4526 tantusque
297 4469 379 4510 comae
392 4449 435 4508 bie
450 4451 485 4507 V.
586 4459 598 4494 Ι
614 4447 708 4520 tabet]
726 4449 825 4506 iubent
838 4447 875 4504 V.
976 4443 1029 4502 tet
1039 4447 1173 4520 primum]
1190 4453 1222 4502 ot

120 4533 241 4604 primunr
255 4533 290 4590 V.
305 4544 335 4591 et
349 4551 414 4590 mox
429 4533 557 4590 habeant.

638 4637 704 4698 3Α
