3082 5140
169 432 251 484 cte.
267 423 301 484 5.
333 439 336 448 ·
598 411 660 484 De
676 409 849 486 Pedibus.
1199 429 1271 494 433

218 593 550 694 ''Amphibmchys‚
568 595 703 682 lanius,
721 595 976 696 amphibmuis,
992 597 1053 693 qui
1073 611 1110 672 ct
1130 601 1273 691 scolius,
1287 637 1317 672 η

168 725 309 786 constat
332 737 378 784 cx
404 711 558 784 breviat
585 710 691 810 longa
715 726 752 785 et
780 711 890 796 brevi,
916 724 1140 812 “temporum
1168 730 1273 812 quat-

167 839 259 917 tuor,
276 826 500 918 tie-Carina.
542 825 697 902 “Dictus
717 855 737 904 a
754 827 894 902 duabus
918 829 1086 904 brevibus
1104 831 1272 928 aquibus

168 969 213 1016 ex
241 957 392 1042 utraque
425 955 527 1042 perte
561 941 682 1016 media
709 944 816 1043 longa
846 943 1060 1022 continetur.
1112 947 1271 1022 eScolius

166 1085 313 1157 quoquc
331 1059 424 1149 idco,
444 1058 529 1157 quia
544 1058 710 1132 habiliter
727 1059 959 1158 componitur
974 1061 1099 1147 scolio,
1115 1061 1186 1136 fest
1209 1090 1271 1137 au-

166 1187 241 1249 tem
260 1176 407 1250 cithaun
425 1176 560 1276 specics
582 1175 762 1248 mensalia.

217 1292 318 1366 Huic
337 1291 534 1365 contrarius
549 1305 604 1365 cst
621 1291 903 1390 amphimacrus,
916 1291 1175 1383 Fescenninus,
1192 1320 1270 1366 am·
1285 1327 1314 1376 ῃ

165 1407 360 1502 phimeres‚
382 1433 491 1506 quam
519 1408 579 1482 alii
606 1409 779 1482 creticum
806 1409 1001 1508 appellant.
1053 1410 1207 1482 Constat
1223 1435 1270 1496 cx

167 1522 275 1622 longa
291 1537 331 1596 et
350 1523 448 1596 brevi
465 1537 503 1598 ct
523 1523 630 1621 longa
647 1536 856 1622 temporum
873 1523 1047 1621 quinque,
1063 1536 1116 1612 ut,
1133 1523 1269 1598 Demo·

163 1638 273 1736 phou.
298 1635 430 1712 Dictus
449 1639 627 1715 asinabus
645 1639 773 1738 longia,
792 1639 812 1712 a
829 1639 960 1737 quibus
976 1653 994 1702 ⁸
1000 1639 1181 1734 utrimque
1193 1664 1269 1712 mc-

165 1754 225 1828 dia
251 1755 366 1828 brevis
390 1755 630 1854 amplectitur.
674 1755 836 1828 Creticus
863 1781 1019 1854 quoque,
1040 1754 1126 1852 quia
1143 1753 1268 1828 Cretes

165 1869 329 1944 saltando
344 1869 421 1966 ejus
439 1870 646 1970 rhythmica
664 1871 926 1970 compositione
943 1871 1146 1944 utebantur.
1167 1903 1170 1914 ·

214 1986 408 2072 Bacchius,
421 1987 628 2074 OEnotriua
642 1985 854 2086 htripodius,
868 1987 1014 2076 saltans,
1025 2011 1133 2084 quem
1148 1984 1266 2060 Greci
1281 2019 1313 2066 24

164 2101 174 2150 ¹
179 2103 408 2202 pariambum
425 2101 564 2189 dictam,
582 2115 723 2178 constat
740 2129 785 2176 ex
804 2102 902 2176 brevi
920 2117 957 2176 et
973 2102 1113 2177 duabus
1139 2100 1267 2200 longis,

164 2230 369 2316 temporum
383 2218 556 2318 quinque,
568 2233 620 2309 ut,
631 2218 974 2320 Ageuur,Athcuu.
998 2218 1152 2292 J'Dictus
1162 2215 1267 2316 1(παρὰ

163 2334 222 2448 vlf
246 2337 386 2432 βάκχας,
404 2336 490 2433 quia
507 2335 767 2410 bacchantibus
793 2337 1048 2409 convenienter
1072 2360 1267 2431 compono-

164 2451 280 2524 batur.

216 2565 316 2640 Huic
341 2567 541 2640 contrarius
565 2583 619 2640 est
639 2566 937 2666 palimbacchius,
964 2564 1118 2656 ¹Letius,
1144 2567 1207 2668 qui
1228 2579 1307 2648 otu

164 2681 363 2768 Satmniua,
381 2682 542 2756 multima
561 2682 670 2768 bccvi,
687 2709 796 2779 quem
816 2680 963 2779 quidem
988 2680 1265 2782 propompicom

202 2931 467 3011 ”Amtibibracbyn
480 2931 572 2990 Jauua
587 2932 720 3010 utrinque
734 2930 824 2990 brevia
838 2930 885 3010 qui
900 2933 943 3006 ct]
958 2931 1159 3007 cumlibrucb'u
1165 2930 1264 3002 junius

162 3016 343 3090 amphibreuis
356 3017 422 3090 quia
436 3023 462 3072 ct
476 3015 510 3071 A.
531 3015 722 3092 umpfibcuchie
728 3011 816 3085 janus
831 3013 946 3086 (Juniua
958 3013 1007 3085 C.)
1023 3012 1204 3086 amphibreaie
1216 3016 1264 3087 qui

161 3103 189 3152 et
203 3095 272 3154 ΒΕ.
293 3097 474 3171 cinpbibreuis
488 3095 560 3152 Ven.
576 3114 626 3171 pro
640 3097 777 3170 utrimque
791 3095 886 3150 breuiu
977 3103 990 3134 ⁰
1003 3103 1137 3168 quattuor
1151 3103 1262 3169 tempo·

163 3177 239 3251 nim]
260 3185 410 3252 temporum
424 3183 556 3252 quattuor
570 3177 639 3234 A.C.
760 3170 777 3218 d
797 3171 889 3232 dictus
910 3173 1019 3246 autem]
1040 3179 1133 3228 cutem
1153 3191 1210 3228 om.
1226 3173 1260 3230 B.

162 3265 175 3299 ⁸
189 3255 363 3334 scoliusquc]
380 3259 497 3316 acholius
511 3275 616 3332 quoque
629 3257 665 3314 A.
686 3255 784 3312 acolius
798 3273 901 3332 quoquc
914 3255 949 3312 B.
971 3255 1069 3310 scolius
1083 3253 1116 3309 C.
1208 3249 1221 3294 1
1233 3251 1260 3310 id

160 3336 276 3396 cithara
291 3337 406 3416 species.
442 3335 520 3396 Huic
535 3355 666 3394 mensura
680 3334 836 3398 contrarius
849 3347 894 3392 eet
907 3331 1124 3411 amphimacrus,
1140 3331 1261 3390 fesceni-

162 3438 224 3488 nus‚
238 3417 438 3495 amphimarosu
453 3435 537 3495 quem
560 3416 605 3474 alii
620 3417 769 3490 creticum]
793 3425 833 3474 eat
846 3423 937 3472 autem
953 3415 1059 3472 cithare
1071 3414 1171 3487 specics
1184 3431 1259 3470 men-

159 3501 235 3559 salia.
258 3501 321 3558 huic
339 3503 494 3564 contrarius
513 3505 553 3555 est
566 3499 767 3574 amphimacrus
787 3505 818 3554 ul
830 3495 1008 3572 fescenninus
1020 3495 1169 3570 cmstmcres
1182 3511 1261 3568 quun

160 3583 211 3638 ulii
223 3583 341 3638 creticon
355 3582 390 3638 A.
404 3589 444 3638 cet
458 3587 550 3638 cutem
565 3579 686 3654 cythare
698 3581 798 3653 species
810 3579 873 3634 huic
886 3578 1011 3634 mensulis
1022 3573 1095 3632 Ven.
1111 3578 1140 3632 id
1153 3594 1212 3632 om.
1224 3575 1259 3632 Β.

161 3703 169 3718 .
184 3704 192 3718 .
209 3703 219 3722 .,
233 3704 240 3718 .
259 3663 360 3736 species
372 3663 499 3720 mensulis
513 3661 559 3736 qui
573 3663 689 3718 creticus
702 3660 868 3734 appelletur.
891 3659 954 3716 huic
966 3657 1119 3714 contrariam
1133 3663 1173 3712 est
1186 3676 1213 3714 a.
1228 3664 1260 3712 ut

150 3741 319 3817 fescennius,
331 3743 481 3818 omfimeree
494 3742 528 3799 B.
545 3749 585 3797 cet
598 3749 690 3798 cutem
705 3741 822 3814 cytisum
835 3739 944 3814 species.
967 3737 1041 3794 Huic
1054 3738 1180 3793 mensalis
1193 3754 1258 3791 cou-

160 3825 264 3880 trurs'ue
276 3831 317 3880 eu
330 3823 532 3898 capuanum
541 3822 712 3898 semermium
723 3821 922 3894 amphimacrus
932 3819 1007 3876 Vsu.
1021 3819 1111 3874 dictus
1122 3835 1141 3872 a
1154 3816 1260 3872 dunum

157 3905 348 3962 -utebuntur
360 3923 418 3964 om.
428 3905 463 3963 C.
489 3903 548 3961 Pro
561 3904 675 3962 cithara
688 3901 841 3960 Santcuius
855 3899 891 3958 ad
905 3899 1021 3956 Terent.
1035 3895 1131 3954 Maur.
1146 3913 1172 3970 p.
1187 3909 1226 3967 47
1230 3908 1257 3970 5.

158 3983 234 4058 conj.
250 3987 402 4043 cautium.
469 3995 487 4041 Β
501 3983 632 4062 utrinque
647 3982 737 4042 brevis
751 3982 857 4055 media]
874 3982 1010 4053 numque
1021 3978 1111 4034 medie
1125 3975 1211 4031 brevis
1222 3977 1257 4032 Α.

157 4069 248 4124 media
262 4067 349 4126 uem
365 4067 399 4124 B.
488 4063 505 4108 ¹¹
519 4063 659 4140 tripudias
671 4064 778 4122 saltans
791 4081 874 4138 quem
889 4058 996 4131 θεαί]
1013 4055 1166 4130 tripodium
1179 4073 1257 4128 micon

162 4147 250 4206 Greci
263 4147 334 4204 ΑΒ.
356 4148 503 4224 tiipudiau,
520 4147 636 4204 sulutem
651 4163 728 4219 quem
746 4143 834 4200 Greci
847 4143 880 4198 C.
905 4141 1037 4212 tripudias
1050 4137 1167 4192 salutem
1181 4135 1256 4192 Vcn.

157 4223 166 4268 ἱ
188 4227 379 4304 ριιὶαωὺιιηι]
400 4225 509 4292 Voluit,
530 4225 626 4290 credo,
646 4222 794 4281 Diomedis
815 4219 1000 4296 interpolator
1015 4217 1256 4274 Palimbuochium.

157 4309 275 4368 Santcn.
294 4309 411 4366 Terent.
434 4307 529 4366 Mun.
555 4327 582 4384 p.
604 4306 651 4382 89.
745 4300 756 4356 i
781 4299 1119 4372 dutus—componebatur
1142 4316 1200 4354 om.
1222 4299 1256 4355 C.

156 4385 256 4462 *capis
268 4391 313 4456 τῆς
326 4388 437 4462 βάκχης]
450 4407 524 4464 pum
538 4395 582 4444 tue
594 4386 711 4444 bacchus
724 4383 793 4441 AB.
915 4379 925 4422 1
939 4377 1038 4438 Latius
1051 4378 1099 4454 qui
1113 4389 1142 4435 ct
1157 4379 1255 4436 Satur·

158 4471 235 4544 nius]
254 4471 406 4544 Latiaeque
417 4479 445 4528 et
460 4471 628 4528 sumum
642 4468 676 4524 C.
790 4473 814 4505 Ν
829 4461 928 4520 ultima
943 4458 1027 4525 brevi,
1042 4476 1125 4535 quam
1140 4457 1255 4535 quidam

157 4549 355 4627 proponticon‚
377 4550 426 4608 alii
443 4548 631 4621 Thessalcon]
656 4547 708 4604 ulti
733 4546 817 4602 breuis
835 4563 914 4618 quem
935 4543 1044 4616 quiden
1062 4540 1255 4614 propempticon

682 4653 751 4713 31(
