2970 5134
436 423 595 489 INDEX
618 425 854 492 CAPITUM.
1135 435 1201 502 589

268 605 303 671 3.
325 587 378 651 Do
387 590 508 672 pedam
521 593 802 676 compositionibus
815 639 1110 660 .....................
1135 601 1200 682 306

267 693 301 753 4.
330 673 454 738 Gmero
467 696 618 740 veronam
643 725 1111 746 .................................
1135 703 1197 768 311

267 776 301 843 5.
324 760 464 823 Portica
476 763 593 844 specio
609 763 744 826 Latina
773 809 1111 832 ........................
1135 787 1197 853 311

54 927 259 992 ATILII
284 927 661 994 FORTUNATIANI
684 933 771 996 Ans.
809 933 883 996 Par.
900 934 930 997 1.
1135 955 1200 1023 312

225 1064 256 1104 c.
273 1059 302 1103 1.
325 1041 378 1102 De
395 1043 538 1104 carmina
553 1043 691 1106 Sotadoo
697 1043 925 1127 fragmentum
945 1093 1197 1113 ..................

271 1144 301 1191 2·
324 1126 377 1188 De
390 1126 591 1190 Aronehnleo
606 1137 706 1191 metro
729 1175 1110 1196 ...........................
1135 1154 1198 1221 313

269 1227 301 1293 3.
324 1211 377 1274 Do
392 1213 628 1293 Hipponacteis
642 1261 1109 1282 .................................
1135 1239 1198 1306 313

268 1315 300 1374 4.
324 1297 376 1358 De
390 1297 652 1381 lrmdecaryllobo
668 1299 835 1363 Pnaloecio
858 1348 1109 1367 ..................
1135 1323 1199 1394 315

270 1399 302 1462 5.
326 1381 380 1444 De
392 1383 534 1445 Pniliao
549 1393 648 1446 maro
685 1431 1110 1452 ..............................
1134 1411 1196 1474 321

270 1465 301 1528 6.
324 1467 377 1528 Do
393 1466 545 1531 Poeonico
560 1477 660 1532 metro
685 1516 1109 1538 ..............................
1134 1494 1199 1560 322
1299 1518 1302 1523 -

269 1564 301 1631 7.
323 1552 376 1614 Do
388 1554 669 1634 proceleusmatico
687 1601 1110 1624 ..............................
1135 1579 1198 1650 373

270 1636 299 1698 8.
324 1637 377 1699 De
391 1639 550 1701 Saturnio
564 1659 656 1702 verra
685 1686 1110 1709 ..............................
1135 1665 1199 1734 363

269 1739 299 1800 9.
324 1723 376 1784 De
391 1725 525 1808 reliquis
540 1725 677 1788 Horatii
691 1729 801 1790 metm
815 1774 1110 1795 .....................
1135 1750 1199 1819 325

226 1803 302 1869 Par.
315 1806 365 1870 11.
391 1808 552 1890 Prasotio
556 1856 1110 1879 .......................................
1135 1834 1200 1902 336

227 1911 257 1951 o.
272 1910 300 1954 1.
323 1893 376 1954 De
387 1893 504 1957 litteris
518 1895 683 1958 vocalibus
687 1943 1111 1964 ..............................
1135 1919 1198 1989 333

270 1993 300 2038 2.
323 1977 880 2046 Deconsonantibus................;
887 2031 1110 2049 ................
1135 2005 1198 2074 333

268 2079 302 2145 3.
326 2063 378 2125 Do
391 2065 528 2147 syllabis
557 2112 1110 2135 .......................................
1135 2091 1202 2158 334

269 2166 302 2226 4.
324 2148 377 2210 De
386 2150 523 2232 pediam
556 2197 1110 2220 .......................................
1135 2175 1201 2243 334

267 2247 299 2315 3.
324 2233 377 2295 De
390 2243 489 2297 metro
514 2282 1111 2304 ..........................................
1135 2261 1198 2328 337

270 2318 302 2380 6.
323 2318 376 2380 De
389 2320 539 2404 rhythmo
553 2368 675 2385 .........
683 2365 687 2374 ·
697 2369 1109 2388 .............................
1134 2346 1197 2414 337

270 2419 299 2484 7.
325 2404 378 2466 De
391 2405 460 2467 colo
475 2415 506 2468 et
519 2415 674 2470 commoto
686 2455 1110 2474 ..............................
1134 2417 1199 2499 338

270 2487 301 2550 8.
324 2489 377 2551 De
395 2491 553 2574 dactylico
557 2539 1110 2559 .......................................
1135 2516 1199 2588 339

269 2593 301 2654 9.
323 2574 377 2636 De
391 2579 585 2658 anapaestico
599 2625 1110 2646 ....................................
1134 2601 1196 2667 341

251 2675 300 2720 10.
323 2659 376 2720 De
390 2662 526 2725 iambico
555 2709 1109 2729 .......................................
1134 2686 1199 2752 344

211 2765 218 2780 ·
253 2761 302 2804 11.
325 2745 378 2807 De
394 2747 551 2810 trochaico
555 2794 1109 2816 .......................................
1135 2771 1198 2841 343

251 2846 301 2894 12.
324 2829 377 2892 Do
391 2833 604 2896 choriambico
642 2880 1110 2901 .................................
1134 2856 1201 2924 344

252 2931 299 2996 13.
323 2915 594 3001 Deontispmrioo
599 2966 1110 2987 ....................................
1135 2941 1200 3010 344

252 3016 302 3078 14.
325 3000 377 3062 De
391 3003 494 3065 ionico
509 3004 595 3088 qaod
608 3025 630 3066 o
644 3005 767 3090 mrp'ore
780 3006 899 3069 dicitnr
902 3054 1110 3072 ...............
1135 3027 1199 3099 345

251 3085 664 3256 anappmr
686 3137 1110 3157 ······························
1134 3113 1200 3265 {a

250 3267 299 3333 17.
322 3256 376 3319 De
384 3261 664 3340 proceleramotico
687 3308 1110 3328 ..............................
1135 3285 1199 3353 347

252 3338 302 3402 18.
324 3341 378 3404 De
387 3347 531 3425 paonico
557 3393 1110 3414 .......................................
1135 3370 1197 3438 347

251 3442 300 3506 19.
323 3427 376 3490 De
383 3439 588 3511 pentametro
598 3433 727 3515 epodioo
730 3481 1110 3500 ...........................
1135 3455 1198 3524 347

250 3525 300 3574 20.
322 3512 376 3575 De
391 3515 534 3598 Priapeo
549 3517 708 3600 dactylico
729 3565 1110 3585 ...........................
1134 3527 1199 3607 348

251 3611 301 3658 21.
323 3597 376 3660 Do
390 3599 532 3664 bucolico
555 3649 1110 3673 .......................................
1134 3627 1199 3694 349

250 3696 298 3744 22.
321 3683 374 3746 De
383 3695 586 3768 pentametro
600 3688 693 3752 heroo
729 3737 1110 3756 ...........................
1134 3713 1199 3780 349

250 3782 300 3848 23·
323 3767 377 3831 De
391 3770 568 3854 logooedioo
599 3821 1110 3840 ....................................
1134 3798 1153 3863 3
1156 3798 1200 3866 50

250 3867 299 3928 24.
323 3853 376 3916 De
390 3866 537 3920 scazonte
556 3905 1109 3926 .......................................
1135 3883 1154 3948 3
1156 3880 1199 3948 50

250 3953 301 4083 a·
916 3993 1110 4011 ··············
1134 3968 1200 4121 p

249 4119 299 4187 27.
322 4109 375 4172 De
391 4113 548 4177 Saturnio
557 4162 1109 4183 .......................................
1135 4140 1154 4206 3
1156 4139 1196 4206 51

249 4191 300 4254 28·
325 4193 376 4258 Do
388 4201 498 4262 metria
515 4199 650 4264 Horatii
685 4249 1110 4268 ..............................
1135 4226 1194 4292 331

129 4357 257 4424 SERVII
281 4362 536 4432 HONORATI
560 4371 828 4436 commoratur
859 4421 1110 4440 ..................
1134 4378 1200 4462 362

235 4509 256 4550 c.
271 4507 298 4550 1.
321 4489 497 4558 Demetrio
511 4497 657 4560 iambicis
685 4545 1109 4568 ..............................
1134 4507 1198 4591 363

271 4590 300 4638 2.
325 4575 500 4642 Demetrio
516 4583 682 4648 trochaicis
686 4631 1110 4655 ..............................
1135 4593 1198 4676 367
