<?xml version="1.0" encoding="UTF-8"?>
<!DOCTYPE html PUBLIC "-//W3C//DTD XHTML 1.0 Transitional//EN"
    "http://www.w3.org/TR/xhtml1/DTD/xhtml1-transitional.dtd">
<html xmlns="http://www.w3.org/1999/xhtml" xml:lang="en" lang="en">
 <head>
  <title>
</title>
<meta http-equiv="Content-Type" content="text/html;charset=utf-8" />
  <meta name='ocr-system' content='tesseract 3.04.00' />
  <meta name='ocr-capabilities' content='ocr_page ocr_carea ocr_par ocr_line ocrx_word'/>
</head>
<body>
  <div class='ocr_page' id='page_1' title='image "./scriptoreslatin00gaisgoog_0349.png"; bbox 0 0 3100 5142; ppageno 0'>
   <div class='ocr_carea' id='block_1_1' title="bbox 157 387 1254 480">
    <p class='ocr_par' dir='ltr' id='par_1_1' title="bbox 157 387 1254 480">
     <span class='ocr_line' id='line_1_1' title="bbox 157 387 1254 480; baseline -0.004 -17"><span class='ocrx_word' id='word_1_1' title='bbox 157 413 241 464; x_wconf 83' lang='lat' dir='ltr'><strong>car.</strong></span> <span class='ocrx_word' id='word_1_2' title='bbox 259 405 293 480; x_wconf 89' lang='lat'><strong>9.</strong></span> <span class='ocrx_word' id='word_1_3' title='bbox 464 387 529 462; x_wconf 88' lang='lat' dir='ltr'><strong>De</strong></span> <span class='ocrx_word' id='word_1_4' title='bbox 544 387 625 462; x_wconf 80' lang='lat' dir='ltr'><strong>rell.</strong></span> <span class='ocrx_word' id='word_1_5' title='bbox 642 387 799 462; x_wconf 83' lang='lat' dir='ltr'><strong>Horatii</strong></span> <span class='ocrx_word' id='word_1_6' title='bbox 815 389 953 462; x_wconf 82' lang='lat' dir='ltr'><strong>metris.</strong></span> <span class='ocrx_word' id='word_1_7' title='bbox 1184 399 1254 460; x_wconf 76' lang='lat'><strong>³31</strong></span> 
     </span>
    </p>
   </div>
   <div class='ocr_carea' id='block_1_2' title="bbox 155 569 1313 4015">
    <p class='ocr_par' dir='ltr' id='par_1_2' title="bbox 155 569 1302 786">
     <span class='ocr_line' id='line_1_2' title="bbox 155 569 1258 672; baseline -0.005 -25"><span class='ocrx_word' id='word_1_8' title='bbox 155 574 332 648; x_wconf 79' lang='lat' dir='ltr'><strong>Detracta</strong></span> <span class='ocrx_word' id='word_1_9' title='bbox 357 573 455 646; x_wconf 90' lang='lat' dir='ltr'><strong>euim</strong></span> <span class='ocrx_word' id='word_1_10' title='bbox 482 571 645 646; x_wconf 82' lang='lat' dir='ltr'><strong>trimetro</strong></span> <span class='ocrx_word' id='word_1_11' title='bbox 662 571 799 672; x_wconf 78' lang='lat' dir='ltr'>syllaba</span> <span class='ocrx_word' id='word_1_12' title='bbox 825 571 912 646; x_wconf 87' lang='lat' dir='ltr'><strong>fecit</strong></span> <span class='ocrx_word' id='word_1_13' title='bbox 937 571 1041 645; x_wconf 90' lang='lat' dir='ltr'><strong>illum</strong></span> <span class='ocrx_word' id='word_1_14' title='bbox 1068 569 1258 644; x_wconf 85' lang='lat' dir='ltr'><strong>minorem.</strong></span> 
     </span>
     <span class='ocr_line' id='line_1_3' title="bbox 157 690 1302 786; baseline -0.002 -22"><span class='ocrx_word' id='word_1_15' title='bbox 157 690 459 778; x_wconf 73' lang='lat' dir='ltr'><strong>concinnatione,</strong></span> <span class='ocrx_word' id='word_1_16' title='bbox 476 703 661 786; x_wconf 86' lang='lat' dir='ltr'><strong>tanquam,</strong></span> <span class='ocrx_word' id='word_1_17' title='bbox 999 699 1004 708; x_wconf 93' lang='lat'>&#39;</span> <span class='ocrx_word' id='word_1_18' title='bbox 1274 695 1302 730; x_wconf 87' lang='lat'><strong>²²</strong></span> 
     </span>
    </p>

    <p class='ocr_par' dir='ltr' id='par_1_3' title="bbox 158 802 1262 1128">
     <span class='ocr_line' id='line_1_4' title="bbox 330 802 930 890; baseline -0.007 -20"><span class='ocrx_word' id='word_1_19' title='bbox 330 807 409 870; x_wconf 83' lang='lat' dir='ltr'><strong>Jam</strong></span> <span class='ocrx_word' id='word_1_20' title='bbox 423 807 503 872; x_wconf 77' lang='lat' dir='ltr'><strong>rutis</strong></span> <span class='ocrx_word' id='word_1_21' title='bbox 518 806 615 870; x_wconf 79' lang='lat' dir='ltr'><strong>terris</strong></span> <span class='ocrx_word' id='word_1_22' title='bbox 628 805 717 868; x_wconf 62' lang='lat' dir='ltr'><strong>nium</strong></span> <span class='ocrx_word' id='word_1_23' title='bbox 730 812 823 890; x_wconf 83' lang='lat' dir='ltr'><strong>alque</strong></span> <span class='ocrx_word' id='word_1_24' title='bbox 836 802 930 867; x_wconf 81' lang='lat' dir='ltr'><strong>dirce.</strong></span> 
     </span>
     <span class='ocr_line' id='line_1_5' title="bbox 158 912 1262 1016; baseline -0.004 -28"><span class='ocrx_word' id='word_1_25' title='bbox 158 943 242 1016; x_wconf 86' lang='lat' dir='ltr'><strong>pars</strong></span> <span class='ocrx_word' id='word_1_26' title='bbox 267 915 364 990; x_wconf 90' lang='lat' dir='ltr'><strong>enirn</strong></span> <span class='ocrx_word' id='word_1_27' title='bbox 391 915 589 988; x_wconf 87' lang='lat' dir='ltr'><strong>tetrametri</strong></span> <span class='ocrx_word' id='word_1_28' title='bbox 616 915 713 1013; x_wconf 90' lang='lat' dir='ltr'><strong>prior</strong></span> <span class='ocrx_word' id='word_1_29' title='bbox 738 939 822 988; x_wconf 89' lang='lat' dir='ltr'><strong>eum</strong></span> <span class='ocrx_word' id='word_1_30' title='bbox 848 913 964 1012; x_wconf 89' lang='lat' dir='ltr'><strong>priore</strong></span> <span class='ocrx_word' id='word_1_31' title='bbox 989 912 1140 986; x_wconf 83' lang='lat' dir='ltr'><strong>trimetri</strong></span> <span class='ocrx_word' id='word_1_32' title='bbox 1162 925 1262 1012; x_wconf 89' lang='lat' dir='ltr'><strong>parte</strong></span> 
     </span>
     <span class='ocr_line' id='line_1_6' title="bbox 159 1029 975 1128; baseline -0.002 -24"><span class='ocrx_word' id='word_1_33' title='bbox 159 1032 355 1105; x_wconf 88' lang='lat' dir='ltr'><strong>commissa</strong></span> <span class='ocrx_word' id='word_1_34' title='bbox 372 1043 438 1106; x_wconf 85' lang='lat' dir='ltr'><strong>est.</strong></span> <span class='ocrx_word' id='word_1_35' title='bbox 490 1029 773 1118; x_wconf 87' lang='lat' dir='ltr'><strong>Permutatione,</strong></span> <span class='ocrx_word' id='word_1_36' title='bbox 789 1043 975 1128; x_wconf 90' lang='lat' dir='ltr'><strong>tanquam,</strong></span> 
     </span>
    </p>

    <p class='ocr_par' dir='ltr' id='par_1_4' title="bbox 160 1145 1305 1578">
     <span class='ocr_line' id='line_1_7' title="bbox 337 1145 1051 1234; baseline -0.006 -22"><span class='ocrx_word' id='word_1_37' title='bbox 337 1147 536 1212; x_wconf 78' lang='lat' dir='ltr'><strong>Occasionem</strong></span> <span class='ocrx_word' id='word_1_38' title='bbox 549 1145 587 1210; x_wconf 83' lang='lat' dir='ltr'><strong>de</strong></span> <span class='ocrx_word' id='word_1_39' title='bbox 600 1145 651 1210; x_wconf 81' lang='lat' dir='ltr'><strong>da&#39;c</strong></span> <span class='ocrx_word' id='word_1_40' title='bbox 665 1145 800 1234; x_wconf 76' lang='lat' dir='ltr'><strong>dumque</strong></span> <span class='ocrx_word' id='word_1_41' title='bbox 814 1147 919 1210; x_wconf 81' lang='lat' dir='ltr'><strong>vireat</strong></span> <span class='ocrx_word' id='word_1_42' title='bbox 927 1165 1051 1232; x_wconf 68' lang='lat' dir='ltr'><strong>genua.</strong></span> 
     </span>
     <span class='ocr_line' id='line_1_8' title="bbox 160 1255 1305 1355; baseline -0.008 -22"><span class='ocrx_word' id='word_1_43' title='bbox 160 1259 261 1334; x_wconf 92' lang='lat' dir='ltr'><strong>Nam</strong></span> <span class='ocrx_word' id='word_1_44' title='bbox 293 1284 378 1332; x_wconf 89' lang='lat' dir='ltr'><strong>cum</strong></span> <span class='ocrx_word' id='word_1_45' title='bbox 404 1256 646 1332; x_wconf 83' lang='lat' dir='ltr'><strong>Archilochus</strong></span> <span class='ocrx_word' id='word_1_46' title='bbox 681 1255 778 1329; x_wconf 90' lang='lat' dir='ltr'><strong>heroi</strong></span> <span class='ocrx_word' id='word_1_47' title='bbox 815 1270 951 1355; x_wconf 91' lang='lat' dir='ltr'><strong>partem</strong></span> <span class='ocrx_word' id='word_1_48' title='bbox 986 1256 1140 1355; x_wconf 85' lang='lat' dir='ltr'><strong>priorem</strong></span> <span class='ocrx_word' id='word_1_49' title='bbox 1177 1281 1261 1330; x_wconf 91' lang='lat' dir='ltr'><strong>cum</strong></span> <span class='ocrx_word' id='word_1_50' title='bbox 1276 1289 1305 1335; x_wconf 63' lang='grc' dir='ltr'><em>η</em></span> 
     </span>
     <span class='ocr_line' id='line_1_9' title="bbox 162 1369 1263 1476; baseline -0.004 -28"><span class='ocrx_word' id='word_1_51' title='bbox 162 1374 309 1448; x_wconf 88' lang='lat' dir='ltr'><strong>iambici</strong></span> <span class='ocrx_word' id='word_1_52' title='bbox 339 1373 456 1475; x_wconf 91' lang='lat' dir='ltr'><strong>priore</strong></span> <span class='ocrx_word' id='word_1_53' title='bbox 490 1386 592 1473; x_wconf 88' lang='lat' dir='ltr'><strong>parte</strong></span> <span class='ocrx_word' id='word_1_54' title='bbox 621 1371 871 1461; x_wconf 86' lang='lat' dir='ltr'><strong>¹commiserit,</strong></span> <span class='ocrx_word' id='word_1_55' title='bbox 896 1372 945 1444; x_wconf 91' lang='lat' dir='ltr'><strong>ita</strong></span> <span class='ocrx_word' id='word_1_56' title='bbox 971 1386 1011 1444; x_wconf 91' lang='lat' dir='ltr'><strong>ut</strong></span> <span class='ocrx_word' id='word_1_57' title='bbox 1037 1369 1263 1476; x_wconf 87' lang='lat' dir='ltr'><strong>antecederet</strong></span> 
     </span>
     <span class='ocr_line' id='line_1_10' title="bbox 163 1487 705 1578; baseline -0.006 -15"><span class='ocrx_word' id='word_1_58' title='bbox 163 1491 348 1563; x_wconf 73' lang='lat' dir='ltr'><strong>1¹¹heroum</strong></span> <span class='ocrx_word' id='word_1_59' title='bbox 369 1489 407 1561; x_wconf 92' lang='lat' dir='ltr'><strong>in</strong></span> <span class='ocrx_word' id='word_1_60' title='bbox 426 1489 524 1561; x_wconf 87' lang='lat' dir='ltr'><strong>hune</strong></span> <span class='ocrx_word' id='word_1_61' title='bbox 542 1487 705 1578; x_wconf 91' lang='lat' dir='ltr'><strong>modum,</strong></span> 
     </span>
    </p>

    <p class='ocr_par' dir='ltr' id='par_1_5' title="bbox 294 1603 1076 1692">
     <span class='ocr_line' id='line_1_11' title="bbox 294 1603 1076 1692; baseline -0.003 -22"><span class='ocrx_word' id='word_1_62' title='bbox 294 1604 441 1670; x_wconf 64' lang='lat' dir='ltr'><strong>Scribere</strong></span> <span class='ocrx_word' id='word_1_63' title='bbox 455 1603 625 1668; x_wconf 76' lang='lat' dir='ltr'><strong>uersiculos</strong></span> <span class='ocrx_word' id='word_1_64' title='bbox 638 1625 745 1668; x_wconf 79' lang='lat' dir='ltr'><strong>amore</strong></span> <span class='ocrx_word' id='word_1_65' title='bbox 751 1625 939 1691; x_wconf 68' lang='lat' dir='ltr'><strong>percarum</strong></span> <span class='ocrx_word' id='word_1_66' title='bbox 949 1605 1054 1692; x_wconf 77' lang='lat' dir='ltr'><strong>gravi</strong></span> <span class='ocrx_word' id='word_1_67' title='bbox 1066 1629 1076 1677; x_wconf 86' lang='grc'><strong>,·</strong></span> 
     </span>
    </p>

    <p class='ocr_par' dir='ltr' id='par_1_6' title="bbox 165 1713 1264 1930">
     <span class='ocr_line' id='line_1_12' title="bbox 165 1713 1264 1814; baseline -0.003 -26"><span class='ocrx_word' id='word_1_68' title='bbox 165 1715 341 1788; x_wconf 87' lang='lat' dir='ltr'><strong>Horatius</strong></span> <span class='ocrx_word' id='word_1_69' title='bbox 368 1713 585 1804; x_wconf 89' lang='lat' dir='ltr'><strong>immutavit,</strong></span> <span class='ocrx_word' id='word_1_70' title='bbox 602 1727 643 1786; x_wconf 93' lang='lat' dir='ltr'><strong>ut</strong></span> <span class='ocrx_word' id='word_1_71' title='bbox 666 1713 892 1790; x_wconf 86' lang='lat' dir='ltr'><strong>antecederet</strong></span> <span class='ocrx_word' id='word_1_72' title='bbox 917 1715 1062 1788; x_wconf 88' lang='lat' dir='ltr'><strong>iambici</strong></span> <span class='ocrx_word' id='word_1_73' title='bbox 1090 1741 1184 1814; x_wconf 88' lang='lat' dir='ltr'><strong>pars,</strong></span> <span class='ocrx_word' id='word_1_74' title='bbox 1211 1741 1264 1786; x_wconf 91' lang='lat' dir='ltr'><strong>se-</strong></span> 
     </span>
     <span class='ocr_line' id='line_1_13' title="bbox 165 1829 545 1930; baseline -0.008 -26"><span class='ocrx_word' id='word_1_75' title='bbox 165 1845 335 1930; x_wconf 90' lang='lat' dir='ltr'><strong>queretur</strong></span> <span class='ocrx_word' id='word_1_76' title='bbox 352 1829 463 1918; x_wconf 90' lang='lat' dir='ltr'><strong>heroi,</strong></span> <span class='ocrx_word' id='word_1_77' title='bbox 481 1829 545 1916; x_wconf 91' lang='lat' dir='ltr'><strong>sic,</strong></span> 
     </span>
    </p>

    <p class='ocr_par' dir='ltr' id='par_1_7' title="bbox 167 1945 1268 2279">
     <span class='ocr_line' id='line_1_14' title="bbox 337 1945 1070 2034; baseline -0.004 -23"><span class='ocrx_word' id='word_1_78' title='bbox 337 1948 557 2011; x_wconf 73' lang='lat' dir='ltr'><strong>¹¹Occasionem</strong></span> <span class='ocrx_word' id='word_1_79' title='bbox 570 1945 608 2010; x_wconf 80' lang='lat' dir='ltr'><strong>de</strong></span> <span class='ocrx_word' id='word_1_80' title='bbox 622 1947 674 2010; x_wconf 83' lang='lat' dir='ltr'><strong>dle</strong></span> <span class='ocrx_word' id='word_1_81' title='bbox 687 1947 822 2034; x_wconf 82' lang='lat' dir='ltr'><strong>dumque</strong></span> <span class='ocrx_word' id='word_1_82' title='bbox 835 1950 940 2012; x_wconf 79' lang='lat' dir='ltr'><strong>vireat</strong></span> <span class='ocrx_word' id='word_1_83' title='bbox 950 1967 1070 2034; x_wconf 71' lang='lat' dir='ltr'><strong>graue</strong></span> 
     </span>
     <span class='ocr_line' id='line_1_15' title="bbox 167 2057 1268 2149; baseline -0.002 -17"><span class='ocrx_word' id='word_1_84' title='bbox 167 2073 303 2132; x_wconf 91' lang='lat' dir='ltr'><strong>etcum</strong></span> <span class='ocrx_word' id='word_1_85' title='bbox 323 2083 370 2131; x_wconf 85' lang='lat' dir='ltr'><strong>ex</strong></span> <span class='ocrx_word' id='word_1_86' title='bbox 388 2057 597 2132; x_wconf 87' lang='lat' dir='ltr'><strong>Galliambo</strong></span> <span class='ocrx_word' id='word_1_87' title='bbox 617 2059 816 2132; x_wconf 87' lang='lat' dir='ltr'><strong>⁰Sotadeus</strong></span> <span class='ocrx_word' id='word_1_88' title='bbox 842 2061 916 2149; x_wconf 87' lang='lat' dir='ltr'><strong>fiat,</strong></span> <span class='ocrx_word' id='word_1_89' title='bbox 932 2084 980 2132; x_wconf 82' lang='lat' dir='ltr'><strong>ex</strong></span> <span class='ocrx_word' id='word_1_90' title='bbox 1005 2057 1161 2132; x_wconf 85' lang='lat' dir='ltr'><strong>Sotadeo</strong></span> <span class='ocrx_word' id='word_1_91' title='bbox 1179 2057 1268 2132; x_wconf 89' lang='lat' dir='ltr'><strong>Gal-</strong></span> 
     </span>
     <span class='ocr_line' id='line_1_16' title="bbox 167 2181 776 2279; baseline 0.002 -25"><span class='ocrx_word' id='word_1_92' title='bbox 167 2182 348 2266; x_wconf 85' lang='lat' dir='ltr'><strong>liambus;</strong></span> <span class='ocrx_word' id='word_1_93' title='bbox 376 2195 416 2254; x_wconf 95' lang='lat' dir='ltr'><strong>ut</strong></span> <span class='ocrx_word' id='word_1_94' title='bbox 426 2185 505 2279; x_wconf 89' lang='lat' dir='ltr'><strong>jam</strong></span> <span class='ocrx_word' id='word_1_95' title='bbox 524 2181 776 2256; x_wconf 87' lang='lat' dir='ltr'><strong>demonstravi.</strong></span> 
     </span>
    </p>

    <p class='ocr_par' dir='ltr' id='par_1_8' title="bbox 168 2297 1313 4015">
     <span class='ocr_line' id='line_1_17' title="bbox 219 2297 1313 2400; baseline 0.004 -30"><span class='ocrx_word' id='word_1_96' title='bbox 219 2297 345 2370; x_wconf 88' lang='lat' dir='ltr'><strong>Habet</strong></span> <span class='ocrx_word' id='word_1_97' title='bbox 357 2310 500 2372; x_wconf 71' lang='lat' dir='ltr'><strong>Pautem</strong></span> <span class='ocrx_word' id='word_1_98' title='bbox 522 2313 716 2375; x_wconf 87' lang='lat' dir='ltr'><strong>metrorum</strong></span> <span class='ocrx_word' id='word_1_99' title='bbox 731 2299 1001 2400; x_wconf 88' lang='lat' dir='ltr'><strong>contemplatio,</strong></span> <span class='ocrx_word' id='word_1_100' title='bbox 1014 2299 1043 2371; x_wconf 91' lang='lat' dir='ltr'><strong>si</strong></span> <span class='ocrx_word' id='word_1_101' title='bbox 1060 2297 1269 2372; x_wconf 87' lang='lat' dir='ltr'><strong>exercitatio</strong></span> <span class='ocrx_word' id='word_1_102' title='bbox 1282 2326 1313 2374; x_wconf 83' lang='lat'><strong>²4</strong></span> 
     </span>
     <span class='ocr_line' id='line_1_18' title="bbox 168 2413 1270 2514; baseline 0 -28"><span class='ocrx_word' id='word_1_103' title='bbox 168 2413 331 2502; x_wconf 88' lang='lat' dir='ltr'><strong>accessit,</strong></span> <span class='ocrx_word' id='word_1_104' title='bbox 343 2413 379 2486; x_wconf 93' lang='lat' dir='ltr'><strong>in</strong></span> <span class='ocrx_word' id='word_1_105' title='bbox 393 2413 644 2514; x_wconf 88' lang='lat' dir='ltr'><strong>cognoscendo</strong></span> <span class='ocrx_word' id='word_1_106' title='bbox 656 2415 893 2514; x_wconf 89' lang='lat' dir='ltr'><strong>voluptatem,</strong></span> <span class='ocrx_word' id='word_1_107' title='bbox 903 2439 986 2488; x_wconf 90' lang='lat' dir='ltr'><strong>cum</strong></span> <span class='ocrx_word' id='word_1_108' title='bbox 998 2427 1035 2487; x_wconf 92' lang='lat' dir='ltr'><strong>et</strong></span> <span class='ocrx_word' id='word_1_109' title='bbox 1045 2439 1270 2513; x_wconf 81' lang='lat' dir='ltr'><strong>quaeeunque</strong></span> 
     </span>
     <span class='ocr_line' id='line_1_19' title="bbox 168 2529 1270 2631; baseline 0.002 -29"><span class='ocrx_word' id='word_1_110' title='bbox 168 2529 342 2604; x_wconf 90' lang='lat' dir='ltr'><strong>dicuntur</strong></span> <span class='ocrx_word' id='word_1_111' title='bbox 357 2545 470 2604; x_wconf 87' lang='lat' dir='ltr'><strong>metra</strong></span> <span class='ocrx_word' id='word_1_112' title='bbox 486 2533 648 2608; x_wconf 89' lang='lat' dir='ltr'><strong>celeriter</strong></span> <span class='ocrx_word' id='word_1_113' title='bbox 664 2533 910 2631; x_wconf 85' lang='lat' dir='ltr'><strong>intelligamus</strong></span> <span class='ocrx_word' id='word_1_114' title='bbox 930 2531 1026 2607; x_wconf 91' lang='lat' dir='ltr'><strong>unde</strong></span> <span class='ocrx_word' id='word_1_115' title='bbox 1043 2531 1126 2622; x_wconf 87' lang='lat' dir='ltr'><strong>sint,</strong></span> <span class='ocrx_word' id='word_1_116' title='bbox 1144 2544 1181 2602; x_wconf 89' lang='lat' dir='ltr'><strong>et</strong></span> <span class='ocrx_word' id='word_1_117' title='bbox 1198 2556 1270 2628; x_wconf 90' lang='lat' dir='ltr'><strong>qua</strong></span> 
     </span>
     <span class='ocr_line' id='line_1_20' title="bbox 169 2645 1269 2749; baseline -0.001 -31"><span class='ocrx_word' id='word_1_118' title='bbox 169 2645 308 2718; x_wconf 88' lang='lat' dir='ltr'><strong>ratione</strong></span> <span class='ocrx_word' id='word_1_119' title='bbox 329 2647 541 2746; x_wconf 90' lang='lat' dir='ltr'><strong>composita,</strong></span> <span class='ocrx_word' id='word_1_120' title='bbox 558 2661 595 2722; x_wconf 92' lang='lat' dir='ltr'><strong>et</strong></span> <span class='ocrx_word' id='word_1_121' title='bbox 621 2650 736 2722; x_wconf 90' lang='lat' dir='ltr'><strong>multa</strong></span> <span class='ocrx_word' id='word_1_122' title='bbox 753 2649 820 2749; x_wconf 88' lang='lat' dir='ltr'><strong>ipsi</strong></span> <span class='ocrx_word' id='word_1_123' title='bbox 849 2648 1052 2746; x_wconf 87' lang='lat' dir='ltr'><strong>excogitare</strong></span> <span class='ocrx_word' id='word_1_124' title='bbox 1078 2645 1269 2744; x_wconf 89' lang='lat' dir='ltr'><strong>possimus.</strong></span> 
     </span>
     <span class='ocr_line' id='line_1_21' title="bbox 170 2759 1313 2860; baseline -0.002 -28"><span class='ocrx_word' id='word_1_125' title='bbox 170 2759 269 2833; x_wconf 93' lang='lat' dir='ltr'><strong>Nam</strong></span> <span class='ocrx_word' id='word_1_126' title='bbox 284 2761 313 2833; x_wconf 88' lang='lat' dir='ltr'><strong>si</strong></span> <span class='ocrx_word' id='word_1_127' title='bbox 327 2761 466 2834; x_wconf 89' lang='lat' dir='ltr'><strong>loculus</strong></span> <span class='ocrx_word' id='word_1_128' title='bbox 482 2761 542 2834; x_wconf 91' lang='lat' dir='ltr'><strong>ille</strong></span> <span class='ocrx_word' id='word_1_129' title='bbox 555 2763 809 2838; x_wconf 81' lang='lat' dir='ltr'><strong>Archimedius</strong></span> <span class='ocrx_word' id='word_1_130' title='bbox 823 2759 1109 2860; x_wconf 88' lang='lat' dir='ltr'><strong>quattuordecim</strong></span> <span class='ocrx_word' id='word_1_131' title='bbox 1125 2761 1270 2834; x_wconf 90' lang='lat' dir='ltr'><strong>eboreas</strong></span> <span class='ocrx_word' id='word_1_132' title='bbox 1284 2793 1313 2844; x_wconf 79' lang='lat'><strong>25</strong></span> 
     </span>
     <span class='ocr_line' id='line_1_22' title="bbox 171 2875 1271 2978; baseline 0 -31"><span class='ocrx_word' id='word_1_133' title='bbox 171 2876 345 2962; x_wconf 83' lang='lat' dir='ltr'><strong>lamellas,</strong></span> <span class='ocrx_word' id='word_1_134' title='bbox 362 2903 514 2974; x_wconf 92' lang='lat' dir='ltr'><strong>quarum</strong></span> <span class='ocrx_word' id='word_1_135' title='bbox 537 2880 680 2978; x_wconf 77' lang='lat' dir='ltr'><strong>‘languli</strong></span> <span class='ocrx_word' id='word_1_136' title='bbox 698 2880 783 2953; x_wconf 91' lang='lat' dir='ltr'><strong>varii</strong></span> <span class='ocrx_word' id='word_1_137' title='bbox 804 2892 899 2967; x_wconf 92' lang='lat' dir='ltr'><strong>sunt,</strong></span> <span class='ocrx_word' id='word_1_138' title='bbox 917 2876 953 2948; x_wconf 93' lang='lat' dir='ltr'><strong>in</strong></span> <span class='ocrx_word' id='word_1_139' title='bbox 972 2875 1184 2974; x_wconf 88' lang='lat' dir='ltr'><strong>quadratam</strong></span> <span class='ocrx_word' id='word_1_140' title='bbox 1199 2875 1271 2948; x_wconf 85' lang='lat' dir='ltr'><strong>for-</strong></span> 
     </span>
     <span class='ocr_line' id='line_1_23' title="bbox 174 2991 1273 3095; baseline 0.001 -33"><span class='ocrx_word' id='word_1_141' title='bbox 174 3015 271 3063; x_wconf 90' lang='lat' dir='ltr'><strong>mam</strong></span> <span class='ocrx_word' id='word_1_142' title='bbox 291 2991 446 3066; x_wconf 89' lang='lat' dir='ltr'><strong>inclusas</strong></span> <span class='ocrx_word' id='word_1_143' title='bbox 465 2993 586 3085; x_wconf 86' lang='lat' dir='ltr'><strong>hahet,</strong></span> <span class='ocrx_word' id='word_1_144' title='bbox 604 2995 905 3095; x_wconf 81' lang='lat' dir='ltr'><strong>componentibus</strong></span> <span class='ocrx_word' id='word_1_145' title='bbox 924 2992 1028 3064; x_wconf 91' lang='lat' dir='ltr'><strong>nohis</strong></span> <span class='ocrx_word' id='word_1_146' title='bbox 1045 2991 1148 3065; x_wconf 90' lang='lat' dir='ltr'><strong>aliter</strong></span> <span class='ocrx_word' id='word_1_147' title='bbox 1165 3004 1273 3088; x_wconf 89' lang='lat' dir='ltr'><strong>atque</strong></span> 
     </span>
     <span class='ocr_line' id='line_1_24' title="bbox 173 3104 1273 3206; baseline 0.001 -28"><span class='ocrx_word' id='word_1_148' title='bbox 173 3104 286 3194; x_wconf 89' lang='lat' dir='ltr'><strong>aliter,</strong></span> <span class='ocrx_word' id='word_1_149' title='bbox 301 3105 411 3180; x_wconf 92' lang='lat' dir='ltr'><strong>modo</strong></span> <span class='ocrx_word' id='word_1_150' title='bbox 422 3109 574 3206; x_wconf 83' lang='lat' dir='ltr'><strong>galeam,</strong></span> <span class='ocrx_word' id='word_1_151' title='bbox 585 3111 694 3184; x_wconf 90' lang='lat' dir='ltr'><strong>modo</strong></span> <span class='ocrx_word' id='word_1_152' title='bbox 706 3110 847 3196; x_wconf 77' lang='lat' dir='ltr'><strong>rsicam,</strong></span> <span class='ocrx_word' id='word_1_153' title='bbox 859 3109 945 3182; x_wconf 91' lang='lat' dir='ltr'><strong>alias</strong></span> <span class='ocrx_word' id='word_1_154' title='bbox 955 3108 1175 3198; x_wconf 91' lang='lat' dir='ltr'><strong>columnam,</strong></span> <span class='ocrx_word' id='word_1_155' title='bbox 1187 3107 1273 3181; x_wconf 86' lang='lat' dir='ltr'><strong>alias</strong></span> 
     </span>
     <span class='ocr_line' id='line_1_25' title="bbox 173 3223 1275 3324; baseline 0.003 -32"><span class='ocrx_word' id='word_1_156' title='bbox 173 3245 299 3293; x_wconf 88' lang='lat' dir='ltr'><strong>navem</strong></span> <span class='ocrx_word' id='word_1_157' title='bbox 320 3223 462 3320; x_wconf 86' lang='lat' dir='ltr'><strong>figurat,</strong></span> <span class='ocrx_word' id='word_1_158' title='bbox 481 3239 517 3298; x_wconf 91' lang='lat' dir='ltr'><strong>et</strong></span> <span class='ocrx_word' id='word_1_159' title='bbox 535 3225 811 3298; x_wconf 90' lang='lat' dir='ltr'><strong>innumerabiles</strong></span> <span class='ocrx_word' id='word_1_160' title='bbox 827 3225 938 3298; x_wconf 86' lang='lat' dir='ltr'><strong>efficit</strong></span> <span class='ocrx_word' id='word_1_161' title='bbox 955 3225 1102 3324; x_wconf 85' lang='lat' dir='ltr'><strong>species,</strong></span> <span class='ocrx_word' id='word_1_162' title='bbox 1119 3223 1275 3298; x_wconf 89' lang='lat' dir='ltr'><strong>solebat-</strong></span> 
     </span>
     <span class='ocr_line' id='line_1_26' title="bbox 173 3337 1275 3437; baseline 0.003 -30"><span class='ocrx_word' id='word_1_163' title='bbox 173 3361 245 3434; x_wconf 89' lang='lat' dir='ltr'><strong>que</strong></span> <span class='ocrx_word' id='word_1_164' title='bbox 263 3337 385 3409; x_wconf 67' lang='lat' dir='ltr'><strong>‘nobis</strong></span> <span class='ocrx_word' id='word_1_165' title='bbox 403 3339 522 3437; x_wconf 90' lang='lat' dir='ltr'><strong>pueris</strong></span> <span class='ocrx_word' id='word_1_166' title='bbox 541 3340 600 3414; x_wconf 92' lang='lat' dir='ltr'><strong>hic</strong></span> <span class='ocrx_word' id='word_1_167' title='bbox 619 3341 758 3414; x_wconf 87' lang='lat' dir='ltr'><strong>loculus</strong></span> <span class='ocrx_word' id='word_1_168' title='bbox 775 3341 818 3414; x_wconf 91' lang='lat' dir='ltr'><strong>ad</strong></span> <span class='ocrx_word' id='word_1_169' title='bbox 837 3339 1120 3413; x_wconf 87' lang='lat' dir='ltr'><strong>confirmandam</strong></span> <span class='ocrx_word' id='word_1_170' title='bbox 1137 3365 1275 3412; x_wconf 91' lang='lat' dir='ltr'><strong>memo-</strong></span> 
     </span>
     <span class='ocr_line' id='line_1_27' title="bbox 172 3450 1280 3554; baseline 0.002 -33"><span class='ocrx_word' id='word_1_171' title='bbox 172 3450 262 3522; x_wconf 91' lang='lat' dir='ltr'><strong>riam</strong></span> <span class='ocrx_word' id='word_1_172' title='bbox 282 3451 496 3548; x_wconf 73' lang='lat' dir='ltr'><strong>‘plurimum</strong></span> <span class='ocrx_word' id='word_1_173' title='bbox 516 3455 702 3554; x_wconf 87' lang='lat' dir='ltr'><strong>prodesse:</strong></span> <span class='ocrx_word' id='word_1_174' title='bbox 732 3470 868 3554; x_wconf 88' lang='lat' dir='ltr'><strong>quanto</strong></span> <span class='ocrx_word' id='word_1_175' title='bbox 882 3454 1053 3552; x_wconf 87' lang='lat' dir='ltr'><strong>majorem</strong></span> <span class='ocrx_word' id='word_1_176' title='bbox 1072 3469 1191 3554; x_wconf 90' lang='lat' dir='ltr'><strong>potest</strong></span> <span class='ocrx_word' id='word_1_177' title='bbox 1209 3482 1280 3528; x_wconf 91' lang='lat' dir='ltr'><strong>no-.</strong></span> 
     </span>
     <span class='ocr_line' id='line_1_28' title="bbox 174 3565 1277 3671; baseline 0.005 -33"><span class='ocrx_word' id='word_1_178' title='bbox 174 3566 229 3640; x_wconf 91' lang='lat' dir='ltr'><strong>bis</strong></span> <span class='ocrx_word' id='word_1_179' title='bbox 264 3565 384 3640; x_wconf 85' lang='lat' dir='ltr'><strong>afferre</strong></span> <span class='ocrx_word' id='word_1_180' title='bbox 413 3569 651 3670; x_wconf 88' lang='lat' dir='ltr'><strong>voluptatem,</strong></span> <span class='ocrx_word' id='word_1_181' title='bbox 676 3586 883 3670; x_wconf 89' lang='lat' dir='ltr'><strong>quantoque</strong></span> <span class='ocrx_word' id='word_1_182' title='bbox 918 3571 1115 3671; x_wconf 88' lang='lat' dir='ltr'><strong>pleniorem</strong></span> <span class='ocrx_word' id='word_1_183' title='bbox 1143 3571 1277 3645; x_wconf 88' lang='lat' dir='ltr'><strong>utilita-</strong></span> 
     </span>
     <span class='ocr_line' id='line_1_29' title="bbox 174 3683 1277 3776; baseline 0.005 -22"><span class='ocrx_word' id='word_1_184' title='bbox 174 3693 262 3767; x_wconf 90' lang='lat' dir='ltr'><strong>tem,</strong></span> <span class='ocrx_word' id='word_1_185' title='bbox 280 3683 440 3756; x_wconf 87' lang='lat' dir='ltr'><strong>earmina</strong></span> <span class='ocrx_word' id='word_1_186' title='bbox 459 3685 554 3759; x_wconf 90' lang='lat' dir='ltr'><strong>inter</strong></span> <span class='ocrx_word' id='word_1_187' title='bbox 568 3714 696 3761; x_wconf 89' lang='lat' dir='ltr'><strong>manus</strong></span> <span class='ocrx_word' id='word_1_188' title='bbox 721 3689 950 3776; x_wconf 90' lang='lat' dir='ltr'><strong>habentibus,</strong></span> <span class='ocrx_word' id='word_1_189' title='bbox 969 3701 1163 3760; x_wconf 87' lang='lat' dir='ltr'><strong>metrorum</strong></span> <span class='ocrx_word' id='word_1_190' title='bbox 1182 3687 1277 3760; x_wconf 88' lang='lat' dir='ltr'><strong>varia</strong></span> 
     </span>
     <span class='ocr_line' id='line_1_30' title="bbox 174 3799 1278 3904; baseline 0.003 -33"><span class='ocrx_word' id='word_1_191' title='bbox 174 3799 354 3890; x_wconf 87' lang='lat' dir='ltr'><strong>tractatio,</strong></span> <span class='ocrx_word' id='word_1_192' title='bbox 371 3827 453 3873; x_wconf 90' lang='lat' dir='ltr'><strong>cum</strong></span> <span class='ocrx_word' id='word_1_193' title='bbox 473 3803 626 3876; x_wconf 89' lang='lat' dir='ltr'><strong>subinde</strong></span> <span class='ocrx_word' id='word_1_194' title='bbox 644 3804 740 3904; x_wconf 87' lang='lat' dir='ltr'><strong>apud</strong></span> <span class='ocrx_word' id='word_1_195' title='bbox 764 3817 888 3904; x_wconf 90' lang='lat' dir='ltr'><strong>poetas</strong></span> <span class='ocrx_word' id='word_1_196' title='bbox 905 3830 948 3878; x_wconf 91' lang='lat' dir='ltr'><strong>ea</strong></span> <span class='ocrx_word' id='word_1_197' title='bbox 966 3829 1047 3901; x_wconf 83' lang='lat' dir='ltr'><strong>quae</strong></span> <span class='ocrx_word' id='word_1_198' title='bbox 1063 3802 1194 3875; x_wconf 88' lang='lat' dir='ltr'><strong>fallunt</strong></span> <span class='ocrx_word' id='word_1_199' title='bbox 1210 3803 1278 3874; x_wconf 87' lang='lat' dir='ltr'><strong>irn-</strong></span> 
     </span>
     <span class='ocr_line' id='line_1_31' title="bbox 175 3915 1278 4015; baseline 0.004 -27"><span class='ocrx_word' id='word_1_200' title='bbox 175 3915 308 4015; x_wconf 91' lang='lat' dir='ltr'><strong>peritos</strong></span> <span class='ocrx_word' id='word_1_201' title='bbox 327 3932 441 3990; x_wconf 89' lang='lat' dir='ltr'><strong>metra</strong></span> <span class='ocrx_word' id='word_1_202' title='bbox 458 3917 591 3992; x_wconf 91' lang='lat' dir='ltr'><strong>inserta</strong></span> <span class='ocrx_word' id='word_1_203' title='bbox 609 3920 767 3994; x_wconf 89' lang='lat' dir='ltr'><strong>numeris</strong></span> <span class='ocrx_word' id='word_1_204' title='bbox 781 3935 817 3993; x_wconf 89' lang='lat' dir='ltr'><strong>et</strong></span> <span class='ocrx_word' id='word_1_205' title='bbox 832 3919 1040 3994; x_wconf 85' lang='lat' dir='ltr'><strong>intermixta</strong></span> <span class='ocrx_word' id='word_1_206' title='bbox 1057 3917 1278 3992; x_wconf 90' lang='lat' dir='ltr'><strong>carminibus</strong></span> 
     </span>
    </p>
   </div>
   <div class='ocr_carea' id='block_1_3' title="bbox 174 4123 1281 4608">
    <p class='ocr_par' dir='ltr' id='par_1_9' title="bbox 174 4123 1281 4608">
     <span class='ocr_line' id='line_1_32' title="bbox 217 4123 1278 4206; baseline 0.001 -22"><span class='ocrx_word' id='word_1_207' title='bbox 217 4123 433 4202; x_wconf 75' lang='lat' dir='ltr'><strong>¹computruerit]</strong></span> <span class='ocrx_word' id='word_1_208' title='bbox 449 4133 610 4188; x_wconf 81' lang='lat' dir='ltr'><strong>commiserit</strong></span> <span class='ocrx_word' id='word_1_209' title='bbox 626 4130 659 4186; x_wconf 90' lang='lat' dir='ltr'><strong>V.</strong></span> <span class='ocrx_word' id='word_1_210' title='bbox 742 4141 766 4173; x_wconf 62' lang='grc' dir='ltr'>Μ</span> <span class='ocrx_word' id='word_1_211' title='bbox 781 4131 906 4206; x_wconf 83' lang='lat' dir='ltr'><strong>heroum]</strong></span> <span class='ocrx_word' id='word_1_212' title='bbox 923 4131 1021 4188; x_wconf 71' lang='grc' dir='ltr'><strong><em>Ιιετοω</em></strong></span> <span class='ocrx_word' id='word_1_213' title='bbox 1037 4130 1071 4187; x_wconf 90' lang='lat' dir='ltr'><strong>V.</strong></span> <span class='ocrx_word' id='word_1_214' title='bbox 1165 4130 1278 4186; x_wconf 83' lang='lat' dir='ltr'><strong>nOccu·</strong></span> 
     </span>
     <span class='ocr_line' id='line_1_33' title="bbox 174 4209 1281 4287; baseline 0.002 -23"><span class='ocrx_word' id='word_1_215' title='bbox 174 4209 277 4264; x_wconf 78' lang='lat' dir='ltr'><strong>sionem</strong></span> <span class='ocrx_word' id='word_1_216' title='bbox 293 4209 327 4264; x_wconf 84' lang='lat' dir='ltr'><strong>de</strong></span> <span class='ocrx_word' id='word_1_217' title='bbox 346 4211 392 4265; x_wconf 80' lang='lat' dir='ltr'><strong>dle</strong></span> <span class='ocrx_word' id='word_1_218' title='bbox 412 4211 530 4284; x_wconf 81' lang='lat' dir='ltr'><strong>dumque</strong></span> <span class='ocrx_word' id='word_1_219' title='bbox 549 4213 639 4269; x_wconf 82' lang='lat' dir='ltr'><strong>circat</strong></span> <span class='ocrx_word' id='word_1_220' title='bbox 658 4213 763 4287; x_wconf 79' lang='lat' dir='ltr'><strong>genua]</strong></span> <span class='ocrx_word' id='word_1_221' title='bbox 784 4231 877 4270; x_wconf 85' lang='lat' dir='ltr'><strong>amore</strong></span> <span class='ocrx_word' id='word_1_222' title='bbox 890 4229 1048 4286; x_wconf 72' lang='lat' dir='ltr'><strong>permotum</strong></span> <span class='ocrx_word' id='word_1_223' title='bbox 1065 4213 1146 4284; x_wconf 78' lang='lat' dir='ltr'><strong>graui</strong></span> <span class='ocrx_word' id='word_1_224' title='bbox 1165 4213 1281 4268; x_wconf 81' lang='lat' dir='ltr'><strong>scribere</strong></span> 
     </span>
     <span class='ocr_line' id='line_1_34' title="bbox 176 4288 1278 4368; baseline 0.004 -24"><span class='ocrx_word' id='word_1_225' title='bbox 176 4289 322 4345; x_wconf 62' lang='lat' dir='ltr'><strong>ueramaloa</strong></span> <span class='ocrx_word' id='word_1_226' title='bbox 333 4288 370 4345; x_wconf 91' lang='lat' dir='ltr'><strong>V.</strong></span> <span class='ocrx_word' id='word_1_227' title='bbox 385 4307 443 4346; x_wconf 90' lang='lat' dir='ltr'><strong>om.</strong></span> <span class='ocrx_word' id='word_1_228' title='bbox 458 4289 539 4348; x_wconf 89' lang='lat' dir='ltr'><strong>Med.</strong></span> <span class='ocrx_word' id='word_1_229' title='bbox 611 4301 626 4334; x_wconf 89' lang='lat'>⁰</span> <span class='ocrx_word' id='word_1_230' title='bbox 641 4293 851 4368; x_wconf 81' lang='lat' dir='ltr'><strong>Sotadeusfiat]</strong></span> <span class='ocrx_word' id='word_1_231' title='bbox 867 4293 1000 4366; x_wconf 81' lang='lat' dir='ltr'><strong>spondeus</strong></span> <span class='ocrx_word' id='word_1_232' title='bbox 1003 4292 1043 4366; x_wconf 86' lang='lat' dir='ltr'><strong>fit</strong></span> <span class='ocrx_word' id='word_1_233' title='bbox 1058 4291 1094 4368; x_wconf 69' lang='lat' dir='ltr'><strong>V.</strong></span> <span class='ocrx_word' id='word_1_234' title='bbox 1164 4291 1278 4366; x_wconf 69' lang='lat' dir='ltr'><strong>renim]</strong></span> 
     </span>
     <span class='ocr_line' id='line_1_35' title="bbox 178 4369 1279 4448; baseline 0.002 -24"><span class='ocrx_word' id='word_1_235' title='bbox 178 4377 271 4424; x_wconf 83' lang='lat' dir='ltr'><strong>autem</strong></span> <span class='ocrx_word' id='word_1_236' title='bbox 285 4369 349 4448; x_wconf 43' lang='lat' dir='ltr'><strong>V„</strong></span> <span class='ocrx_word' id='word_1_237' title='bbox 432 4373 559 4444; x_wconf 77' lang='lat' dir='ltr'><strong>aanguli</strong></span> <span class='ocrx_word' id='word_1_238' title='bbox 573 4374 657 4448; x_wconf 82' lang='lat' dir='ltr'><strong>corii]</strong></span> <span class='ocrx_word' id='word_1_239' title='bbox 675 4375 860 4446; x_wconf 79' lang='lat' dir='ltr'><strong>vorlislngall</strong></span> <span class='ocrx_word' id='word_1_240' title='bbox 874 4373 909 4428; x_wconf 94' lang='lat' dir='ltr'><strong>V.</strong></span> <span class='ocrx_word' id='word_1_241' title='bbox 1014 4371 1133 4444; x_wconf 74' lang='lat' dir='ltr'><strong>rsircam]</strong></span> <span class='ocrx_word' id='word_1_242' title='bbox 1149 4391 1225 4428; x_wconf 81' lang='lat' dir='ltr'><strong>suam</strong></span> <span class='ocrx_word' id='word_1_243' title='bbox 1243 4373 1279 4427; x_wconf 93' lang='lat' dir='ltr'><strong>V.</strong></span> 
     </span>
     <span class='ocr_line' id='line_1_36' title="bbox 178 4449 1280 4528; baseline 0.002 -24"><span class='ocrx_word' id='word_1_244' title='bbox 178 4449 293 4522; x_wconf 76' lang='lat' dir='ltr'><strong>⁸nolis]</strong></span> <span class='ocrx_word' id='word_1_245' title='bbox 310 4451 386 4506; x_wconf 82' lang='lat' dir='ltr'><strong>nobis</strong></span> <span class='ocrx_word' id='word_1_246' title='bbox 399 4452 475 4508; x_wconf 81' lang='lat' dir='ltr'><strong>nobis</strong></span> <span class='ocrx_word' id='word_1_247' title='bbox 485 4453 522 4509; x_wconf 93' lang='lat' dir='ltr'><strong>V.</strong></span> <span class='ocrx_word' id='word_1_248' title='bbox 603 4453 775 4528; x_wconf 71' lang='lat' dir='ltr'><strong>tptun&#39;mum</strong></span> <span class='ocrx_word' id='word_1_249' title='bbox 788 4451 927 4528; x_wconf 83' lang='lat' dir='ltr'><strong>prodesse]</strong></span> <span class='ocrx_word' id='word_1_250' title='bbox 941 4453 1067 4526; x_wconf 82' lang='lat' dir='ltr'><strong>prodesse</strong></span> <span class='ocrx_word' id='word_1_251' title='bbox 1078 4453 1228 4526; x_wconf 77' lang='lat' dir='ltr'><strong>plurimum</strong></span> <span class='ocrx_word' id='word_1_252' title='bbox 1243 4451 1280 4507; x_wconf 96' lang='lat' dir='ltr'><strong>V.</strong></span> 
     </span>
     <span class='ocr_line' id='line_1_37' title="bbox 179 4528 636 4608; baseline 0.009 -21"><span class='ocrx_word' id='word_1_253' title='bbox 179 4528 250 4587; x_wconf 79' lang='lat' dir='ltr'><strong>Mox</strong></span> <span class='ocrx_word' id='word_1_254' title='bbox 265 4537 370 4606; x_wconf 83' lang='lat' dir='ltr'><strong>quanto</strong></span> <span class='ocrx_word' id='word_1_255' title='bbox 384 4529 436 4590; x_wconf 87' lang='lat' dir='ltr'><strong>bis.</strong></span> <span class='ocrx_word' id='word_1_256' title='bbox 450 4551 504 4608; x_wconf 91' lang='lat' dir='ltr'><strong>pro</strong></span> <span class='ocrx_word' id='word_1_257' title='bbox 518 4535 636 4608; x_wconf 84' lang='lat' dir='ltr'><strong>quondo.</strong></span> 
     </span>
    </p>
   </div>
   <div class='ocr_carea' id='block_1_4' title="bbox 0 0 1580 5142">
    <p class='ocr_par' dir='ltr' id='par_1_10' title="bbox 0 0 1580 5142">
     <span class='ocr_line' id='line_1_38' title="bbox 0 0 1580 5142; baseline 0 0"><span class='ocrx_word' id='word_1_258' title='bbox 0 0 1580 5142; x_wconf 95' lang='lat' dir='ltr'><strong> </strong></span> 
     </span>
    </p>
   </div>
  </div>
 </body>
</html>
