<?xml version="1.0" encoding="UTF-8"?>
<!DOCTYPE html PUBLIC "-//W3C//DTD XHTML 1.0 Transitional//EN"
    "http://www.w3.org/TR/xhtml1/DTD/xhtml1-transitional.dtd">
<html xmlns="http://www.w3.org/1999/xhtml" xml:lang="en" lang="en">
 <head>
  <title>
</title>
<meta http-equiv="Content-Type" content="text/html;charset=utf-8" />
  <meta name='ocr-system' content='tesseract 3.04.00' />
  <meta name='ocr-capabilities' content='ocr_page ocr_carea ocr_par ocr_line ocrx_word'/>
</head>
<body>
  <div class='ocr_page' id='page_1' title='image "./scriptoreslatin00gaisgoog_0191.png"; bbox 0 0 3076 5140; ppageno 0'>
   <div class='ocr_carea' id='block_1_1' title="bbox 144 433 1244 527">
    <p class='ocr_par' dir='ltr' id='par_1_1' title="bbox 144 433 1244 527">
     <span class='ocr_line' id='line_1_1' title="bbox 144 433 1244 527; baseline 0.004 -21"><span class='ocrx_word' id='word_1_1' title='bbox 144 458 229 508; x_wconf 77' lang='lat' dir='ltr'>car.</span> <span class='ocrx_word' id='word_1_2' title='bbox 247 450 304 508; x_wconf 79' lang='grc'>11.</span> <span class='ocrx_word' id='word_1_3' title='bbox 424 433 488 508; x_wconf 85' lang='lat' dir='ltr'>De</span> <span class='ocrx_word' id='word_1_4' title='bbox 504 433 671 508; x_wconf 74' lang='lat' dir='ltr'>trimetro</span> <span class='ocrx_word' id='word_1_5' title='bbox 686 459 795 508; x_wconf 81' lang='lat' dir='ltr'>versu</span> <span class='ocrx_word' id='word_1_6' title='bbox 811 434 974 510; x_wconf 83' lang='lat' dir='ltr'>iambico.</span> <span class='ocrx_word' id='word_1_7' title='bbox 1179 449 1244 527; x_wconf 83' lang='lat'>¹7¹</span> 
     </span>
    </p>
   </div>
   <div class='ocr_carea' id='block_1_2' title="bbox 144 617 1279 4066">
    <p class='ocr_par' dir='ltr' id='par_1_2' title="bbox 144 617 1279 2216">
     <span class='ocr_line' id='line_1_2' title="bbox 144 617 1248 720; baseline 0.003 -29"><span class='ocrx_word' id='word_1_8' title='bbox 144 618 353 692; x_wconf 86' lang='lat' dir='ltr'>trochaicus</span> <span class='ocrx_word' id='word_1_9' title='bbox 370 631 598 692; x_wconf 84' lang='lat' dir='ltr'>tetrametnrs</span> <span class='ocrx_word' id='word_1_10' title='bbox 616 617 844 693; x_wconf 76' lang='lat' dir='ltr'>catalecticus</span> <span class='ocrx_word' id='word_1_11' title='bbox 865 619 1049 693; x_wconf 90' lang='lat' dir='ltr'>efficietur.</span> <span class='ocrx_word' id='word_1_12' title='bbox 1100 619 1248 720; x_wconf 82' lang='lat' dir='ltr'><strong>Septem</strong></span> 
     </span>
     <span class='ocr_line' id='line_1_3' title="bbox 146 733 1251 835; baseline 0.001 -27"><span class='ocrx_word' id='word_1_13' title='bbox 146 735 246 808; x_wconf 89' lang='lat' dir='ltr'>enim</span> <span class='ocrx_word' id='word_1_14' title='bbox 264 733 431 808; x_wconf 78' lang='lat' dir='ltr'>trochaeis</span> <span class='ocrx_word' id='word_1_15' title='bbox 448 733 607 808; x_wconf 77' lang='lat' dir='ltr'>decursis</span> <span class='ocrx_word' id='word_1_16' title='bbox 624 735 761 808; x_wconf 84' lang='lat' dir='ltr'>extima</span> <span class='ocrx_word' id='word_1_17' title='bbox 777 735 929 808; x_wconf 90' lang='lat' dir='ltr'>omnino</span> <span class='ocrx_word' id='word_1_18' title='bbox 946 733 1062 808; x_wconf 89' lang='lat' dir='ltr'>versui</span> <span class='ocrx_word' id='word_1_19' title='bbox 1088 751 1251 835; x_wconf 79' lang='lat' dir='ltr'>superest</span> 
     </span>
     <span class='ocr_line' id='line_1_4' title="bbox 147 845 1279 949; baseline 0.004 -31"><span class='ocrx_word' id='word_1_20' title='bbox 147 845 288 945; x_wconf 82' lang='lat' dir='ltr'>syllaba</span> <span class='ocrx_word' id='word_1_21' title='bbox 306 872 370 944; x_wconf 90' lang='lat' dir='ltr'>per</span> <span class='ocrx_word' id='word_1_22' title='bbox 386 845 624 942; x_wconf 88' lang='lat' dir='ltr'>adjectionem</span> <span class='ocrx_word' id='word_1_23' title='bbox 647 847 898 946; x_wconf 89' lang='lat' dir='ltr'>amphimacri.</span> <span class='ocrx_word' id='word_1_24' title='bbox 949 850 1000 922; x_wconf 86' lang='lat' dir='ltr'>At</span> <span class='ocrx_word' id='word_1_25' title='bbox 1018 848 1046 922; x_wconf 88' lang='lat' dir='ltr'>si</span> <span class='ocrx_word' id='word_1_26' title='bbox 1065 875 1129 948; x_wconf 88' lang='lat' dir='ltr'>per</span> <span class='ocrx_word' id='word_1_27' title='bbox 1145 849 1279 949; x_wconf 90' lang='lat' dir='ltr'>dipo·6</span> 
     </span>
     <span class='ocr_line' id='line_1_5' title="bbox 148 961 1250 1050; baseline 0.005 -16"><span class='ocrx_word' id='word_1_28' title='bbox 148 961 244 1034; x_wconf 91' lang='lat' dir='ltr'>diam</span> <span class='ocrx_word' id='word_1_29' title='bbox 282 961 452 1035; x_wconf 79' lang='lat' dir='ltr'>scandere</span> <span class='ocrx_word' id='word_1_30' title='bbox 486 963 650 1050; x_wconf 89' lang='lat' dir='ltr'>volueris,</span> <span class='ocrx_word' id='word_1_31' title='bbox 680 965 748 1037; x_wconf 91' lang='lat' dir='ltr'>erit</span> <span class='ocrx_word' id='word_1_32' title='bbox 782 965 877 1038; x_wconf 90' lang='lat' dir='ltr'>idem</span> <span class='ocrx_word' id='word_1_33' title='bbox 913 965 1116 1040; x_wconf 81' lang='lat' dir='ltr'>trochaicus</span> <span class='ocrx_word' id='word_1_34' title='bbox 1152 981 1250 1040; x_wconf 85' lang='lat' dir='ltr'>cata-</span> 
     </span>
     <span class='ocr_line' id='line_1_6' title="bbox 148 1077 1249 1181; baseline 0.005 -32"><span class='ocrx_word' id='word_1_35' title='bbox 148 1077 311 1166; x_wconf 89' lang='lat' dir='ltr'>lecticus,</span> <span class='ocrx_word' id='word_1_36' title='bbox 328 1077 629 1152; x_wconf 87' lang='lat' dir='ltr'>concludentibus</span> <span class='ocrx_word' id='word_1_37' title='bbox 646 1105 788 1153; x_wconf 89' lang='lat' dir='ltr'>versum</span> <span class='ocrx_word' id='word_1_38' title='bbox 813 1079 890 1177; x_wconf 87' lang='lat' dir='ltr'>ejus</span> <span class='ocrx_word' id='word_1_39' title='bbox 915 1081 1165 1181; x_wconf 82' lang='lat' dir='ltr'>amphimacro</span> <span class='ocrx_word' id='word_1_40' title='bbox 1191 1083 1249 1154; x_wconf 84' lang='lat' dir='ltr'>vel</span> 
     </span>
     <span class='ocr_line' id='line_1_7' title="bbox 150 1192 1249 1295; baseline 0.003 -29"><span class='ocrx_word' id='word_1_41' title='bbox 150 1192 307 1292; x_wconf 89' lang='lat' dir='ltr'>dactylo.</span> <span class='ocrx_word' id='word_1_42' title='bbox 359 1193 495 1267; x_wconf 89' lang='lat' dir='ltr'>Contra</span> <span class='ocrx_word' id='word_1_43' title='bbox 518 1195 545 1266; x_wconf 86' lang='lat' dir='ltr'>si</span> <span class='ocrx_word' id='word_1_44' title='bbox 573 1194 754 1295; x_wconf 88' lang='lat' dir='ltr'>spondeus</span> <span class='ocrx_word' id='word_1_45' title='bbox 772 1197 917 1286; x_wconf 88' lang='lat' dir='ltr'>cretico,</span> <span class='ocrx_word' id='word_1_46' title='bbox 936 1211 977 1270; x_wconf 90' lang='lat' dir='ltr'>ut</span> <span class='ocrx_word' id='word_1_47' title='bbox 993 1197 1136 1270; x_wconf 92' lang='lat' dir='ltr'>iambus</span> <span class='ocrx_word' id='word_1_48' title='bbox 1154 1211 1249 1271; x_wconf 78' lang='lat' dir='ltr'>¹²tro-</span> 
     </span>
     <span class='ocr_line' id='line_1_8' title="bbox 150 1309 1248 1410; baseline 0.004 -28"><span class='ocrx_word' id='word_1_49' title='bbox 150 1309 262 1396; x_wconf 82' lang='lat' dir='ltr'>chaeo,</span> <span class='ocrx_word' id='word_1_50' title='bbox 274 1309 520 1398; x_wconf 87' lang='lat' dir='ltr'>subnectatur,</span> <span class='ocrx_word' id='word_1_51' title='bbox 537 1311 596 1384; x_wconf 90' lang='lat' dir='ltr'>cui</span> <span class='ocrx_word' id='word_1_52' title='bbox 614 1311 742 1409; x_wconf 88' lang='lat' dir='ltr'>prima,</span> <span class='ocrx_word' id='word_1_53' title='bbox 756 1325 797 1384; x_wconf 92' lang='lat' dir='ltr'>ut</span> <span class='ocrx_word' id='word_1_54' title='bbox 815 1311 978 1410; x_wconf 86' lang='lat' dir='ltr'>superius</span> <span class='ocrx_word' id='word_1_55' title='bbox 996 1311 1197 1398; x_wconf 89' lang='lat' dir='ltr'>docuimus,</span> <span class='ocrx_word' id='word_1_56' title='bbox 1212 1314 1248 1386; x_wconf 91' lang='lat' dir='ltr'>in</span> 
     </span>
     <span class='ocr_line' id='line_1_9' title="bbox 152 1421 1250 1528; baseline 0.005 -34"><span class='ocrx_word' id='word_1_57' title='bbox 152 1422 315 1496; x_wconf 86' lang='lat' dir='ltr'>iambicis</span> <span class='ocrx_word' id='word_1_58' title='bbox 332 1421 434 1496; x_wconf 90' lang='lat' dir='ltr'>sedes</span> <span class='ocrx_word' id='word_1_59' title='bbox 451 1436 516 1512; x_wconf 88' lang='lat' dir='ltr'>est,</span> <span class='ocrx_word' id='word_1_60' title='bbox 536 1426 696 1524; x_wconf 87' lang='lat' dir='ltr'>(semper</span> <span class='ocrx_word' id='word_1_61' title='bbox 708 1425 826 1499; x_wconf 85' lang='lat' dir='ltr'>⁰enim</span> <span class='ocrx_word' id='word_1_62' title='bbox 845 1439 986 1498; x_wconf 89' lang='lat' dir='ltr'>remoto</span> <span class='ocrx_word' id='word_1_63' title='bbox 1000 1426 1250 1528; x_wconf 84' lang='lat' dir='ltr'>amphimacro</span> 
     </span>
     <span class='ocr_line' id='line_1_10' title="bbox 150 1539 1251 1637; baseline 0.002 -25"><span class='ocrx_word' id='word_1_64' title='bbox 150 1541 309 1637; x_wconf 91' lang='lat' dir='ltr'>primum</span> <span class='ocrx_word' id='word_1_65' title='bbox 326 1539 474 1612; x_wconf 88' lang='lat' dir='ltr'>tertium</span> <span class='ocrx_word' id='word_1_66' title='bbox 493 1553 530 1612; x_wconf 91' lang='lat' dir='ltr'>et</span> <span class='ocrx_word' id='word_1_67' title='bbox 546 1539 715 1637; x_wconf 87' lang='lat' dir='ltr'>quintum</span> <span class='ocrx_word' id='word_1_68' title='bbox 734 1539 874 1614; x_wconf 90' lang='lat' dir='ltr'>obtinet</span> <span class='ocrx_word' id='word_1_69' title='bbox 892 1541 1040 1635; x_wconf 89' lang='lat' dir='ltr'>locum‚)</span> <span class='ocrx_word' id='word_1_70' title='bbox 1063 1541 1170 1614; x_wconf 87' lang='lat' dir='ltr'>series</span> <span class='ocrx_word' id='word_1_71' title='bbox 1189 1541 1251 1614; x_wconf 93' lang='lat' dir='ltr'>illa</span> 
     </span>
     <span class='ocr_line' id='line_1_11' title="bbox 150 1654 1277 1756; baseline 0.001 -29"><span class='ocrx_word' id='word_1_72' title='bbox 150 1654 285 1752; x_wconf 82' lang='lat' dir='ltr'>deque</span> <span class='ocrx_word' id='word_1_73' title='bbox 302 1656 587 1753; x_wconf 79' lang='lat' dir='ltr'>supradiximus</span> <span class='ocrx_word' id='word_1_74' title='bbox 605 1655 751 1728; x_wconf 79' lang='lat' dir='ltr'>trochaei</span> <span class='ocrx_word' id='word_1_75' title='bbox 771 1656 981 1730; x_wconf 86' lang='lat' dir='ltr'>mutabitur.</span> <span class='ocrx_word' id='word_1_76' title='bbox 1024 1655 1122 1730; x_wconf 86' lang='lat' dir='ltr'>Nam</span> <span class='ocrx_word' id='word_1_77' title='bbox 1141 1656 1277 1756; x_wconf 65' lang='lat' dir='ltr'>longaq</span> 
     </span>
     <span class='ocr_line' id='line_1_12' title="bbox 150 1768 1250 1870; baseline 0.003 -28"><span class='ocrx_word' id='word_1_78' title='bbox 150 1768 272 1842; x_wconf 84' lang='lat' dir='ltr'>cretici</span> <span class='ocrx_word' id='word_1_79' title='bbox 290 1769 407 1855; x_wconf 89' lang='lat' dir='ltr'>tertia,</span> <span class='ocrx_word' id='word_1_80' title='bbox 425 1770 618 1868; x_wconf 81' lang='lat' dir='ltr'>conjuncta</span> <span class='ocrx_word' id='word_1_81' title='bbox 634 1769 701 1842; x_wconf 90' lang='lat' dir='ltr'>sibi</span> <span class='ocrx_word' id='word_1_82' title='bbox 725 1784 897 1868; x_wconf 89' lang='lat' dir='ltr'>sequente</span> <span class='ocrx_word' id='word_1_83' title='bbox 923 1771 1042 1870; x_wconf 88' lang='lat' dir='ltr'>longa,</span> <span class='ocrx_word' id='word_1_84' title='bbox 1060 1771 1250 1862; x_wconf 84' lang='lat' dir='ltr'>trochaeos,</span> 
     </span>
     <span class='ocr_line' id='line_1_13' title="bbox 150 1885 1249 1986; baseline 0.004 -30"><span class='ocrx_word' id='word_1_85' title='bbox 150 1899 189 1956; x_wconf 91' lang='lat' dir='ltr'>ut</span> <span class='ocrx_word' id='word_1_86' title='bbox 222 1909 333 1982; x_wconf 90' lang='lat' dir='ltr'>supra</span> <span class='ocrx_word' id='word_1_87' title='bbox 365 1885 600 1974; x_wconf 84' lang='lat' dir='ltr'>ostendimus,</span> <span class='ocrx_word' id='word_1_88' title='bbox 625 1911 690 1984; x_wconf 91' lang='lat' dir='ltr'>per</span> <span class='ocrx_word' id='word_1_89' title='bbox 722 1885 884 1960; x_wconf 88' lang='lat' dir='ltr'>ordinem</span> <span class='ocrx_word' id='word_1_90' title='bbox 920 1887 971 1960; x_wconf 89' lang='lat' dir='ltr'>ire</span> <span class='ocrx_word' id='word_1_91' title='bbox 1001 1913 1071 1960; x_wconf 88' lang='lat' dir='ltr'>uon</span> <span class='ocrx_word' id='word_1_92' title='bbox 1103 1887 1249 1986; x_wconf 88' lang='lat' dir='ltr'>patitur,</span> 
     </span>
     <span class='ocr_line' id='line_1_14' title="bbox 150 1998 1248 2102; baseline 0.004 -30"><span class='ocrx_word' id='word_1_93' title='bbox 150 1998 312 2098; x_wconf 86' lang='lat' dir='ltr'>spondeo</span> <span class='ocrx_word' id='word_1_94' title='bbox 326 2000 461 2074; x_wconf 87' lang='lat' dir='ltr'>scilicet</span> <span class='ocrx_word' id='word_1_95' title='bbox 474 2001 744 2088; x_wconf 85' lang='lat' dir='ltr'>interveniente,</span> <span class='ocrx_word' id='word_1_96' title='bbox 755 2001 816 2098; x_wconf 92' lang='lat' dir='ltr'>qui</span> <span class='ocrx_word' id='word_1_97' title='bbox 830 2002 987 2076; x_wconf 89' lang='lat' dir='ltr'>iambico</span> <span class='ocrx_word' id='word_1_98' title='bbox 1000 2029 1103 2076; x_wconf 86' lang='lat' dir='ltr'>versu</span> <span class='ocrx_word' id='word_1_99' title='bbox 1115 2003 1248 2102; x_wconf 87' lang='lat' dir='ltr'>dispari</span> 
     </span>
     <span class='ocr_line' id='line_1_15' title="bbox 150 2115 778 2216; baseline 0.003 -28"><span class='ocrx_word' id='word_1_100' title='bbox 150 2115 229 2188; x_wconf 88' lang='lat' dir='ltr'>loco</span> <span class='ocrx_word' id='word_1_101' title='bbox 247 2116 285 2188; x_wconf 92' lang='lat' dir='ltr'>in</span> <span class='ocrx_word' id='word_1_102' title='bbox 303 2117 511 2190; x_wconf 74' lang='lat' dir='ltr'>Ptrochaico</span> <span class='ocrx_word' id='word_1_103' title='bbox 528 2118 604 2216; x_wconf 87' lang='lat' dir='ltr'>pari</span> <span class='ocrx_word' id='word_1_104' title='bbox 622 2117 778 2216; x_wconf 90' lang='lat' dir='ltr'>ponitur.</span> 
     </span>
    </p>

    <p class='ocr_par' dir='ltr' id='par_1_3' title="bbox 150 2231 1278 3590">
     <span class='ocr_line' id='line_1_16' title="bbox 197 2231 1278 2331; baseline 0.004 -27"><span class='ocrx_word' id='word_1_105' title='bbox 197 2231 296 2304; x_wconf 87' lang='lat' dir='ltr'>Sane</span> <span class='ocrx_word' id='word_1_106' title='bbox 321 2233 528 2307; x_wconf 88' lang='lat' dir='ltr'>memineris</span> <span class='ocrx_word' id='word_1_107' title='bbox 555 2233 717 2330; x_wconf 89' lang='lat' dir='ltr'>quinque</span> <span class='ocrx_word' id='word_1_108' title='bbox 743 2232 899 2330; x_wconf 87' lang='lat' dir='ltr'>syllabas</span> <span class='ocrx_word' id='word_1_109' title='bbox 926 2235 1049 2306; x_wconf 87' lang='lat' dir='ltr'>breves</span> <span class='ocrx_word' id='word_1_110' title='bbox 1070 2233 1108 2306; x_wconf 91' lang='lat' dir='ltr'>in</span> <span class='ocrx_word' id='word_1_111' title='bbox 1127 2233 1278 2331; x_wconf 85' lang='lat' dir='ltr'>hujus-s</span> 
     </span>
     <span class='ocr_line' id='line_1_17' title="bbox 152 2346 1250 2448; baseline 0.001 -28"><span class='ocrx_word' id='word_1_112' title='bbox 152 2346 247 2420; x_wconf 90' lang='lat' dir='ltr'>modi</span> <span class='ocrx_word' id='word_1_113' title='bbox 273 2373 377 2422; x_wconf 87' lang='lat' dir='ltr'>versu</span> <span class='ocrx_word' id='word_1_114' title='bbox 401 2375 505 2448; x_wconf 90' lang='lat' dir='ltr'>posse</span> <span class='ocrx_word' id='word_1_115' title='bbox 531 2374 596 2447; x_wconf 91' lang='lat' dir='ltr'>pro</span> <span class='ocrx_word' id='word_1_116' title='bbox 621 2374 695 2421; x_wconf 91' lang='lat' dir='ltr'>uno</span> <span class='ocrx_word' id='word_1_117' title='bbox 721 2348 853 2422; x_wconf 88' lang='lat' dir='ltr'>cretico</span> <span class='ocrx_word' id='word_1_118' title='bbox 880 2348 977 2446; x_wconf 91' lang='lat' dir='ltr'>poni,</span> <span class='ocrx_word' id='word_1_119' title='bbox 999 2348 1061 2421; x_wconf 91' lang='lat' dir='ltr'>sed</span> <span class='ocrx_word' id='word_1_120' title='bbox 1085 2375 1164 2421; x_wconf 89' lang='lat' dir='ltr'>raro</span> <span class='ocrx_word' id='word_1_121' title='bbox 1189 2347 1250 2421; x_wconf 89' lang='lat' dir='ltr'>ad-</span> 
     </span>
     <span class='ocr_line' id='line_1_18' title="bbox 150 2463 1250 2562; baseline 0 -26"><span class='ocrx_word' id='word_1_122' title='bbox 150 2463 313 2537; x_wconf 91' lang='lat' dir='ltr'>modum.</span> <span class='ocrx_word' id='word_1_123' title='bbox 368 2465 412 2538; x_wconf 91' lang='lat' dir='ltr'>In</span> <span class='ocrx_word' id='word_1_124' title='bbox 430 2465 579 2540; x_wconf 89' lang='lat' dir='ltr'>comicis</span> <span class='ocrx_word' id='word_1_125' title='bbox 597 2477 718 2538; x_wconf 88' lang='lat' dir='ltr'>autem</span> <span class='ocrx_word' id='word_1_126' title='bbox 737 2491 811 2537; x_wconf 91' lang='lat' dir='ltr'>uon</span> <span class='ocrx_word' id='word_1_127' title='bbox 828 2463 1038 2552; x_wconf 86' lang='lat' dir='ltr'>succedunt,</span> <span class='ocrx_word' id='word_1_128' title='bbox 1056 2489 1122 2536; x_wconf 88' lang='lat' dir='ltr'>nee</span> <span class='ocrx_word' id='word_1_129' title='bbox 1140 2489 1250 2562; x_wconf 87' lang='lat' dir='ltr'>copu-</span> 
     </span>
     <span class='ocr_line' id='line_1_19' title="bbox 150 2579 1247 2679; baseline 0 -27"><span class='ocrx_word' id='word_1_130' title='bbox 150 2581 427 2678; x_wconf 83' lang='lat' dir='ltr'>lantursyllabae</span> <span class='ocrx_word' id='word_1_131' title='bbox 438 2581 706 2679; x_wconf 88' lang='lat' dir='ltr'>insequentium</span> <span class='ocrx_word' id='word_1_132' title='bbox 720 2579 854 2679; x_wconf 87' lang='lat' dir='ltr'>pedum</span> <span class='ocrx_word' id='word_1_133' title='bbox 870 2579 1062 2679; x_wconf 86' lang='lat' dir='ltr'>prioribus,</span> <span class='ocrx_word' id='word_1_134' title='bbox 1072 2592 1114 2652; x_wconf 95' lang='lat' dir='ltr'>ut</span> <span class='ocrx_word' id='word_1_135' title='bbox 1124 2603 1247 2677; x_wconf 89' lang='lat' dir='ltr'>supra:</span> 
     </span>
     <span class='ocr_line' id='line_1_20' title="bbox 150 2693 1247 2794; baseline 0.001 -27"><span class='ocrx_word' id='word_1_136' title='bbox 150 2721 217 2768; x_wconf 90' lang='lat' dir='ltr'>nec</span> <span class='ocrx_word' id='word_1_137' title='bbox 234 2709 422 2770; x_wconf 86' lang='lat' dir='ltr'>mutantur</span> <span class='ocrx_word' id='word_1_138' title='bbox 435 2696 544 2794; x_wconf 82' lang='lat' dir='ltr'>pedes</span> <span class='ocrx_word' id='word_1_139' title='bbox 558 2697 594 2768; x_wconf 90' lang='lat' dir='ltr'>in</span> <span class='ocrx_word' id='word_1_140' title='bbox 606 2695 743 2794; x_wconf 85' lang='lat' dir='ltr'>tragico</span> <span class='ocrx_word' id='word_1_141' title='bbox 755 2693 940 2793; x_wconf 88' lang='lat' dir='ltr'>quadrato,</span> <span class='ocrx_word' id='word_1_142' title='bbox 952 2693 1032 2767; x_wconf 87' lang='lat' dir='ltr'>ideo</span> <span class='ocrx_word' id='word_1_143' title='bbox 1045 2693 1141 2792; x_wconf 93' lang='lat' dir='ltr'>quod</span> <span class='ocrx_word' id='word_1_144' title='bbox 1153 2707 1247 2768; x_wconf 78' lang='lat' dir='ltr'>‘lrron</span> 
     </span>
     <span class='ocr_line' id='line_1_21' title="bbox 151 2809 1249 2910; baseline 0.002 -28"><span class='ocrx_word' id='word_1_145' title='bbox 151 2811 334 2910; x_wconf 85' lang='lat' dir='ltr'>sesquipes</span> <span class='ocrx_word' id='word_1_146' title='bbox 348 2812 490 2908; x_wconf 91' lang='lat' dir='ltr'>aliquis,</span> <span class='ocrx_word' id='word_1_147' title='bbox 499 2811 535 2885; x_wconf 92' lang='lat' dir='ltr'>id</span> <span class='ocrx_word' id='word_1_148' title='bbox 546 2826 601 2885; x_wconf 88' lang='lat' dir='ltr'>est</span> <span class='ocrx_word' id='word_1_149' title='bbox 611 2809 1066 2910; x_wconf 88' lang='lat' dir='ltr'>trisyllabus,anteponitur</span> <span class='ocrx_word' id='word_1_150' title='bbox 1075 2811 1249 2902; x_wconf 87' lang='lat' dir='ltr'>trimetro,</span> 
     </span>
     <span class='ocr_line' id='line_1_22' title="bbox 150 2923 1249 3024; baseline -0.001 -25"><span class='ocrx_word' id='word_1_151' title='bbox 150 2927 211 3024; x_wconf 89' lang='lat' dir='ltr'>qui</span> <span class='ocrx_word' id='word_1_152' title='bbox 225 2927 418 3002; x_wconf 89' lang='lat' dir='ltr'>conturbet</span> <span class='ocrx_word' id='word_1_153' title='bbox 428 2927 603 3012; x_wconf 89' lang='lat' dir='ltr'>ordinem,</span> <span class='ocrx_word' id='word_1_154' title='bbox 618 2939 775 3023; x_wconf 89' lang='lat' dir='ltr'>utsupra</span> <span class='ocrx_word' id='word_1_155' title='bbox 785 2923 1022 3014; x_wconf 84' lang='lat' dir='ltr'>ostendimus,</span> <span class='ocrx_word' id='word_1_156' title='bbox 1030 2925 1165 3022; x_wconf 91' lang='lat' dir='ltr'>quique</span> <span class='ocrx_word' id='word_1_157' title='bbox 1178 2953 1249 3000; x_wconf 83' lang='lat' dir='ltr'>res-</span> 
     </span>
     <span class='ocr_line' id='line_1_23' title="bbox 151 3040 1248 3142; baseline -0.001 -27"><span class='ocrx_word' id='word_1_158' title='bbox 151 3044 278 3141; x_wconf 88' lang='lat' dir='ltr'>quipes</span> <span class='ocrx_word' id='word_1_159' title='bbox 297 3056 485 3142; x_wconf 76' lang='lat' dir='ltr'>&#39;appareat</span> <span class='ocrx_word' id='word_1_160' title='bbox 504 3042 703 3142; x_wconf 88' lang='lat' dir='ltr'>superfluus</span> <span class='ocrx_word' id='word_1_161' title='bbox 722 3052 805 3139; x_wconf 90' lang='lat' dir='ltr'>post</span> <span class='ocrx_word' id='word_1_162' title='bbox 821 3040 1024 3112; x_wconf 85' lang='lat' dir='ltr'>trimetrum</span> <span class='ocrx_word' id='word_1_163' title='bbox 1044 3040 1082 3112; x_wconf 89' lang='lat' dir='ltr'>in</span> <span class='ocrx_word' id='word_1_164' title='bbox 1106 3040 1248 3114; x_wconf 89' lang='lat' dir='ltr'>ultimo.</span> 
     </span>
     <span class='ocr_line' id='line_1_24' title="bbox 151 3155 1277 3256; baseline -0.001 -27"><span class='ocrx_word' id='word_1_165' title='bbox 151 3156 280 3256; x_wconf 86' lang='lat' dir='ltr'>ltaque</span> <span class='ocrx_word' id='word_1_166' title='bbox 298 3171 338 3229; x_wconf 91' lang='lat' dir='ltr'>ut</span> <span class='ocrx_word' id='word_1_167' title='bbox 348 3183 469 3231; x_wconf 81' lang='lat' dir='ltr'>versus</span> <span class='ocrx_word' id='word_1_168' title='bbox 486 3157 643 3256; x_wconf 87' lang='lat' dir='ltr'>tragicus</span> <span class='ocrx_word' id='word_1_169' title='bbox 658 3155 879 3254; x_wconf 79' lang='lat' dir='ltr'>&#39;anteposito</span> <span class='ocrx_word' id='word_1_170' title='bbox 896 3155 1108 3254; x_wconf 87' lang='lat' dir='ltr'>sesquipede</span> <span class='ocrx_word' id='word_1_171' title='bbox 1124 3181 1169 3228; x_wconf 84' lang='lat' dir='ltr'>ex</span> <span class='ocrx_word' id='word_1_172' title='bbox 1186 3158 1277 3236; x_wconf 86' lang='lat' dir='ltr'>tri-9</span> 
     </span>
     <span class='ocr_line' id='line_1_25' title="bbox 151 3269 1249 3370; baseline 0.001 -26"><span class='ocrx_word' id='word_1_173' title='bbox 151 3287 267 3344; x_wconf 88' lang='lat' dir='ltr'>metro</span> <span class='ocrx_word' id='word_1_174' title='bbox 278 3273 327 3345; x_wconf 75' lang='lat' dir='ltr'>ut</span> <span class='ocrx_word' id='word_1_175' title='bbox 345 3285 583 3362; x_wconf 85' lang='lat' dir='ltr'>tetrametrus,</span> <span class='ocrx_word' id='word_1_176' title='bbox 600 3271 651 3344; x_wconf 91' lang='lat' dir='ltr'>ita</span> <span class='ocrx_word' id='word_1_177' title='bbox 667 3271 828 3344; x_wconf 88' lang='lat' dir='ltr'>comicus</span> <span class='ocrx_word' id='word_1_178' title='bbox 846 3270 1012 3370; x_wconf 85' lang='lat' dir='ltr'>apposito</span> <span class='ocrx_word' id='word_1_179' title='bbox 1035 3269 1249 3370; x_wconf 88' lang='lat' dir='ltr'>sesquipede</span> 
     </span>
     <span class='ocr_line' id='line_1_26' title="bbox 151 3385 1249 3483; baseline 0 -23"><span class='ocrx_word' id='word_1_180' title='bbox 151 3387 187 3460; x_wconf 91' lang='lat' dir='ltr'>in</span> <span class='ocrx_word' id='word_1_181' title='bbox 206 3387 335 3462; x_wconf 89' lang='lat' dir='ltr'>ultima</span> <span class='ocrx_word' id='word_1_182' title='bbox 348 3386 431 3460; x_wconf 90' lang='lat' dir='ltr'>sede</span> <span class='ocrx_word' id='word_1_183' title='bbox 448 3413 572 3460; x_wconf 88' lang='lat' dir='ltr'>versus</span> <span class='ocrx_word' id='word_1_184' title='bbox 584 3385 749 3483; x_wconf 73' lang='lat' dir='ltr'>‘adaeque</span> <span class='ocrx_word' id='word_1_185' title='bbox 766 3386 949 3458; x_wconf 89' lang='lat' dir='ltr'>trimetrus</span> <span class='ocrx_word' id='word_1_186' title='bbox 962 3385 1128 3460; x_wconf 89' lang='lat' dir='ltr'>reddetur</span> <span class='ocrx_word' id='word_1_187' title='bbox 1141 3401 1249 3461; x_wconf 89' lang='lat' dir='ltr'>tetra-</span> 
     </span>
     <span class='ocr_line' id='line_1_27' title="bbox 152 3515 357 3590; baseline -0.015 -14"><span class='ocrx_word' id='word_1_188' title='bbox 152 3516 299 3590; x_wconf 90' lang='lat' dir='ltr'>metrus,</span> <span class='ocrx_word' id='word_1_189' title='bbox 315 3515 357 3574; x_wconf 92' lang='lat' dir='ltr'>ut</span> 
     </span>
    </p>

    <p class='ocr_par' dir='ltr' id='par_1_4' title="bbox 150 3615 1249 4066">
     <span class='ocr_line' id='line_1_28' title="bbox 180 3615 1248 3717; baseline 0 -26"><span class='ocrx_word' id='word_1_190' title='bbox 180 3619 225 3691; x_wconf 85' lang='lat' dir='ltr'>Si</span> <span class='ocrx_word' id='word_1_191' title='bbox 241 3618 322 3717; x_wconf 84' lang='lat' dir='ltr'>quis</span> <span class='ocrx_word' id='word_1_192' title='bbox 333 3643 406 3716; x_wconf 82' lang='lat' dir='ltr'>per</span> <span class='ocrx_word' id='word_1_193' title='bbox 421 3643 541 3692; x_wconf 85' lang='lat' dir='ltr'>omnes</span> <span class='ocrx_word' id='word_1_194' title='bbox 557 3616 646 3690; x_wconf 83' lang='lat' dir='ltr'>milri</span> <span class='ocrx_word' id='word_1_195' title='bbox 662 3615 862 3716; x_wconf 82' lang='lat' dir='ltr'>deosjuret</span> <span class='ocrx_word' id='word_1_196' title='bbox 874 3625 1020 3713; x_wconf 82' lang='lat' dir='ltr'>patrem</span> <span class='ocrx_word' id='word_1_197' title='bbox 1039 3615 1248 3691; x_wconf 82' lang='lat' dir='ltr'>Lachetem.</span> 
     </span>
     <span class='ocr_line' id='line_1_29' title="bbox 150 3731 1249 3835; baseline -0.004 -27"><span class='ocrx_word' id='word_1_198' title='bbox 150 3733 196 3808; x_wconf 92' lang='lat' dir='ltr'>In</span> <span class='ocrx_word' id='word_1_199' title='bbox 223 3734 292 3808; x_wconf 89' lang='lat' dir='ltr'>hoc</span> <span class='ocrx_word' id='word_1_200' title='bbox 318 3747 440 3808; x_wconf 86' lang='lat' dir='ltr'>autem</span> <span class='ocrx_word' id='word_1_201' title='bbox 465 3761 570 3808; x_wconf 88' lang='lat' dir='ltr'>versu</span> <span class='ocrx_word' id='word_1_202' title='bbox 598 3761 663 3835; x_wconf 89' lang='lat' dir='ltr'>per</span> <span class='ocrx_word' id='word_1_203' title='bbox 689 3731 926 3828; x_wconf 89' lang='lat' dir='ltr'>adjectionem</span> <span class='ocrx_word' id='word_1_204' title='bbox 957 3757 1030 3804; x_wconf 91' lang='lat' dir='ltr'>non</span> <span class='ocrx_word' id='word_1_205' title='bbox 1062 3743 1249 3806; x_wconf 88' lang='lat' dir='ltr'>mutantur</span> 
     </span>
     <span class='ocr_line' id='line_1_30' title="bbox 150 3846 1247 3950; baseline 0 -30"><span class='ocrx_word' id='word_1_206' title='bbox 150 3847 271 3947; x_wconf 86' lang='lat' dir='ltr'>pedes,</span> <span class='ocrx_word' id='word_1_207' title='bbox 288 3863 330 3922; x_wconf 91' lang='lat' dir='ltr'>ut</span> <span class='ocrx_word' id='word_1_208' title='bbox 347 3849 384 3922; x_wconf 90' lang='lat' dir='ltr'>in</span> <span class='ocrx_word' id='word_1_209' title='bbox 401 3849 548 3950; x_wconf 87' lang='lat' dir='ltr'>tragico,</span> <span class='ocrx_word' id='word_1_210' title='bbox 566 3849 650 3948; x_wconf 87' lang='lat' dir='ltr'>quia</span> <span class='ocrx_word' id='word_1_211' title='bbox 668 3847 852 3947; x_wconf 87' lang='lat' dir='ltr'>sesquipes</span> <span class='ocrx_word' id='word_1_212' title='bbox 872 3847 1008 3921; x_wconf 84' lang='lat' dir='ltr'>ultimae</span> <span class='ocrx_word' id='word_1_213' title='bbox 1027 3848 1118 3947; x_wconf 84' lang='lat' dir='ltr'>parti</span> <span class='ocrx_word' id='word_1_214' title='bbox 1139 3846 1247 3942; x_wconf 91' lang='lat' dir='ltr'>junc-</span> 
     </span>
     <span class='ocr_line' id='line_1_31' title="bbox 150 3962 1246 4066; baseline 0 -30"><span class='ocrx_word' id='word_1_215' title='bbox 150 3978 221 4051; x_wconf 88' lang='lat' dir='ltr'>tus,</span> <span class='ocrx_word' id='word_1_216' title='bbox 244 3991 362 4064; x_wconf 89' lang='lat' dir='ltr'>neque</span> <span class='ocrx_word' id='word_1_217' title='bbox 390 3978 432 4038; x_wconf 92' lang='lat' dir='ltr'>ot</span> <span class='ocrx_word' id='word_1_218' title='bbox 457 3965 638 4066; x_wconf 88' lang='lat' dir='ltr'>superiore</span> <span class='ocrx_word' id='word_1_219' title='bbox 668 3977 784 4038; x_wconf 86' lang='lat' dir='ltr'>metro</span> <span class='ocrx_word' id='word_1_220' title='bbox 810 3965 1023 4063; x_wconf 85' lang='lat' dir='ltr'>permixtus,</span> <span class='ocrx_word' id='word_1_221' title='bbox 1048 3962 1246 4038; x_wconf 86' lang='lat' dir='ltr'>clausulam</span> 
     </span>
    </p>
   </div>
   <div class='ocr_carea' id='block_1_3' title="bbox 149 4229 1246 4388">
    <p class='ocr_par' dir='ltr' id='par_1_5' title="bbox 149 4229 1246 4388">
     <span class='ocr_line' id='line_1_32' title="bbox 189 4229 1244 4308; baseline -0.004 -16"><span class='ocrx_word' id='word_1_222' title='bbox 189 4244 206 4276; x_wconf 78' lang='lat'>⁸</span> <span class='ocrx_word' id='word_1_223' title='bbox 220 4233 359 4308; x_wconf 72' lang='lat' dir='ltr'>trocheo]</span> <span class='ocrx_word' id='word_1_224' title='bbox 377 4231 508 4292; x_wconf 84' lang='lat' dir='ltr'>trocheus</span> <span class='ocrx_word' id='word_1_225' title='bbox 521 4233 554 4290; x_wconf 98' lang='lat' dir='ltr'>P.</span> <span class='ocrx_word' id='word_1_226' title='bbox 570 4233 596 4290; x_wconf 88' lang='lat' dir='ltr'>b.</span> <span class='ocrx_word' id='word_1_227' title='bbox 612 4253 637 4290; x_wconf 84' lang='lat' dir='ltr'>v.</span> <span class='ocrx_word' id='word_1_228' title='bbox 652 4231 804 4290; x_wconf 88' lang='lat' dir='ltr'>delendum</span> <span class='ocrx_word' id='word_1_229' title='bbox 820 4229 937 4290; x_wconf 82' lang='lat' dir='ltr'>ridetur.</span> <span class='ocrx_word' id='word_1_230' title='bbox 999 4241 1015 4274; x_wconf 89' lang='lat'><strong>⁰</strong></span> <span class='ocrx_word' id='word_1_231' title='bbox 1028 4229 1104 4288; x_wconf 85' lang='lat' dir='ltr'>eninr</span> <span class='ocrx_word' id='word_1_232' title='bbox 1120 4231 1244 4306; x_wconf 87' lang='lat' dir='ltr'>remota]</span> 
     </span>
     <span class='ocr_line' id='line_1_33' title="bbox 149 4309 1246 4388; baseline -0.002 -18"><span class='ocrx_word' id='word_1_233' title='bbox 149 4311 220 4372; x_wconf 86' lang='lat' dir='ltr'>nibil</span> <span class='ocrx_word' id='word_1_234' title='bbox 235 4325 346 4372; x_wconf 84' lang='lat' dir='ltr'>remoto</span> <span class='ocrx_word' id='word_1_235' title='bbox 360 4315 390 4372; x_wconf 89' lang='lat' dir='ltr'>P.</span> <span class='ocrx_word' id='word_1_236' title='bbox 512 4323 529 4369; x_wconf 85' lang='grc'><strong>1</strong></span> <span class='ocrx_word' id='word_1_237' title='bbox 543 4311 699 4385; x_wconf 84' lang='lat' dir='ltr'>trochaico]</span> <span class='ocrx_word' id='word_1_238' title='bbox 715 4312 831 4370; x_wconf 86' lang='lat' dir='ltr'>trocheo</span> <span class='ocrx_word' id='word_1_239' title='bbox 846 4311 881 4370; x_wconf 88' lang='grc' dir='ltr'>Ρ.</span> <span class='ocrx_word' id='word_1_240' title='bbox 985 4321 1002 4368; x_wconf 81' lang='grc'>(1</span> <span class='ocrx_word' id='word_1_241' title='bbox 1016 4331 1074 4369; x_wconf 90' lang='lat' dir='ltr'>non</span> <span class='ocrx_word' id='word_1_242' title='bbox 1088 4309 1246 4388; x_wconf 83' lang='lat' dir='ltr'>sesquipes]</span> 
     </span>
    </p>
   </div>
   <div class='ocr_carea' id='block_1_4' title="bbox 149 4389 1247 4472">
    <p class='ocr_par' dir='ltr' id='par_1_6' title="bbox 149 4389 1247 4472">
     <span class='ocr_line' id='line_1_34' title="bbox 149 4389 1247 4472; baseline -0.002 -20"><span class='ocrx_word' id='word_1_243' title='bbox 149 4393 333 4472; x_wconf 87' lang='lat' dir='ltr'>nossequipes</span> <span class='ocrx_word' id='word_1_244' title='bbox 346 4395 379 4454; x_wconf 94' lang='lat' dir='ltr'>P.</span> <span class='ocrx_word' id='word_1_245' title='bbox 493 4393 664 4472; x_wconf 81' lang='lat' dir='ltr'>rapparear]</span> <span class='ocrx_word' id='word_1_246' title='bbox 681 4403 798 4470; x_wconf 88' lang='lat' dir='ltr'>apparet</span> <span class='ocrx_word' id='word_1_247' title='bbox 812 4391 842 4450; x_wconf 91' lang='lat' dir='ltr'>P.</span> <span class='ocrx_word' id='word_1_248' title='bbox 953 4389 1152 4470; x_wconf 72' lang='lat' dir='ltr'>&#39;anteposito]</span> <span class='ocrx_word' id='word_1_249' title='bbox 1168 4403 1247 4450; x_wconf 85' lang='lat' dir='ltr'>ante·</span> 
     </span>
    </p>
   </div>
   <div class='ocr_carea' id='block_1_5' title="bbox 149 4487 731 4703">
    <p class='ocr_par' dir='ltr' id='par_1_7' title="bbox 149 4487 731 4703">
     <span class='ocr_line' id='line_1_35' title="bbox 149 4487 675 4617; baseline -0.002 -21"><span class='ocrx_word' id='word_1_250' title='bbox 149 4487 245 4597; x_wconf 65' lang='lat' dir='ltr'>libito</span> <span class='ocrx_word' id='word_1_251' title='bbox 259 4540 290 4597; x_wconf 91' lang='grc' dir='ltr'>Ρ.</span> <span class='ocrx_word' id='word_1_252' title='bbox 372 4537 526 4616; x_wconf 69' lang='lat' dir='ltr'>tusaque]</span> <span class='ocrx_word' id='word_1_253' title='bbox 542 4551 625 4617; x_wconf 87' lang='lat' dir='ltr'>atque</span> <span class='ocrx_word' id='word_1_254' title='bbox 640 4537 675 4596; x_wconf 96' lang='lat' dir='ltr'>P.</span> 
     </span>
     <span class='ocr_line' id='line_1_36' title="bbox 668 4647 731 4703; baseline 0.016 -1"><span class='ocrx_word' id='word_1_255' title='bbox 668 4655 689 4702; x_wconf 90' lang='lat' dir='ltr'><strong>z</strong></span> <span class='ocrx_word' id='word_1_256' title='bbox 709 4647 731 4703; x_wconf 82' lang='lat'>2</span> 
     </span>
    </p>
   </div>
   <div class='ocr_carea' id='block_1_6' title="bbox 0 0 1549 5140">
    <p class='ocr_par' dir='ltr' id='par_1_8' title="bbox 0 0 1549 5140">
     <span class='ocr_line' id='line_1_37' title="bbox 0 0 1549 5140; baseline 0 0"><span class='ocrx_word' id='word_1_257' title='bbox 0 0 1549 5140; x_wconf 95' lang='lat' dir='ltr'> </span> 
     </span>
    </p>
   </div>
  </div>
 </body>
</html>
