2980 5142
21 409 228 488 zisunas.
276 420 279 430 ·
462 395 658 474 ’merituri
671 399 801 499 quinti.
1104 409 1174 472 52³

142 577 253 653 matu
266 577 331 663 nun
348 579 399 642 vn
412 577 536 664 mnne
548 573 671 666 „affl
683 541 919 668 «apamien
933 580 1051 644 nnn.

91 703 357 778 Duodecimn
384 703 455 777 ode
480 717 636 778 mctmm
666 705 919 804 habet,¹qnod
946 707 993 778 ab
1021 705 1176 778 Horatio
1192 738 1220 773 ι,

21 819 318 919 compositum
336 818 479 908 dicitur,
497 832 535 893 et
556 813 749 921 per‘binos
774 839 895 896 verim
919 821 1114 910 scanditur,
1131 839 1189 895 cx.

26 937 204 1033 quibus
225 955 320 1009 unus
338 935 548 1009 hexameter
565 936 730 1010 heroicus
746 943 813 1023 est,

150 1067 323 1152 Hom-idai
339 1065 511 1154 tempelstas
527 1069 646 1154 coelium
659 1067 828 1149 conitrnrit
840 1067 1004 1151 etlimdres.

39 1194 170 1266 Aiter
189 1217 242 1265 ex
257 1192 473 1291 ”dactylico
488 1207 527 1266 et
542 1193 665 1266 iambo
682 1195 922 1294 componitur.
960 1195 1058 1270 Nam
1073 1210 1177 1294 quat-

46 1321 150 1380 tuor
170 1307 289 1406 pedes
314 1307 453 1380 iambos
473 1307 593 1393 habet,
611 1309 667 1380 vel
684 1309 787 1399 duos,
806 1310 834 1382 si
854 1311 1072 1410 compositos
1089 1325 1178 1410 npo-

50 1449 153 1495 nere
175 1421 361 1512 malueris,
378 1436 420 1495 et'
432 1421 523 1496 duos
541 1421 713 1523 dactylos,
731 1440 767 1498 et
785 1426 1017 1526 semipedem.
1067 1427 1178 1500 Scan·
1251 1439 1284 1516 ᾖ

52 1538 169 1611 ditur
188 1551 315 1611 autem
333 1539 396 1626 sic,

131 1650 314 1740 Nivetique
327 1651 500 1740 deidrtcranti
515 1653 653 1742 ‘’Jouemi
668 1675 754 1719 nnnc
768 1661 862 1744 more}
878 1678 964 1720 nunc
976 1657 1096 1744 sylotae.

117 1779 284 1853 Decima
301 1778 407 1852 tertia
429 1777 497 1852 ode
514 1806 617 1878 aeque
634 1781 680 1854 ab
699 1781 854 1856 Horatio
871 1784 1072 1882 composita
1089 1783 1225 1884 dici-1³,

63 1910 141 1986 tur,
160 1909 198 1968 et
218 1919 282 1994 per
300 1895 402 1966 binos
419 1921 541 1968 versus
560 1895 754 1983 scanditur,
771 1909 837 1970 tex
857 1899 996 1996 quibus.
1006 1913 1060 1974 est
1077 1926 1176 1972 unus

66 2012 289 2082 hexameter
313 2009 525 2110 dactylicus,
549 2013 638 2084 alter
663 2025 869 2087 tetrameter
892 2015 1080 2102 iambicus,
1098 2016 1176 2088 uvel

68 2127 243 2214 dimeter,

91 2247 95 2252 “
205 2243 466 2330 Mountntmtn!
481 2243 684 2328 cartenitano
697 2243 902 2333 dyifirderiti
918 2246 1002 2310 imis.
1091 2308 1094 2330 ι

126 2369 282 2442 Decima
311 2387 438 2468 quarta
466 2371 546 2463 ode,
572 2372 641 2446 hoc
674 2373 770 2446 idem
804 2385 959 2446 metrum
990 2373 1112 2460 habet,
1139 2387 1177 2447 et
1192 2402 1223 2450 1⁴

76 2483 243 2558 similiter
261 2485 455 2575 scanditur,

207 2616 286 2681 Noc
299 2622 374 2704 nat}
389 2626 420 2682 et
433 2617 691 2707 coellofhlssrebati
705 2620 785 2684 lano
798 2621 926 2704 seireno.

131 2743 284 2819 Decima
300 2745 427 2844 quinta
451 2745 520 2820 ode
542 2773 587 2820 ex
613 2745 755 2822 duobus
782 2747 998 2822 hexametris
1023 2760 1175 2838 constat,
1192 2780 1219 2832 ¹⁵

83 2859 258 2959 dactylico
275 2874 312 2934 et
328 2861 496 2961 iambico,
913 2869 916 2874 ’

206 2975 403 3062 Alteralpam
419 2979 543 3060 teriitur
557 2977 653 3060 belilis
665 2975 827 3062 silvilidttal
843 2986 934 3042 cetus.

134 3102 283 3176 Decima
300 3117 402 3177 sexta
418 3102 487 3176 ode
511 3103 707 3177 iambicum
734 3117 888 3177 metrum
916 3103 1037 3192 habet,
1053 3115 1091 3176 et
1111 3128 1175 3201 per
1191 3129 1220 3180 1⁶

89 3219 236 3319 singulos
254 3245 375 3292 versus
393 3219 588 3308 scanditur,

206 3351 360 3438 Jomjam
375 3351 530 3440 qji'ficaici
544 3351 714 3437 dopnunttd
731 3351 903 3436 ‘scienltitm

93 3476 162 3550 Hic
184 3503 311 3566 versus,
336 3479 398 3573 qui
418 3504 567 3551 carmen
594 3479 753 3552 seculare
781 3477 993 3578 appellatur,
1019 3474 1176 3576 Sapphi-

95 3617 169 3664 cum
195 3605 348 3666 metrum
380 3592 501 3678 habet,
528 3593 639 3690 quod,
669 3607 709 3666 ut
738 3619 845 3692 supra
874 3591 1045 3682 diximus,
1072 3617 1175 3664 scan-

96 3705 189 3793 ditur,

247 3829 367 3918 Phchet
382 3831 622 3920 ayloalrumpnei
635 3832 753 3919 potensi
768 3831 892 3893 Dianio.

134 4097 313 4178 &dignissima
330 4099 431 4174 barris]
448 4101 587 4157 diuisam
602 4099 693 4157 bardis
706 4099 740 4156 n.
873 4095 882 4140 ¹
896 4096 971 4174 quod
985 4095 1022 4154 ab
1037 4097 1173 4171 Horatio]

102 4183 204 4255 quodque
215 4181 250 4236 ab
263 4181 356 4236 oracio
367 4181 402 4237 A.
486 4189 510 4222 Μ
524 4179 665 4258 dactylico
680 4189 710 4236 et
723 4179 833 4252 iambo]
849 4179 959 4252 dactylo
973 4185 1000 4234 et
1015 4177 1129 4234 iambico
1139 4179 1173 4236 A.

103 4271 214 4338 nponere
234 4253 373 4324 malueris,
388 4272 418 4316 et
435 4259 507 4318 duos
521 4259 646 4338 dactylos
668 4271 698 4317 et
715 4258 901 4336 semipedem]
925 4259 1055 4315 malueris
1073 4275 1175 4331 ponere

103 4344 159 4397 dunt
169 4349 191 4397 et
201 4341 331 4416 dactylico
345 4348 372 4396 et
385 4341 518 4416 semipede
531 4342 565 4398 A.
636 4339 778 4412 ⁰Jovem]
794 4357 887 4396 novem
904 4339 940 4395 A.
1032 4347 1097 4394 tex
1111 4337 1175 4414 qui-

105 4421 158 4494 bus]
171 4421 300 4495 exquibus
312 4427 352 4477 est
366 4421 400 4477 Α.
492 4418 565 4478 (trel
579 4417 712 4495 dimeter]
729 4420 772 4476 vel
786 4423 907 4476 trimeter
920 4419 956 4476 Α.
1058 4415 1174 4476 rscien-

106 4499 155 4575 tie]
169 4503 267 4560 cientiae.
298 4501 382 4576 Erpl.
398 4519 445 4558 ort
459 4501 526 4558 liber
541 4502 693 4557 Diomedis.
719 4501 759 4556 Hi
772 4517 872 4557 nerum

574 4607 684 4667 sxa
