3082 5140
294 396 367 476 ⁴26
747 399 939 476 Diomedis
1255 423 1334 474 niu.
1349 425 1405 476 111.

269 617 284 658 ⁴
349 579 448 680 Ergo
466 579 631 654 binarum
651 579 869 678 syllabarum
889 595 974 656 suut
991 581 1049 656 hi:

350 695 491 774 Primus
517 721 580 794 pes
597 693 802 793 dibrachys,
820 695 988 782 bibiena,
1006 696 1236 796 pyrrhichius
1262 698 1319 771 rel
1346 725 1409 797 pa-

301 813 461 888 riambus
494 812 550 886 vel
586 811 794 912 thegemon
826 813 953 888 Graece
981 813 1135 898 dicitur;
1173 829 1320 888 constat
1362 839 1407 886 ex

301 929 442 1004 duabus
468 927 635 1002 brevibus
662 941 868 1028 temporum
895 929 1022 1017 duum,
1047 929 1247 1004 sutDeu.
1306 931 1408 1004 Ante

301 1043 400 1118 enim
419 1043 535 1116 brevis
553 1056 680 1141 'quam
701 1044 808 1144 longa
834 1044 971 1142 syllaba
993 1059 1134 1144 reperta
1156 1059 1221 1134 est,
1238 1059 1281 1118 ut
1304 1047 1407 1144 prius

275 1187 417 1244 sunum
448 1185 557 1256 quam
589 1160 675 1234 duo.
739 1159 828 1234 Ideo
857 1175 978 1236 autem
1009 1161 1256 1260 'pyrrhichius
1284 1161 1406 1234 dictus

302 1289 400 1365 “est‚
417 1291 564 1376 propter
578 1275 824 1376 pyrrhicham‚
839 1277 925 1375 quia
947 1278 1091 1350 brevem
1118 1277 1295 1375 syllabam
1323 1305 1407 1376 pro-

301 1391 455 1466 ferentes
481 1393 648 1492 spiritum
669 1393 856 1467 arctiorem
885 1393 993 1467 labris
1018 1393 1314 1467 concurrentibus
1342 1421 1406 1466 ex-

301 1509 493 1608 plicamus,
522 1513 620 1606 ‘quae
649 1509 865 1610 compositio
901 1508 1108 1605 hujusmodi
1144 1509 1405 1584 modulationis

301 1623 506 1726 pyrrhichae
533 1625 724 1700 convenit:
754 1626 808 1700 vel
837 1653 857 1698 a
886 1625 1027 1724 Pyrrho
1043 1625 1196 1700 Achillis
1224 1627 1313 1712 filio,
1340 1629 1403 1724 qui

301 1739 434 1814 crebris
451 1755 488 1812 et
504 1741 585 1816 citis
602 1741 905 1816 'exultationibus
923 1741 977 1814 bis
996 1741 1149 1816 breviter
1165 1744 1405 1841 'prominen-

302 1871 377 1930 tem
403 1855 562 1956 clipeum
588 1857 740 1954 genibus
763 1857 990 1944 incumbens,
1006 1871 1044 1958 et
1069 1883 1133 1956 per
1163 1859 1262 1932 hunc
1291 1860 1404 1932 hosti-

303 1975 370 2050 bus
405 1986 603 2048 *termrem
640 1975 828 2048 inmittens
863 1975 1120 2062 sinferebatur,
1151 1975 1244 2049 sicut
1278 2002 1405 2050 versus

273 2089 479 2180 ainlustrat,
501 2087 673 2162 ὑπασπίδια
688 2099 884 2189 προβιβῶντι.
936 2091 1034 2166 Cum
1052 2119 1138 2190 ergo
1154 2091 1287 2190 gradus
1305 2093 1405 2166 'vult

301 2207 456 2280 breviter
484 2204 693 2278 accedentes
720 2219 899 2280 ostentare
922 2205 944 2250 *
962 2209 1018 2280 vel
1048 2223 1259 2308 expetenter
1285 2210 1404 2282 Athe-
1522 2297 1523 2300 Ἴ

301 2321 442 2394 nieoses
469 2347 533 2420 per
559 2319 693 2394 indicte
718 2321 953 2421 dispositione
979 2323 1135 2398 milliens
1159 2324 1289 2396 faciem
1315 2325 1401 2398 belli

300 2451 490 2524 ostentare,
508 2436 680 2512 mobilem
699 2436 947 2512 decursionem
965 2438 1175 2538 pyrrhichio
1192 2438 1286 2538 pede
1302 2466 1403 2512 com·

302 2567 447 2630 menius
474 2567 539 2642 est,
557 2566 614 2626 'et
629 2552 727 2626 idern
754 2567 908 2632 metrum
936 2554 1186 2653 pyrrhichium
1213 2582 1235 2626 u
1261 2555 1403 2653 Pyrrho
1522 2553 1523 2562 ἶ

301 2663 491 2769 repertum'
514 2683 552 2742 et
585 2669 814 2741 inlustratum
857 2669 1138 2768 cognominavit,
1167 2670 1228 2744 sed
1268 2672 1350 2770 ipse
1382 2701 1402 2746 a

299 2784 434 2884 pedum
461 2783 660 2858 mobilitate
686 2784 782 2880 quod
810 2783 1030 2886 btripudians
1058 2787 1200 2863 ordines
1227 2801 1265 2860 et
1293 2789 1404 2862 Cine-

301 3077 534 3152 tasyllebi-erga
548 3077 673 3133 binarum
693 3078 860 3152 syllabarum
880 3079 943 3136 sarit
962 3081 990 3136 bi
1007 3083 1114 3154 primus
1130 3099 1179 3156 pes
1192 3083 1348 3139 dibraccbie
1363 3085 1401 3140 bi-

302 3159 388 3216 hesir
401 3158 471 3216 AB.
487 3169 516 3215 et
531 3157 587 3216 iere
602 3159 636 3216 B.
651 3159 700 3215 ubi
718 3159 996 3236 ditrutam-Ergo
1011 3163 1136 3219 binarum
1150 3163 1181 3222 S.
1201 3171 1265 3220 rent
1281 3163 1311 3220 m·
1325 3165 1401 3221 Ven.

301 3249 317 3296 t>
332 3239 497 3316 Hegemoo]
513 3257 613 3314 oegoean
630 3238 701 3296 Vea.
836 3250 853 3295 (ι
868 3241 910 3314 ut]
927 3249 977 3300 aul
990 3243 1023 3300 C.
1145 3245 1271 3320 rquiam]
1289 3263 1351 3319 quae
1366 3245 1400 3303 B.

301 3306 505 3396 ⁸Pyrrhichius
516 3319 625 3394 antem]
644 3322 704 3376 idea
715 3325 806 3376 antem
818 3323 973 3395 pyrrichius
983 3323 1090 3381 A.B.C.
1101 3322 1172 3380 Ven.
1208 3333 1233 3365 θ’
1245 3333 1284 3381 est
1296 3345 1355 3382 om.
1365 3325 1399 3382 B.

300 3399 387 3475 tque
397 3404 501 3476 campo
513 3397 709 3473 hnjuscemodi
721 3400 923 3477 modulationi]
941 3423 1000 3476 que
1009 3406 1165 3476 compositio
1175 3403 1329 3476 hujusmodi
1340 3425 1399 3463 ma-

301 3481 451 3536 dulationis
464 3479 569 3538 A.B.C.
586 3480 769 3552 hujuscemodi
784 3484 976 3541 rnodnlationir
985 3485 1133 3560 pyrrichiis
1147 3483 1220 3542 Ven.
1267 3495 1281 3526 t
1297 3489 1399 3544 modu·

300 3556 466 3631 lotionibus]
483 3562 693 3619 exultationibus
707 3563 814 3620 A.B.C.
924 3575 1128 3642 'promovens
1141 3563 1278 3642 clipeum]
1293 3571 1398 3641 pram-

300 3647 408 3698 nentem
423 3641 538 3713 clipeum
551 3643 661 3701 A.B.C.
677 3645 749 3700 Ven.
873 3653 889 3686 ¹
904 3657 1036 3704 terrorem
1053 3645 1194 3720 hostibus]
1212 3647 1332 3706 nantas
1343 3657 1399 3705 ter·

301 3739 390 3782 rorem
404 3721 511 3780 nnc.
529 3741 580 3796 per
595 3724 645 3780 boc
659 3733 791 3782 terrorem
805 3726 834 3782 li.
850 3725 1001 3784 Sentenius
1014 3727 1051 3784 sd
1065 3727 1293 3790 TerentMaur.
1310 3749 1337 3806 p.
1350 3746 1366 3804 5
1369 3745 1398 3804 5.

300 3803 480 3868 {ferebatun
496 3802 569 3860 sicut
585 3823 679 3862 versus
699 3805 746 3862 ille
761 3805 885 3864 ostendit
904 3809 946 3864 nal
959 3813 998 3864 ὑπ’
1013 3807 1110 3864 ἀσπίδα
1123 3809 1277 3882 προποδίζων]
1300 3809 1399 3885 insere-
1522 3851 1523 3854 η

301 3886 392 3954 batur,
411 3889 482 3942 sicut
503 3903 595 3942 versus
616 3885 746 3942 inlustrat
766 3889 910 3962 ypaqsidio
926 3889 1082 3962 probinonti
1095 3889 1167 3946 Ait.
1182 3902 1213 3946 et
1227 3888 1284 3946 fere
1299 3890 1334 3947 C.
1354 3895 1397 3948 in-

290 3965 441 4040 ferebatur
454 3967 572 4022 ὑπάηιδι
586 3957 717 4038 ambiens·
732 3967 806 4024 Ven.
974 3979 989 4010 ¹
1005 3968 1090 4026 vellet
1105 3967 1225 4030 breviter
1238 3971 1398 4028 accedentis

299 4059 442 4107 ostentare
458 4045 607 4119 mobilem]
631 4045 691 4114 oali
714 4046 831 4104 breviter
851 4051 1007 4108 accedentes
1027 4058 1163 4108 ostentare
1180 4053 1224 4108 oei
1243 4061 1400 4126 expetenter
1522 4075 1523 4078 ¹

302 4129 468 4200 (expetentes
493 4127 544 4198 B.)
573 4127 748 4184 Athenienses
765 4147 817 4201 per
831 4131 931 4187 indicte
944 4131 1117 4205 dispositione
1134 4133 1334 4207 (dispositiones
1348 4134 1397 4206 Β.)

300 4207 417 4263 milliens
425 4207 533 4283 facim
548 4207 612 4268 belli
627 4215 763 4266 ostantare
776 4211 902 4267 mobilem
917 4211 1028 4270 A.B.C.
1042 4213 1103 4268 aab
1115 4211 1189 4269 Van.
1342 4224 1359 4256 ⁸
1371 4229 1399 4272 et

261 4363 263 4366 Ι
299 4283 364 4344 ideo
375 4299 496 4345 metrum
507 4285 699 4364 pyrrhichium
714 4308 731 4345 a
744 4289 849 4366 Pyrrho
864 4303 1006 4368 repertum
1021 4305 1051 4350 et
1065 4291 1235 4350 illustratum
1251 4293 1399 4372 cognomi·

300 4365 395 4438 nstin]
419 4376 447 4423 et
465 4369 536 4424 ilem
554 4387 642 4426 meum
665 4371 741 4438 (eum
754 4371 790 4427 B.
805 4373 833 4426 in
848 4391 909 4428 eam
923 4371 969 4445 C.)
987 4373 1147 4446 pyrricham
1200 4392 1286 4448 pyrro
1307 4393 1398 4450 reper-

301 4453 358 4502 tani
379 4453 406 4500 et
426 4448 602 4506 inlustratum
624 4453 822 4522 cognominavit
841 4453 913 4509 ΑΒ.
933 4463 962 4510 et
981 4453 1040 4510 fere
1054 4453 1087 4510 Ο.
1109 4457 1312 4527 cognominavit
1325 4457 1398 4513 Ven.

299 4521 314 4566 b
330 4525 487 4604 tripudians
501 4545 615 4602 quoque
628 4541 658 4586 et
674 4534 783 4598 «melae
801 4545 845 4590 est
865 4531 1099 4608 cognominatus]
1124 4537 1275 4610 tripedianr
1296 4537 1398 4610 (tripe-
1487 4528 1500 4560 ⁰
