3124 5120
16 503 18 518 ,
156 433 238 484 cnr.
254 425 312 484 10.
510 409 574 484 De
594 409 773 484 Trimctro
789 435 909 484 uersu.
1190 408 1257 486 163

366 669 474 752 Cer.
498 669 551 752 X.
599 673 664 753 Dr
692 671 897 754 Trinwtro
916 701 1047 756 versu.

204 813 390 911 Sequitur,
424 827 463 886 ut
499 812 608 910 juxta
643 813 869 912 propositum
900 813 1076 904 ordinem,
1105 813 1257 890 trimetri

158 954 301 1025 quoque
329 929 440 1017 heroi,
458 931 511 1002 vei
540 931 569 1002 si
594 928 681 1027 quid
705 954 750 1001 ex
777 955 821 1001 eo
844 929 980 1002 editum
1002 944 1068 1016 est,
1086 929 1177 1002 ratio
1196 929 1259 1004 ha-

159 1046 231 1118 bita
249 1046 483 1143 inspectaque
501 1045 690 1146 pandatur.
733 1044 803 1118 Est
819 1059 939 1118 autem
959 1045 1157 1118 hexametri
1176 1038 1285 1144 por-2

159 1160 206 1232 tio
234 1159 435 1233 subsistens
464 1159 618 1259 pedibus
645 1161 774 1250 tribus,
801 1160 898 1258 quod
932 1187 1046 1259 genus
1073 1187 1094 1234 a
1122 1161 1258 1235 Graecis

161 1275 254 1348 haud
272 1274 441 1348 inmerito
457 1276 582 1370 ἡμιεπές
601 1289 769 1360 vocatum
797 1275 903 1372 hujus
921 1277 1144 1374 exemplum,

406 1397 596 1473 Panditur
612 1399 756 1474 interea
772 1399 910 1486 domus,

159 1495 301 1586 dehinc,

160 1693 192 1767 It
411 1595 679 1693 omnipotentis
699 1595 858 1696 Olympi.

193 1720 262 1779 ern,

407 1791 521 1866 Hunc
538 1791 658 1866 lucum
674 1791 740 1867 tihi
757 1791 891 1883 dedico,

158 1891 301 1980 dehinc,

411 1987 657 2090 Currere-uque
673 1989 825 2087 Priape.

160 2113 266 2198 Quod
312 2125 467 2185 metrum
514 2113 702 2213 Priapeum
747 2141 767 2188 a
801 2113 1016 2212 quibusdam
1061 2112 1259 2186 aestimatur

159 2242 305 2328 propter
322 2229 505 2326 geminam
523 2229 811 2320 similitudinem,
827 2231 872 2304 de
893 2257 967 2328 quo
984 2256 1050 2303 suo
1066 2231 1144 2302 ioco
1161 2229 1259 2303 dice-

160 2369 252 2416 mus.
302 2341 525 2417 'I'rimetrum
544 2345 655 2443 igitur
671 2345 813 2446 epicum
836 2347 927 2419 nihil
952 2374 971 2419 a
997 2345 1167 2444 glyconio
1184 2369 1286 2420 mes

159 2473 214 2531 tro
247 2458 389 2532 differre
421 2461 586 2534 nonnulli
620 2461 878 2550 ‘tcontendunt
907 2460 1005 2558 quod
1038 2471 1181 2532 constat
1212 2483 1274 2530 ex-

160 2573 320 2674 spondeo
343 2586 381 2647 et
402 2575 614 2648 choriambo
641 2590 678 2650 et
702 2575 912 2676 pyrrhichio
937 2575 994 2648 vel
1021 2573 1180 2648 trochaeo
1206 2571 1260 2644 ui-

160 2690 261 2779 timo,
278 2715 324 2762 ex
341 2715 414 2788 quo
431 2691 533 2789 plura
551 2690 647 2792 apud
665 2690 861 2764 Horatium
881 2705 1018 2765 asmata
1036 2701 1142 2764 sunt:
1168 2701 1221 2778 ut,

361 2821 425 2896 Sic
441 2831 478 2896 te
494 2823 578 2897 diva
591 2831 720 2920 potens
740 2821 866 2922 Cypri.

160 2951 207 3025 et,
340 3033 472 3110 Mater
487 3061 584 3110 sceva
604 3035 836 3136 Cupidinum.

160 3147 206 3222 et,
362 3233 491 3308 Donec
502 3246 638 3335 grutw
654 3262 756 3312 mum
773 3237 850 3312 tibi.

160 3388 196 3448 et
211 3389 343 3448 cetera.
393 3373 491 3447 Nam
515 3375 545 3448 si
571 3375 685 3448 solvas
703 3375 954 3448 choriambum
972 3385 1010 3446 et
1026 3371 1288 3450 novissimam

160 3490 236 3586 ejus
250 3488 459 3588 ‘syllabam
472 3503 511 3562 ut
523 3490 562 3562 in
572 3490 753 3590 superiore
764 3489 857 3563 iibro
867 3487 1075 3587 plenissime
1088 3488 1260 3578 diximus,

161 3631 258 3680 nunc
283 3632 399 3704 pauca
417 3606 709 3692 memorabimus,
727 3605 861 3679 scimus
878 3603 915 3676 in
932 3601 1113 3703 dactylico
1129 3629 1260 3704 genere

160 3747 237 3794 csse
253 3734 292 3794 et
311 3721 551 3820 pariambum,
569 3721 631 3819 qui
658 3748 782 3822 parem
809 3719 919 3793 habet
942 3721 1137 3794 sublationi
1163 3720 1260 3820 posi-

161 3835 312 3926 tionem,
329 3835 365 3910 id
382 3852 438 3910 est
454 3837 548 3910 arsin
566 3848 603 3910 et
619 3836 750 3911 thesin.
794 3837 914 3933 Major
940 3851 1060 3911 autem
1079 3851 1135 3910 est
1151 3861 1260 3935 spon-

200 4087 421 4218 uconttendunt]
437 4101 537 4148 contra
550 4087 729 4148 contendunt
742 4089 778 4166 P..
787 4107 875 4166 marg.
968 4085 1128 4164 rsyllabam
1142 4084 1186 4158 in]
1203 4083 1259 4162 syl·

257 4185 276 4218 u

162 4233 253 4292 tabam
294 4235 325 4292 in
341 4235 372 4292 P.
394 4235 547 4310 Sequentia
557 4253 623 4292 curu
638 4231 871 4292 antecedentibus
884 4230 955 4289 male
969 4231 1107 4290 coherere
1119 4227 1259 4287 videntur.

201 4473 231 4528 4.
245 4463 277 4512 ut
289 4455 442 4530 aperiorr]
466 4453 598 4513 scribitur
618 4453 648 4512 in
670 4456 821 4532 archetypo
835 4453 864 4509 in
884 4453 1023 4525 superiore
1038 4451 1118 4518 libro,
1133 4449 1183 4510 sed
1203 4468 1260 4508 non

164 4533 256 4594 miuus
270 4554 369 4594 sensus
384 4535 480 4594 heret.
501 4535 653 4594 CAMER.
1218 4539 1224 4550 '

682 4643 748 4700 ΥΞ
