3076 5140
530 841 821 938 mann·
889 803 1194 978 enom

651 1023 694 1058 fx

669 1053 1039 1208 ‘QCERDOTIS

652 1337 743 1418 DE
792 1339 1113 1422 METRLS..

719 1597 1013 1640 --,.-..

761 1791 971 1895 Prcesatr'o.

318 1905 554 2022 MARIUS
581 1949 717 2020 Plotius
735 1947 906 2022 Sacerdos
927 1949 1114 2049 composui
1134 1950 1263 2024 Romae
1281 1951 1425 2024 docens

316 2063 362 2135 de
381 2063 515 2134 metris.

368 2180 491 2261 Quum
519 2177 564 2249 de
593 2177 764 2251 institutis
793 2180 877 2251 artis
905 2181 1148 2280 grammaticae
1175 2181 1293 2281 primo
1321 2177 1424 2252 libro

319 2319 378 2366 me
404 2293 609 2366 tractavisse
638 2291 891 2394 '’comperisset
918 2294 972 2366 vir
997 2295 1214 2368 clarissimus
1244 2295 1422 2382 Uranius,

318 2435 385 2483 nec
402 2409 435 2481 ei
453 2408 705 2508 displicuisset,
717 2411 772 2482 vel
791 2409 887 2506 quod
914 2435 986 2482 non
1010 2409 1162 2483 absurde
1179 2409 1422 2508 compositus,

317 2527 372 2598 vel
392 2524 488 2622 quod
509 2525 550 2597 ad
575 2523 651 2620 ejus
673 2525 789 2596 filium
807 2525 853 2598 V.
865 2527 905 2598 O.
925 2525 1013 2597 mibi
1033 2525 1340 2612 contubernalem,
1356 2535 1421 2598 eet

317 2655 422 2714 aetate
448 2667 540 2740 pene
566 2639 765 2735 studiisque
790 2638 1023 2735 conjunctum
1052 2641 1233 2714 Gaianam
1260 2638 1420 2738 scriptus

317 2769 422 2844 esset,
449 2754 626 2852 compulit
653 2767 692 2826 ut
717 2755 825 2827 etiam
856 2755 902 2828 de
932 2755 1122 2828 nominum
1150 2757 1420 2852 verborumque

197 2941 200 2950 ,
317 2871 465 2958 ratione,
484 2896 638 2944 necnon
657 2867 786 2942 detiam
806 2869 851 2942 de
868 2883 1127 2944 structurarum
1143 2859 1421 2970 compositioni-

290 2985 384 3066 2bus
402 2985 645 3084 exprimendis
669 2985 822 3058 breviter
846 2987 1055 3058 laborarem.
1107 2985 1219 3081 Cujus
1245 2999 1421 3082 praestan·

317 3101 445 3173 tissimi
473 3101 536 3174 viri
562 3101 786 3196 jussionibus
812 3101 926 3173 libens
953 3100 1104 3173 arbitror
1132 3101 1225 3174 libro
1256 3100 1420 3173 secundo

317 3243 382 3288 nos
399 3216 659 3316 explicabiliter
675 3215 850 3300 obedisse,
869 3241 966 3287 nunc
983 3215 1019 3286 in
1040 3215 1108 3288 hoc
1125 3215 1198 3289 sive
1216 3215 1322 3290 tertio
1338 3215 1420 3289 sive

318 3330 512 3404 novissimo
534 3331 664 3403 artium
689 3331 791 3420 libro,
809 3333 854 3403 ab
872 3329 998 3402 eodem
1025 3357 1170 3403 summo
1192 3332 1269 3405 viro
1295 3344 1421 3404 ‘com-

318 3443 507 3518 mendatus
525 3445 626 3517 vobis
645 3445 728 3518 viris
747 3445 988 3546 amplissimis,
1004 3445 1201 3518 nobilitatis
1225 3445 1418 3546 splendore

316 3557 465 3657 praedito
484 3559 663 3647 Maximo,
679 3575 716 3632 et
733 3561 831 3632 omni
851 3559 957 3632 leude
974 3559 1191 3660 praedicabili
1213 3561 1416 3660 Simplicio,

316 3699 469 3769 quorum
489 3688 525 3745 et
543 3672 587 3745 ad
602 3698 692 3770 quos
708 3675 797 3748 seria
815 3701 886 3747 non
906 3675 972 3748 nisi
990 3675 1034 3748 de
1054 3675 1178 3748 litteris
1192 3690 1418 3765 exercentur,

316 3787 486 3886 quoniam
500 3789 628 3885 jubere
645 3789 781 3888 dignati
800 3789 897 3879 estis,
912 3817 970 3862 me
987 3817 1091 3891 posse
1103 3789 1149 3864 de
1167 3793 1289 3865 metris
1303 3787 1415 3865 etiam

357 4116 373 4147 ⁸
385 4103 506 4162 MARII
520 4105 624 4162 PLOT
626 4105 654 4162 11
670 4103 884 4163 SACERDOT
885 4106 920 4164 IS
935 4105 990 4162 DE
1006 4105 1173 4180 METRIS]
1192 4107 1237 4163 ltu
1251 4107 1316 4165 MS.
1333 4106 1415 4165 Leid.

315 4184 411 4262 Vulgo
425 4185 546 4242 MARII
571 4184 705 4242 PLOTII
724 4185 780 4242 AD
795 4186 1000 4244 MAXIMUM
1022 4187 1074 4244 ET
1095 4186 1337 4245 SIMPLICIUM
1353 4187 1414 4246 CL.

316 4267 352 4321 V.
363 4265 400 4322 V.
424 4263 479 4320 DE
500 4263 653 4322 METRlS
672 4265 806 4324 LIBER.
928 4263 944 4307 b
958 4265 1143 4343 comperisset
1158 4265 1197 4323 vir
1211 4265 1293 4340 elan]
1317 4268 1364 4325 Sic
1377 4267 1415 4326 L.

317 4343 465 4402 Putsehius
479 4347 662 4418 comperissem
677 4355 704 4402 et
718 4349 760 4404 uir
774 4349 840 4403 clar.
961 4357 974 4388 ⁰
988 4358 1017 4404 et
1030 4348 1127 4422 aetate]
1145 4345 1192 4406 Sic
1206 4347 1242 4404 L.
1264 4347 1415 4406 Putschins

316 4446 373 4483 om.
389 4433 424 4482 et.
513 4423 525 4462 ‘¹
541 4444 597 4481 nun
613 4426 698 4483 etiarn
712 4426 761 4498 de]
778 4425 824 4484 Sic
839 4425 873 4483 L.
896 4425 1043 4484 Putscbius
1058 4449 1115 4486 orn.
1131 4431 1225 4485 etium.
1306 4439 1414 4485 ‘com-

318 4507 477 4580 mandatos]
495 4503 541 4564 Sic
556 4505 590 4562 L.
613 4505 762 4563 Putscbius
777 4507 984 4566 comanendum.
