3076 5140
265 387 336 444 224
652 365 772 441 Marii
792 367 978 442 Wctnrr'rra'
1223 391 1297 442 aru.
1316 391 1366 441 tv.

313 553 433 626 Arum
449 552 642 652 uirumque
659 577 747 626 carso
765 551 881 650 ijo
897 553 959 651 qui
977 552 1112 626 terreat
1127 551 1265 626 urbem.

221 667 529 766 roMonostropha
563 680 737 742 vocantur
771 667 850 741 haec
882 667 1054 756 carmina,
1083 667 1282 766 uquoniam
1320 667 1367 740 ad

186 845 188 848 .
264 784 417 883 primam
445 782 618 881 strophen
637 797 754 856 cetera
778 782 1008 882 respondent,
1027 809 1145 881 nsque
1163 783 1235 856 ulla
1258 781 1367 854 inter-

264 898 365 974 venit
397 897 532 996 epodos
568 910 682 996 wquac
716 923 736 968 a
770 898 888 996 prima
923 899 1082 997 strophe,
1113 897 1148 970 id
1178 909 1233 970 est
1258 895 1365 996 epodi

219 1045 245 1080 ιι
263 1015 435 1102 clausula,
453 1014 642 1113 discrepet.
693 1013 782 1086 Tres
809 1025 929 1085 autem
958 1037 1080 1086 versus
1098 1012 1192 1084 inter
1217 1038 1255 1084 se
1280 1037 1366 1084 con·

262 1145 430 1229 gruentcs
458 1142 624 1203 constant
653 1141 727 1201 ¹ex
758 1127 899 1202 duobus
928 1127 1183 1216 commatibus,
1208 1153 1363 1224 quorum

261 1245 358 1344 quod
389 1243 570 1318 antecedit
598 1269 644 1317 ex
673 1255 913 1316 'tetrametro
942 1241 1127 1316 trochaico
1156 1241 1365 1315 catalectico

262 1361 437 1449 subsistit,
455 1375 496 1434 ut
514 1373 569 1432 est
585 1357 686 1448 illud,

337 1476 408 1550 Est
425 1475 521 1550 celer
537 1473 720 1548 Phaselue
736 1473 801 1546 ille
816 1497 921 1572 quem
936 1471 1069 1546 uidetis
1086 1471 1271 1570 'hospitas

218 1614 247 1649 ¹²
263 1591 463 1666 Residuum
483 1605 617 1674 autem,

336 1706 448 1780 Ninia
464 1717 575 1806 atque
593 1705 692 1794 dira,

261 1823 327 1895 erit
348 1833 479 1920 ‘caput
504 1821 655 1893 trimetri
682 1820 849 1894 iambici:
888 1845 999 1916 quem
1029 1817 1208 1915 integrum
1236 1816 1362 1891 reddes

261 1938 289 2009 si
308 1949 442 2009 ceteras
461 1935 493 2006 ei
511 1948 629 2034 partes
648 1935 702 2008 sui
721 1935 860 2033 generis
878 1933 1067 2034 copularis,
1086 1933 1147 2020 ita,

360 2051 472 2126 Nivis
488 2061 598 2151 atque
615 2052 704 2126 dirce
721 2052 866 2126 dmuior
882 2045 1126 2150 nimbaasirit.

261 2165 338 2240 Hic
362 2180 564 2266 anapaestus
589 2167 746 2267 primum
771 2167 891 2241 locum
910 2193 975 2266 pro
993 2163 1153 2264 spondeo
1170 2163 1363 2252 obtinebit,

260 2297 301 2356 ut
318 2307 580 2380 nonnunquam
609 2284 842 2384 repperimus,
865 2281 1005 2355 residua
1030 2307 1112 2380 pars
1130 2280 1198 2354 erit
1214 2279 1361 2354 iambici

219 2431 247 2480 13
261 2423 393 2470 versus.
445 2397 582 2470 Ordine
600 2413 719 2470 autem
741 2397 1053 2470 hemistichiorum
1077 2409 1229 2486 mutato,
1242 2395 1362 2491 adjec-

260 2514 306 2588 tis
324 2514 464 2588 duabus
483 2513 640 2613 syllabis,
658 2515 725 2586 crit
742 2514 914 2597 trimeter,
933 2512 995 2596 sic,

361 2629 471 2703 Ninia
486 2639 597 2727 atque
614 2627 795 2728 dirmjam
809 2629 902 2700 sotis
918 2628 1029 2700 terris
1045 2626 1155 2700 dedit.

218 2779 247 2826 14
261 2745 419 2826 Quartus
437 2743 535 2815 enim
560 2769 682 2816 versus
708 2744 919 2816 hexametri.
933 2744 1093 2818 clausula
1112 2757 1179 2831 est,
1196 2769 1267 2840 qua
1284 2769 1362 2816 car-

261 2885 344 2932 men
373 2859 595 2959 Sapphicum
625 2859 842 2934 l’dimetrum
873 2860 1162 2960 pentasyllabum
1194 2860 1360 2959 superius

261 2975 353 3048 inter
370 2977 537 3078 exempla
554 2976 838 3076 ‘proposuimus
890 2975 958 3060 Ita,

512 3091 663 3167 Primus
679 3093 722 3167 ob
738 3092 825 3178 mis,

514 3209 645 3282 Troiam
661 3209 776 3296 heros,

508 3319 874 3424 dPerdtraflammis,

508 3431 697 3536 Pergama
714 3435 880 3537 ‘linquit

259 3577 658 3730 ..lllllllllllla
718 3578 955 3736 lalllllhl'.
968 3577 1361 3730 uaii].i¹rl,il..⁰.ll.'

259 3735 340 3794 terris
361 3735 464 3794 dedere
483 3735 590 3814 largum
613 3739 731 3796 imbrem
754 3739 888 3816 hospites.
1053 3739 1179 3814 ⁸caput]
1197 3737 1313 3816 incaput
1327 3739 1360 3797 P.

258 3813 455 3890 haimarum]
479 3835 513 3874 ex
528 3817 679 3875 dimetrum
694 3818 727 3874 Ρ.
890 3829 904 3862 ⁶
926 3817 1084 3898 posuimus]
1108 3817 1307 3896 proposuimus
1327 3819 1360 3877 P.

258 3893 274 3938 ‘¹
287 3897 409 3974 perdita]
427 3896 579 3976 imperdita
593 3899 623 3955 P.
709 3907 722 3940 θ
736 3897 851 3976 linquit]
867 3897 954 3976 liquid
970 3901 1001 3958 P.

258 4031 288 4078 to
319 4021 463 4077 trimoerou.
526 4021 602 4078 Nam
634 4019 722 4078 diviso
757 4018 787 4076 in
828 4019 992 4078 hexametro
1010 4019 1098 4078 heroo
1117 4018 1211 4077 soluto
1226 4017 1255 4076 in
1271 4019 1359 4096 pedes

258 4111 315 4158 tres
329 4112 423 4176 partes
438 4101 601 4159 hexametro
617 4101 711 4169 heroo,
727 4099 785 4157 sin·
825 4117 873 4190 sex
886 4112 956 4177 quot
964 4100 1078 4176 quidem
1089 4099 1138 4158 ille
1151 4101 1278 4177 partibus
1287 4119 1358 4158 con·

257 4179 783 4338 tlhtltlttllt.balth:
809 4180 1357 4327 ·tlttltll.''tlt“tttltlt.

257 4359 339 4397 suum
360 4343 476 4416 δίμετρσν,
491 4359 556 4398 cunr
577 4359 627 4418 per
646 4344 786 4413 mallan
826 4341 1030 4417 appellationes
1053 4351 1196 4418 respectus
1209 4339 1356 4400 diversitas

257 4419 439 4477 scanduntur.
480 4421 575 4477 Erunt
588 4434 618 4478 et
635 4425 742 4497 δίμιιρον,
757 4419 785 4479 id
827 4419 944 4500 peperit.
966 4419 1117 4479 CAMER.

256 4512 310 4567 est,
339 4512 433 4576 rrartes
461 4499 536 4557 illius
565 4500 645 4560 bine.
708 4502 784 4558 Nam
