3012 5084
549 357 818 424 PRAEFATIO.
1203 365 1235 430 is

122 509 260 582 titulum
279 511 408 610 operis
427 512 465 584 in
479 539 548 586 ms.
563 515 646 588 Vat.
661 517 711 589 ita
723 517 936 618 inscriptum
950 547 1049 606 eam
1076 525 1231 598 Αιπιιι

123 625 194 720 (sie)
219 625 530 701 Foaruunmnr
557 653 638 704 nas.
689 631 831 707 Deinde
854 635 892 708 in
915 637 989 710 line
1013 637 1231 734 subjectum,

120 740 418 816 Fortunarum
439 769 509 817 sas
524 769 714 820 marein.

161 871 194 929 ⁵.
221 857 374 930 Snnvrr
404 873 708 936 ‘cnmtumuns
738 865 835 964 typis
870 865 1004 964 saepius
1032 869 1227 966 repetitum

22 985 23 1012 l
118 983 174 1059 est,
189 974 297 1069 cujus
318 973 503 1046 editiones
528 990 612 1072 post
636 976 834 1052 Panzerum
853 979 1083 1080 reliquosque
1100 983 1229 1058 biblio-

116 1087 266 1187 grapbos
305 1115 527 1164 enumerare
561 1091 786 1190 supersedeo.
838 1095 939 1178 Quas
972 1123 1041 1196 ego
1075 1097 1225 1174 adhibui

21 1293 22 1296 Ἴ
118 1199 292 1277 besunt:

118 1317 228 1415 (Call.)
284 1319 431 1392 Seavu
459 1319 671 1394 Honons'rt
695 1322 836 1396 libellus
853 1324 899 1398 de
916 1327 1055 1400 ultimis
1080 1329 1227 1428 syllabis
1299 1382 1302 1388 -

205 1447 243 1506 et
270 1435 550 1508 Centimetrum
579 1462 628 1508 ex
653 1439 858 1512 recensione
885 1441 1072 1514 Laurentii
1094 1443 1227 1518 Abste-

207 1549 455 1624 mii-Callia·
484 1577 580 1625 anno
614 1552 738 1626 salutis
768 1555 1126 1632 MCCCCLXXVI.
1160 1583 1225 1632 xv·

206 1666 390 1740 Octobris
416 1667 455 1740 in
484 1680 535 1741 4⁰.
577 1667 672 1740 Vide
699 1669 850 1742 Panzeri
877 1671 1036 1744 Annales
1060 1671 1104 1744 Τ.
1128 1673 1160 1746 Ι.
1187 1701 1224 1774 p.

209 1793 298 1872 270.
356 1781 565 1855 Rarissimae
592 1781 701 1878 hujus
726 1781 896 1857 editionis
921 1787 1106 1886 exemplar
1126 1787 1224 1886 quod

21 2019 22 2058 t
117 1997 208 2049 “tum
234 2005 267 2050 et
299 2005 469 2072 poematum
497 1991 651 2050 dicendum

117 2077 135 2101 '‘
148 2083 303 2148 potarunt:
343 2075 469 2149 primum
496 2071 563 2150 quia
593 2073 652 2130 haec

118 2159 134 2180 ⁸⁶
148 2153 236 2231 tnagis
246 2155 285 2212 ad
300 2171 454 2210 muranum
469 2151 594 2210 oolorem
610 2153 651 2210 vi·

119 2317 331 2392 “qnmcnnque
373 2315 492 2370 nomina
523 2313 651 2392 genitivo

119 2397 137 2420 ‘¹
149 2391 250 2466 plurali
283 2393 363 2470 apud
392 2395 508 2451 (ἔωσε
543 2412 594 2470 per
621 2419 652 2450 m

120 2476 137 2500 ‘⁸
149 2469 245 2532 literas
271 2475 415 2532 finiantur
452 2473 589 2531 translata
620 2473 650 2530 in

118 2550 285 2612 “latinnm
305 2579 324 2610 υ
343 2552 375 2610 in
394 2552 649 2612 uetsinmmu·

121 2635 225 2690 “tatur
246 2647 281 2692 ut
308 2633 458 2691 bectorum
483 2635 649 2691 Nestorum.
693 2640 711 2665 '‘

692 2721 712 2744 ‘⁴
726 2713 910 2790 prelatione:
937 2731 1022 2789 quarn
1044 2713 1101 2770 sive
1115 2713 1152 2770 sit
1163 2715 1223 2770 Do.

691 2801 710 2824 ‘⁴
725 2793 834 2851 natiani
848 2793 907 2851 sive
921 2791 959 2849 sit
974 2791 1069 2850 Atilii:
1094 2791 1223 2850 librarius

690 2880 709 2904 “
723 2872 823 2932 inscite
842 2871 1058 2949 transposuerit.
1102 2871 1174 2929 Haec
1193 2885 1223 2930 et

691 2963 710 2986 ¹·
725 2953 781 3010 alia
804 2953 892 3032 longe
912 2952 994 3030 plura
1018 2949 1169 3010 veniebant
1192 2951 1222 3010 iu

690 3041 859 3092 “mentem
888 3033 938 3092 aed
961 3031 1054 3090 noluit
1076 3031 1105 3090 in
1127 3031 1222 3092 alieno

690 3123 709 3146 ‘⁶
727 3113 816 3190 (quod
831 3113 879 3170 ille
892 3113 975 3184 dicit)
992 3132 1077 3191 opere
1093 3133 1155 3170 esse
1176 3113 1220 3172 in·

691 3201 710 3226 ‘⁸
724 3195 868 3270 geniosus.
889 3194 983 3251 officio
991 3215 1043 3252 suo
1052 3193 1220 3252 satisfecisse

691 3281 711 3307 ‘⁸
725 3285 819 3330 ratus:
835 3273 860 3330 si
870 3293 932 3350 quas
942 3273 1044 3351 privati
1054 3277 1127 3352 luris
1140 3286 1217 3332 erat:

122 2717 140 2740 ‘⁴
152 2711 192 2769 sic
204 2733 271 2793 ego
284 2733 353 2772 cum
371 2713 414 2770 illi
429 2713 526 2772 dicant
539 2713 648 2772 emble·

122 2797 141 2819 “
155 2805 242 2850 matu
280 2805 457 2851 toreumata
502 2807 650 2870 poemata

124 2877 141 2903 ‘⁴
153 2891 205 2929 nos
223 2887 301 2932 recte
324 2885 515 2932 toreumatum
540 2874 648 2931 emble·

123 2957 260 3011 “matum
282 2955 421 3012 dicemus.
463 2953 601 3010 Similiter
616 2955 647 3010 in

124 3033 649 3112 '‘genitiroquoquesingularioGrae·

124 3118 220 3170 “cum
242 3113 270 3170 in
291 3134 309 3170 a
331 3113 469 3171 Latinum
495 3127 648 3171 mutamus.

124 3198 188 3250 “ut
232 3193 422 3252 emblematos
458 3194 648 3252 emblematis.

125 3276 143 3300 ‘¹
156 3275 291 3347 poematis
317 3273 469 3332 eeromatis
499 3285 650 3352 poematos

125 3355 289 3427 “poematis
317 3367 467 3432 pegmntos
498 3353 650 3432 pegmatis.

124 3435 142 3461 ‘⁸
155 3451 216 3491 nam
261 3433 470 3492 nominativum
510 3435 649 3512 pluralem

124 3517 142 3541 ‘⁸
155 3511 252 3572 Graec
294 3511 475 3592 proferimus.
518 3525 652 3591 poemata

123 3599 142 3620 ⁴⁴
153 3606 294 3652 ceromata
312 3605 447 3672 pegmata
459 3595 648 3652 emblemata:

125 3675 140 3701 ‘⁶
153 3685 179 3729 et
191 3673 306 3732 similia.
332 3673 466 3732 Romana
475 3693 541 3732 vero
555 3675 651 3731 nomi.

124 3757 141 3780 ‘⁶
153 3771 187 3810 na
204 3752 384 3812 nominativo
404 3773 471 3812 casu
492 3753 521 3810 in
544 3771 561 3810 a
582 3771 648 3811 ese-

693 1992 829 2070 “plurali
871 2011 992 2052 numero
1032 2013 1145 2054 neonae
1179 2009 1223 2054 est

693 2071 915 2149 “corripiantur
948 2087 1067 2152 excepto
1099 2073 1222 2134 ablativo

692 2159 801 2220 '‘easu
822 2153 871 2230 qui
899 2171 1044 2231 nunquam
1071 2155 1223 2232 corripitur

118 2238 135 2262 ‘⁸
147 2231 252 2290 dentur
274 2233 426 2301 accedere,
451 2231 554 2290 deinde
574 2234 651 2310 quod
693 2239 712 2264 ‘⁶

693 2311 756 2368 “in
778 2313 889 2370 tertiam
914 2313 1022 2372 scilieet
1054 2313 1222 2374 declinatio·

693 2397 712 2424 ‘¹
728 2411 803 2449 nem.

720 2474 908 2530 “Valentinus
920 2475 1006 2530 Cotus
1020 2475 1114 2532 lectum
1129 2475 1159 2532 S.
1172 2477 1213 2534 D.

727 2231 781 2290 nisi
803 2253 869 2292 eum
890 2253 907 2292 e
924 2233 1017 2292 littera
1033 2233 1223 2293 terminantur

733 2559 753 2584 “
772 2552 916 2612 Potuisset
944 2553 989 2612 bic
1012 2555 1104 2612 lanus
1127 2557 1222 2632 operis

726 2631 838 2691 initium
869 2632 1004 2712 suspicari
1037 2633 1081 2692 vel
1103 2653 1138 2692 ex
1162 2633 1224 2710 ipsa

726 3351 754 3409 in
789 3373 969 3412 communem
1006 3375 1087 3412 usum
1125 3351 1220 3432 publi.

692 3441 713 3466 “
726 3445 819 3491 nasset
831 3451 866 3489 ex
880 3434 950 3492 fide:
974 3436 1074 3492 etita:
1098 3445 1131 3490 ut
1144 3435 1220 3490 anti.

724 3511 860 3590 quissima
887 3513 1010 3571 habeant
1038 3511 1219 3590 exemplaria.

725 3591 775 3650 Sic
785 3595 862 3650 enim
875 3595 977 3670 cuique
986 3594 1131 3670 integrum
1144 3593 1218 3652 tores

689 3681 711 3706 ‘¹
726 3672 762 3730 de
773 3673 807 3729 iis
818 3683 850 3729 ut
860 3672 927 3730 velit
937 3671 1105 3730 existimare.
1121 3671 1220 3730 Vale.”

729 3753 803 3810 em
819 3752 885 3812 edd.
902 3753 951 3810 sed
977 3753 1103 3818 barbare,
1122 3749 1220 3823 judice

123 3837 202 3890 “unt
223 3847 257 3892 et
281 3831 431 3910 recipiunt.
466 3853 484 3890 a
507 3832 594 3891 fram.
619 3845 649 3890 et
689 3832 968 3910 Iaacbmannopraes.
986 3833 1104 3889 Terent.
1124 3831 1219 3888 Maur.

123 3911 258 3971 “faciunt
283 3913 442 3990 genitivum
466 3925 496 3970 et
522 3912 647 3970 dntimm
688 3933 716 3990 p.
725 3913 778 3970 xiv.
795 3912 935 3971 Videatur
943 3909 1220 3968 Schellemrinler-

121 3997 140 4022 ‘⁸
151 3992 337 4072 singularem,
366 4005 398 4050 ut
431 3993 492 4051 luee
521 3992 649 4050 amicitia
687 3993 734 4050 ico
748 3993 1001 4050 acsurrrrma.
1029 3989 1128 4048 Titulo
1142 4002 1222 4049 earet

123 4072 232 4151 “bajus
253 4071 388 4130 amicitiae
409 4072 554 4152 accipiunt
571 4093 598 4130 m
619 4085 649 4130 et
690 4091 742 4130 ms.
757 4083 855 4130 noster
867 4073 901 4129 B.
931 4071 965 4128 ln
980 4069 1025 4128 M.
1036 4069 1140 4128 diserte
1149 4069 1219 4128 scri·

122 4153 259 4211 ‘'lreiunt
290 4156 482 4212 nocumtivum
515 4166 548 4210 ut
574 4153 649 4211 bane
689 4165 770 4229 ptum
792 4164 845 4219 est,
864 4153 974 4210 Manat
997 4167 1098 4206 snavrt
1120 4169 1219 4208 oau-

121 4238 139 4262 ‘⁴
150 4233 316 4300 amicitiam,
352 4253 474 4310 quorum
510 4231 649 4290 ablativus
690 4250 796 4290 namot
813 4251 852 4288 oa
868 4248 994 4288 nannoni
1009 4247 1132 4288 narare.
1161 4228 1219 4288 Sed

122 4316 259 4372 “tantam
276 4311 451 4390 producitur.
502 4311 647 4375 Quoniam
689 4314 922 4369 Cnnnrrraramt
950 4310 1037 4368 habet
1060 4329 1112 4368 ms.
1137 4309 1217 4369 leid.

123 4392 247 4452 “omnia
274 4393 395 4450 nomina
418 4411 483 4471 qua·
511 4413 528 4450 a
554 4391 649 4452 littera
689 4403 827 4450 vetuste
841 4390 980 4469 Catalogo
993 4409 1020 4468 p.
1033 4389 1102 4466 389,
1117 4409 1145 4448 n.
1158 4407 1207 4464 79.

122 4474 343 4531 “terminantur
365 4491 415 4530 seu
438 4471 576 4552 singulmi
599 4491 648 4531 seu

745 4565 770 4634 b
