3076 5140
311 431 382 490 aas
734 412 853 487 Marii
869 412 988 488 Plotia·

309 613 433 673 tamen
468 595 648 694 Pynbica'
665 595 762 670 dicta
796 611 850 670 est
883 623 904 670 a
938 596 1077 696 Pyrrho
1104 595 1291 696 Cydoneo,
1327 597 1422 693 ¹’qui

311 713 449 813 primus
467 711 657 784 Cretenses
675 713 742 784 sub
759 711 866 784 armis
885 711 1013 784 saltare
1031 711 1076 784 ad
1098 711 1206 806 hujus
1231 711 1335 810 pedis
1364 739 1424 782 so-

312 853 399 900 num
419 825 585 899 instituit.
637 827 733 898 salii
757 855 777 900 a
801 827 941 927 Pyrrho
958 828 1112 902 Achillis
1130 827 1217 915 filio,
1234 853 1345 925 quem
1366 827 1425 899 di-

312 955 401 1016 cunt
425 941 584 1040 primum
612 941 648 1013 in
677 943 820 1016 tumulo
848 943 1035 1041 patrissui
1063 957 1240 1015 armatum
1270 941 1423 1015 honoris

313 1057 427 1156 gratia
444 1056 635 1129 saltavisse.
685 1057 897 1130 Aristoteles
916 1071 1036 1130 autem
1051 1057 1219 1130 Achillen
1238 1057 1289 1130 ait
1306 1057 1424 1152 hujus

286 1173 413 1246 elusus
431 1171 652 1244 inventorem
671 1171 792 1244 luisse.
831 1171 1061 1254 Quibusdam
1081 1173 1199 1272 placet
1216 1174 1261 1246 ab
1279 1173 1423 1256 ardore,

315 1285 350 1360 id
377 1301 432 1360 est
454 1313 475 1358 a
499 1285 687 1359 velocitate
713 1285 768 1358 sui
798 1311 918 1372 sonus,
947 1313 1079 1360 nomen
1111 1287 1288 1386 accepisse
1318 1287 1425 1358 bunc

315 1401 458 1502 pedem,
479 1399 554 1474 ‘olel
580 1409 632 1474 τοῦ
652 1399 742 1498 πυρὸς
769 1399 803 1473 id
827 1413 882 1474 est
906 1427 927 1474 a
950 1401 1107 1490 flamma,
1135 1427 1176 1474 ac
1204 1427 1269 1502 per
1295 1402 1371 1474 boc
1402 1429 1424 1474 a

315 1515 515 1590 velocitate.
567 1513 753 1612 Cognatus
771 1515 871 1588 enim
897 1541 1022 1588 sensus
1039 1514 1174 1588 ardoris
1192 1529 1229 1588 et
1245 1515 1423 1588 velocita-

317 1631 362 1704 tis
378 1645 446 1718 est,
463 1629 570 1718 unde,
1375 1631 1382 1636 ’

532 1745 662 1808 Instant
674 1744 820 1808 maanes
839 1745 949 1831 lyras,

319 1854 355 1927 id
373 1852 687 1954 estscsla'nuntes:
715 1865 764 1942 et,

532 1969 632 2033 Ardet
646 1969 842 2056 obirefirgo,

319 2081 389 2154 boc
405 2077 638 2178 cstfistinot.

291 2233 304 2284 ⁷
369 2193 583 2294 Pynbichio
599 2193 797 2266 contrarius
813 2207 868 2268 est
883 2196 1063 2292 spondcm
1077 2225 1122 2272 ex
1135 2197 1276 2274 duabus
1290 2199 1424 2300 longis,

319 2309 1425 2414 temporumquattuonutlreres:quiasacrificionomenpos·

320 2430 423 2518 sedit,
436 2429 534 2527 quod
548 2429 674 2502 Graece
686 2429 796 2516 σπονδὴ
811 2443 1050 2528 nuncupatur,
1062 2427 1234 2526 quoniam
1248 2427 1318 2499 hoc
1329 2453 1424 2501 sono

321 2547 490 2646 hymnos,
506 2544 542 2618 id
561 2558 615 2616 est
633 2543 755 2616 laudes
774 2543 842 2616 diis
864 2543 1140 2632 immortalibus,
1155 2541 1411 2616 decantabant.

291 2693 306 2742 a
374 2661 521 2734 Iambus
537 2685 582 2732 ex
601 2659 696 2730 brevi
716 2673 752 2731 et
775 2658 882 2757 longa
904 2672 1054 2748 constat,
1071 2673 1277 2755 temporum
1296 2657 1422 2742 trium,

320 2791 362 2850 ut
382 2777 503 2849 Ceres.
552 2775 666 2872 Cujus
684 2799 816 2846 nomen
835 2775 980 2848 'lambe
997 2773 1097 2846 Celei
1116 2772 1189 2844 lilia
1206 2771 1318 2860 dedit,
1337 2797 1424 2869 quae

320 2893 562 2966 cavillationes
583 2891 727 2984 jocosas
760 2889 866 2986 hujus
895 2889 996 2988 pedis
1026 2915 1115 2962 sono
1141 2887 1276 2976 dicens,
1306 2888 1421 2962 risum

320 3007 441 3082 Cereri
462 3006 657 3106 hospitanti
678 3005 728 3078 ibi
747 3005 992 3102 gratissimum
1008 3005 1295 3076 ‘commovebatz
1323 3003 1423 3076 unde

321 3123 429 3196 etiam
457 3121 565 3217 hujus
590 3120 691 3220 pedis
715 3133 870 3192 metrum
896 3117 1096 3204 mnroediis,
1115 3119 1184 3192 boc
1201 3133 1256 3192 est
1271 3121 1321 3190 rei
1342 3143 1423 3214 gra-

320 3239 478 3321 tissimoe,
496 3235 821 3309 'accommodatur

293 3387 309 3435 9
375 3351 566 3424 Troclsoeus
595 3375 639 3420 ex
670 3351 777 3448 longa
807 3363 843 3421 et
873 3348 970 3422 brevi
999 3361 1182 3436 'constat
1212 3361 1421 3446 temporum

321 3464 443 3552 trium,
460 3477 500 3536 ut
519 3489 613 3536 cero.
663 3463 817 3538 ¹Dictus
844 3491 864 3536 a
890 3463 1079 3536 velocitate
1101 3476 1201 3548 roto,
1220 3487 1330 3559 quam
1355 3487 1423 3534 suo

322 3603 410 3650 sono
425 3577 598 3665 imitatur,
613 3601 694 3673 quse
711 3579 837 3652 Graece
853 3575 962 3676 τροχός
978 3591 1217 3677 nuncupatur.
1252 3575 1324 3648 Alii
1343 3588 1423 3671 ἵχο-

322 3703 397 3794 pain
425 3691 618 3792 appellant,
647 3691 732 3787 quia
762 3693 804 3765 ad
837 3693 965 3766 choros
995 3707 1115 3792 aptum
1147 3689 1423 3764 'modulationis

364 3869 455 3946 aqui]
472 3869 536 3943 quio
551 3867 648 3944 Cujac.
671 3866 751 3924 ldem
767 3885 832 3923 mox
847 3869 928 3943 punit
943 3869 1037 3924 dicum
1051 3879 1116 3942 post
1129 3867 1278 3924 saltavisse.
1341 3867 1423 3922 aaliz·

323 3953 453 4007 dicuntur
466 3967 484 4004 a
499 3947 533 4003 L.
643 3949 717 4002 'dal
730 3953 772 4002 τοῦ
781 3948 848 4020 πρὶς
861 3965 919 4003 om.
936 3948 972 4004 L.
993 3949 1042 4003 ἀπὸ
1057 3946 1192 4022 usquead
1207 3947 1350 4003 velocitate
1363 3965 1422 4002 om.

325 4031 422 4107 Cujac.
505 4025 636 4099 ⁸lumbe]
654 4027 747 4083 iomboe
764 4025 796 4083 L.
872 4025 1108 4100 tcommovebat]
1124 4027 1171 4082 Sic
1185 4026 1221 4084 L.
1243 4033 1424 4082 commoverat

326 4108 483 4166 Putscbius.
565 4117 580 4148 ⁷
595 4106 837 4180 accommodatur]
855 4110 1041 4164 conrnsodotur
1055 4106 1090 4163 L.
1158 4113 1371 4162 'comtatona
1387 4105 1421 4162 L.

325 4197 341 4230 ¹
355 4189 461 4262 dictos]
478 4189 566 4243 dictus
581 4187 712 4242 troclsaeus
726 4185 761 4243 L.
841 4187 972 4260 Ὶχορεῒον]
990 4187 1109 4244 Chorion
1124 4189 1241 4243 Senten.
1256 4185 1291 4242 ad
1306 4185 1422 4242 Terent.

325 4268 419 4325 Maur.
436 4288 464 4344 p.
480 4284 527 4341 71.
633 4263 874 4339 smodulationia]
891 4269 1076 4322 modulatione
1090 4266 1125 4324 L.

366 4451 394 4512 5.
413 4438 522 4512 Pyrrho
539 4435 675 4511 Cydoneo]
695 4434 830 4509 Pyrricho
846 4433 972 4507 Cydoneo
990 4433 1126 4493 Sobottus
1146 4433 1183 4491 ad
1204 4432 1295 4492 Procli
1311 4433 1421 4490 Chrest.

324 4537 354 4594 P·
368 4533 437 4592 447·
813 4567 818 4576 ·
