2980 5142
25 403 144 453 car.
158 378 243 454 36.
306 386 309 395 ’
422 382 483 454 Dc
500 385 624 458 menis
644 384 877 498 Horatianis.
1122 401 1194 480 ⁵⁰7

28 577 83 637 et
107 576 286 638 constat
309 565 407 663 prior
423 591 544 640 versus
561 565 795 641 ktetrametro
818 569 927 644 heroo
945 571 1078 645 arctico
1094 583 1131 646 et
1148 597 1192 646 ex

33 680 193 752 tribus
227 679 409 765 trochaeis,
434 680 496 767 sic,
514 680 688 780 dactylus,
705 683 882 783 dactylus,
901 685 1094 783 spondeus,
1111 687 1194 762 dac-

37 795 186 893 tylus,
208 793 382 866 ¹trochaei
400 807 482 885 tres,
501 796 564 884 sic,

155 907 328 996 Solviturff
343 910 430 974 acria
444 909 561 996 lupiano
571 919 684 1000 gratia
699 915 772 1000 nicei
789 913 881 999 verini
893 925 923 980 at
934 915 1084 999 Faivoni.

46 1020 181 1093 Alter
207 1046 298 1094 vero
323 1046 367 1094 ex
395 1022 682 1120 penthemimere
705 1024 894 1100 miambica
918 1040 955 1100 et
980 1029 1093 1102 tribus
1119 1041 1191 1102 tro-

50 1135 203 1222 chaeis,
224 1136 291 1226 sic,

99 1329 107 1334 ,
217 1247 439 1337 Trahunthue
454 1251 569 1339 sicinus!
585 1254 748 1338 machiinoe
761 1255 912 1342 cainiana.

119 1363 278 1445 Quinta
294 1361 374 1448 ode,
388 1362 565 1459 naptham,
580 1362 822 1438 Horatianum
843 1381 999 1440 metrum
1019 1368 1140 1455 habet,
1153 1381 1216 1452 ets

60 1505 137 1578 per
156 1491 361 1576 quaternos
378 1503 501 1550 versus
519 1479 712 1553 scanditur.
756 1479 855 1554 Nam
873 1507 917 1554 ex
936 1481 1100 1556 ⁰duobus
1118 1484 1191 1582 pri·
1243 1491 1246 1497 '

64 1596 146 1668 mis
166 1593 432 1692 Asclepiadeis,
449 1608 486 1667 et
511 1595 617 1668 tertio
635 1595 872 1682 Pherecratio,
890 1611 926 1671 et
952 1613 1080 1695 quarto
1100 1600 1191 1697 Gly-

68 1709 212 1782 conico
249 1721 401 1782 constat.
460 1709 765 1809 ’Asclepiadcum
797 1713 989 1798 scanditur,
1016 1727 1190 1814 utsupra

71 1822 260 1911 diximus,
283 1827 405 1916 (inam
431 1824 513 1900 duae
538 1835 765 1923 πενθημιμερεῖς
789 1841 827 1900 et
848 1828 929 1902 duae
953 1830 1081 1904 iracitur
1106 1845 1190 1903 sunt

73 1939 296 2036 δακτυλικαὶ)
316 1939 590 2038 sic,·spondcns,
617 1940 794 2040 dactylus,
820 1945 988 2044 semipes,
1012 1945 1189 2047 dactylus,

76 2054 264 2154 dactylus,

216 2169 297 2244 Quis
311 2169 422 2253 muilta
432 2171 590 2258 gradilia!
608 2180 637 2236 te
648 2172 738 2258 pueri
757 2175 792 2236 in
807 2195 891 2239 rara.

82 2271 146 2346 Sic
163 2283 202 2345 et
222 2271 412 2346 secundus.
464 2272 731 2348 Pherecratium
757 2291 877 2350 autem
905 2291 960 2351 est
985 2276 1187 2352 trimetrum

85 2387 287 2476 heroicum,
305 2385 494 2482 spondeus,
512 2387 690 2486 dactylus,
708 2390 899 2490 spondeus,

348 2503 455 2589 &atui
472 2505 605 2590 Pyrrha
618 2505 684 2589 stab!
699 2514 802 2568 antro.

91 2611 186 2684 Item
206 2611 501 2712 iiGlyconicum,
519 2640 566 2687 ex
584 2613 746 2714 spondeo
763 2628 799 2688 et
816 2615 1027 2690 choriambo
1043 2629 1081 2690 et
1099 2615 1189 2690 iam-

92 2727 150 2812 bo,
169 2725 229 2818 sic,

348 2827 412 2891 Cui
421 2828 559 2912 stainam
573 2792 700 2915 religari
719 2841 860 2892 rcontram.

144 2953 249 3026 Sexta
278 2951 358 3040 ode,
387 2951 554 3036 Πδίκωλος,
586 2967 742 3027 metrum
782 2955 1024 3029 Horatianum
1066 2955 1218 3029 habeta

98 3069 242 3143 Constat
264 3082 384 3143 autern
401 3095 446 3142 ex
465 3070 578 3142 tribus
597 3070 758 3142 versibus
774 3070 1031 3171 Asclepiadeis,
1047 3068 1093 3142 de
1108 3070 1188 3166 qui-

102 3185 164 3258 bus
181 3211 281 3286 supra
298 3181 456 3258 diximus
475 3183 539 3272 sic,

260 3308 427 3394 Scribeiria
447 3308 669 3394 Variiolsoriis
683 3308 719 3393 eti
734 3308 890 3382 boatium:

105 3441 139 3500 et
161 3441 279 3525 quarto
297 3427 508 3528 Glyconico.
550 3427 704 3502 Constat
731 3440 853 3500 autem
880 3453 926 3499 ex
950 3423 1129 3526 'spondeo
1152 3439 1188 3498 ct

107 3543 299 3617 choriambo
316 3557 353 3616 et
369 3543 503 3633 iambo,
520 3543 581 3628 sic,

261 3675 365 3758 Milesi
382 3684 412 3740 ta
425 3675 503 3740 duca
510 3675 669 3762 gualterii.

148 3931 326 3994 ktetrametro
345 3933 474 4009 heroico]
499 3941 635 3992 emmetra
650 3935 731 3990 heroa
745 3937 848 3992 arctico
861 3935 895 3991 Α.
911 3935 1067 3990 hexametro
1081 3935 1188 3991 hmoica

117 4015 176 4072 Vsu.
260 4012 394 4090 lapandci
408 4016 480 4073 Van.
581 4024 606 4056 m
620 4013 753 4086 iambica]
769 4015 884 4072 iambico
896 4015 930 4070 A.
1032 4023 1049 4056 ¹¹
1063 4015 1186 4089 τρίηωλος]

118 4097 281 4153 11111οοί111.
299 4097 369 4153 Ven.
480 4093 634 4168 ⁰duobus]
649 4096 757 4152 duabus
767 4097 865 4168 primis
877 4095 911 4150 A.
1013 4093 1187 4171 Phaelepia·

118 4175 186 4232 dcun
198 4174 344 4250 scanditur]
363 4177 535 4251 Asclepiadei
548 4178 717 4232 scanduntur
731 4177 765 4232 Α.
852 4183 868 4228 q
883 4192 947 4232 nam
963 4173 1039 4247 duoe]
1055 4193 1118 4232 nam
1133 4176 1188 4230 dua

118 4255 147 4312 A.
160 4255 219 4314 Ven.
318 4266 350 4312 qq
365 4257 567 4334 Glyconicum]
582 4258 737 4330 glyconium
753 4255 825 4311 Vsu.
940 4257 1099 4311 rcarninam
1114 4254 1186 4312 Ven.

119 4339 228 4403 “insta
249 4347 369 4395 metrum
396 4336 587 4394 Horatianum
616 4335 714 4408 habet]
740 4336 883 4392 tetracola·
907 4334 1082 4392 horatianum
1106 4335 1188 4392 habet

120 4416 149 4473 Α.
161 4417 227 4492 Vcn,
338 4418 533 4494 ¹spondeoet
547 4415 712 4476 choriambo
727 4413 878 4493 pyrrichio]
902 4433 935 4473 cc
952 4417 1066 4490 apondio
1084 4423 1112 4472 et
1125 4415 1187 4472 cho-

123 4497 205 4554 riania
216 4505 239 4555 et
251 4499 338 4555 iambo
351 4498 388 4555 A.

589 4604 694 4666 31⁸2
