3012 5084
15 323 17 380 ἐ
122 345 204 394 car».
217 331 264 410 7.
321 319 386 394 De
404 319 643 418 Syllabarum
660 331 799 394 saturo
816 329 852 394 el
869 323 1097 396 maiore.
1194 337 1240 398 43

120 505 204 577 aliae
224 531 359 576 earum
375 507 514 594 breves,
532 505 610 579 aliae
635 507 764 604 longis,
781 505 859 579 alite
875 533 1101 596 communes,
1118 509 1241 608 appel-

121 622 278 702 lantur;
316 620 469 707 scilicet,
500 621 597 718 quod
625 649 723 696 nunc
747 649 813 722 pro
844 623 1023 715 brevibus,
1049 651 1147 698 nunc
1175 651 1241 724 pro

120 737 265 834 longis,
282 749 324 808 ut
349 737 540 808 necessitas
569 738 688 826 metri,
706 752 767 812 aut
793 739 1023 838 producentis
1046 755 1109 812 aut
1132 741 1242 814 corri-

122 853 269 952 pientis
296 851 453 938 easdem,
472 852 717 951 postulaverit,
735 854 967 952 accipiantur.
1020 855 1156 928 Positio
1179 881 1269 928 au-⁴

123 985 203 1041 tem
230 971 515 1040 consonantium
544 969 743 1042 litterarum
772 970 896 1042 breves
922 969 1091 1066 syllabas,
1114 997 1240 1044 secun·

125 1084 219 1156 dum
248 1083 481 1182 disciplinam
505 1085 700 1184 legemque
725 1085 883 1158 metricae
910 1086 1008 1174 artis,
1025 1085 1135 1160 efficit
1163 1089 1241 1160 lon-

127 1227 204 1298 gm.
270 1199 385 1286 Nam,
410 1214 559 1299 parente
584 1213 722 1290 natura,
745 1201 866 1272 omnis
891 1225 962 1273 vox
991 1203 1060 1274 sub
1085 1201 1239 1276 duorum

129 1331 353 1390 accentuum
389 1341 477 1387 sono
511 1342 572 1388 ore
604 1317 809 1388 mortalium
840 1315 1031 1415 promitur,
1066 1316 1242 1415 producto
1358 1367 1361 1373 ·

128 1432 272 1504 scilicet
289 1444 354 1503 aut
372 1445 558 1530 correpto:
585 1455 630 1503 ex
648 1432 779 1527 quibus
806 1433 896 1505 aiter
920 1431 1138 1516 extenditur,
1155 1432 1244 1504 alter

128 1546 373 1620 contrahitur.
426 1547 547 1644 Igitur
563 1573 646 1620 cum
674 1551 709 1618 in
728 1547 852 1621 metris
871 1549 977 1648 longa
996 1547 1134 1646 syllaba
1151 1573 1268 1648 opust

129 1677 240 1750 esset,
256 1675 301 1735 ut
317 1689 373 1751 ea,
390 1688 472 1758 quae
490 1663 607 1735 brevis
625 1663 704 1761 lege
730 1679 865 1736 natnrae
887 1663 1027 1763 prolata
1044 1663 1243 1748 videbatur,

129 1780 243 1880 longa
266 1777 482 1862 efficeretur,
500 1805 520 1850 a
537 1778 762 1878 principibus
789 1781 936 1853 musicae
963 1780 1047 1854 artis
1065 1779 1245 1854 ‘auctori-

133 1896 201 1968 bns
230 1894 382 1994 positio,
408 1893 443 1964 id
475 1907 541 1982 est,
568 1893 719 1966 duarum
750 1896 1030 1968 consonantium
1060 1893 1244 1994 copulatio

134 2025 275 2110 reperta
303 2023 416 2106 atque
438 2009 586 2082 inducta
611 2023 677 2082 est.
728 2009 822 2084 Haee
846 2011 1016 2111 deinceps
1042 2010 1273 2084 observatios

133 2125 374 2198 consensione
398 2139 587 2224 poetarum
621 2127 737 2225 legem
768 2125 888 2210 dedic
918 2127 932 2173 ¹
938 2155 1022 2226 quae
1052 2127 1244 2200 auctorita-

136 2255 206 2312 tern
230 2240 280 2312 de
297 2254 479 2314 vetustate
504 2242 677 2340 temporis
699 2242 858 2332 trahens,
881 2241 1112 2342 disciplinam
1131 2241 1241 2314 veluti

135 2369 376 2429 nemmnctae
411 2355 447 2427 in
485 2357 608 2428 metris
635 2357 893 2430 observationis
927 2358 1085 2431 secteris
1115 2357 1243 2430 sanxit.

135 2472 252 2571 Igitur
273 2471 419 2570 syllaba
442 2472 558 2544 brevis
581 2485 726 2572 tempus
753 2500 880 2562 unum,
898 2474 1007 2572 longa
1024 2473 1109 2558 duo,
1128 2499 1271 2570 nequer

134 2589 292 2690 amplius
309 2589 452 2688 recipit,
470 2613 515 2660 ex
532 2613 604 2686 qua
622 2590 742 2662 evenit
759 2589 986 2687 plerumque,
999 2589 1104 2662 metri
1124 2613 1246 2662 neces·

135 2705 240 2778 sitate
258 2717 428 2803 cogente,
445 2717 486 2776 ut
511 2730 577 2802 pro
602 2705 740 2802 syllaba
762 2703 883 2802 longa,
905 2704 989 2778 duae
1011 2705 1156 2784 brevess
1183 2719 1244 2777 aut

134 2847 200 2920 pro
224 2821 372 2894 duabus
399 2819 580 2908 brevibus,
596 2845 668 2892 una
695 2821 805 2920 longa
829 2835 994 2920 ponatur.
1046 2820 1089 2894 Id
1117 2817 1271 2917 ¹’quods

135 2937 174 3009 in
199 2935 377 3009 trimetris
404 2935 631 3035 anapaestico,
658 2935 792 3024 iambo,
816 2949 854 3008 et
881 2936 1008 3010 ceteris
1036 2935 1243 3030 hujusmodi

135 3051 299 3125 versibus
313 3050 422 3123 datur
438 3076 663 3150 cognoscere.
701 3051 834 3148 Neque
851 3051 949 3124 enim
975 3051 1053 3126 boec
1079 3075 1245 3124 commu-

138 3167 227 3239 tatio
244 3193 401 3239 numero
419 3179 616 3238 metrorum
630 3165 752 3256 officit,
764 3167 1046 3264 congruentibus
1064 3167 1132 3238 sub
1150 3177 1245 3237 utra-

141 3307 210 3377 que
236 3282 320 3382 lege
345 3295 550 3380 temporum
579 3279 725 3379 ¹spatiis
753 3293 860 3378 atque
889 3281 1093 3354 momentis.
1144 3279 1271 3362 Posi-9

142 3396 239 3470 tione
262 3423 351 3470 vero
377 3409 459 3469 octo
482 3395 610 3482 modis,
627 3411 668 3470 ut
697 3423 803 3495 supra
820 3398 971 3470 relatum
991 3409 1057 3484 est,
1076 3398 1180 3484 fiunt,
1196 3421 1242 3468 ex

143 3514 273 3608 quibus
300 3537 363 3584 sex
391 3512 556 3584 videntur
584 3515 717 3611 aperti:
756 3511 801 3584 de
823 3511 979 3610 septimo
1004 3509 1112 3582 etiam
1145 3535 1243 3582 nunc

143 3643 346 3704 tractemus.
399 3630 436 3702 Si
454 3642 617 3729 correpta
639 3655 705 3729 per
729 3655 767 3702 se
791 3627 923 3701 vocalis
949 3627 1067 3698 littera
1092 3651 1243 3723 sequen-

143 3759 213 3820 tem
231 3749 246 3820 ἰ
264 3747 397 3818 babeat
415 3745 509 3817 inter
524 3743 613 3817 duas
631 3745 770 3818 vocales
788 3743 1034 3826 constitutam,
1052 3757 1105 3832 ut,

447 3861 629 3960 Trojaque
646 3871 886 3934 annosiores.

146 3974 215 4050 Hic
239 3975 341 4049 enim
369 4002 391 4047 o
417 3976 544 4049 litterae
560 3975 674 4048 vocali
692 3988 863 4073 correptae
888 3971 1068 4046 l‘infertur
1090 3971 1103 4043 i
1125 3971 1242 4046 littera

179 4275 388 4349 ‘authoribus]
403 4275 566 4333 stratoribus
579 4277 611 4333 P.
712 4272 798 4351 fquse
812 4271 967 4331 authoritas
982 4269 1064 4343 item]
1080 4269 1128 4350 qui
1143 4283 1241 4328 arieto·

142 4353 250 4415 ritatem
267 4357 301 4413 P.
428 4355 577 4430 testeris]
596 4353 697 4414 ceteris
712 4355 743 4411 Ρ.
758 4353 840 4413 etsie
855 4371 931 4412 mox.
1038 4349 1159 4430 hquod]
1176 4373 1195 4428 q
1210 4351 1241 4407 P.

142 4431 275 4514 ¹spwis]
294 4434 395 4516 spatiis
412 4435 444 4492 P.
524 4433 687 4511 kinfertur]
704 4434 832 4494 imfertur
846 4435 876 4492 P.

661 4546 723 4602 G2
