3082 5140
151 435 235 484 cnr.
255 425 288 483 2.
479 407 544 482 De
563 406 701 480 Metris
720 405 930 479 Gruterum.
1181 415 1254 494 ³97

204 595 352 670 ‘Cicero
364 593 409 666 de
423 593 582 666 numeris
596 589 766 666 sicdicit:
794 600 816 632 ⁶⁶
827 592 962 665 Versus
973 587 1071 662 eninr
1090 588 1141 662 illi
1160 601 1256 662 vete-
1270 614 1301 666 ²7

154 721 178 754 ⁶⁶
196 711 306 786 resin
326 711 394 783 hac
410 709 528 782 soluta
544 707 704 782 oratione
723 704 998 806 propemodum,
1017 705 1087 778 hoe
1104 719 1170 790 est,
1189 731 1256 778 nu-

154 838 178 890 ‘⁶
198 853 314 900 meros
331 823 507 924 quosdam
534 823 639 896 nobis
662 849 739 896 esse
765 819 987 895 adhibendos
1013 819 1258 918 putaverunt.”

154 945 284 1017 Postea
302 943 374 1016 sic:
400 942 560 1038 “quue
585 939 751 1040 princeps
777 938 953 1012 Isocrates
975 935 1172 1010 instituisse
1189 935 1255 1008 fen

155 1071 178 1101 ⁶⁶
196 1073 267 1148 tur,
288 1073 330 1132 ut
355 1055 578 1132 inconditam
605 1053 833 1152 antiquorum
860 1050 1001 1125 dicendi
1027 1049 1258 1124 consuetudi·
1298 1067 1301 1074 “

155 1187 179 1217 ⁶⁶
197 1201 282 1248 nem
301 1173 547 1248 delectationis
574 1184 682 1268 atque
700 1170 840 1242 aurium
859 1195 984 1242 caussa
1006 1167 1257 1265 (quemadmo-

155 1289 285 1364 “dum
329 1287 451 1362 scribit
486 1285 685 1386 discipulus
724 1283 801 1380 ejus
843 1283 1060 1378 Naucrates)
1097 1285 1256 1358 numeris

155 1417 178 1448 ⁶⁶
198 1405 420 1503 astringeret.
469 1403 643 1499 Namque
679 1400 757 1474 haec
790 1398 862 1473 duo
890 1399 1031 1490 musici,
1058 1401 1120 1498 qui
1156 1417 1257 1493 erant

157 1531 180 1562 ⁶⁶
198 1520 382 1618 quondam
401 1520 488 1592 item
508 1533 636 1618 poetae,
650 1514 846 1590 machinati
865 1514 910 1588 ad
927 1515 1153 1616 voluptatem
1171 1530 1257 1590 sunt

156 1646 341 1708 “versum
368 1648 477 1734 atque
503 1647 666 1721 cantum,
682 1631 747 1704 ⁶¹ut
766 1644 803 1703 et
823 1631 1012 1704 verborum
1041 1657 1203 1721 numero,
1220 1646 1257 1706 et

156 1762 179 1792 ⁶⁶
198 1775 327 1824 vocum
344 1751 452 1824 modo
463 1765 500 1824 et
511 1750 749 1824 delectatione
760 1749 946 1823 vincerent
960 1750 1099 1823 aurium
1115 1751 1258 1824 satieta-

156 1876 180 1908 ⁶⁶
199 1879 284 1939 tem.
337 1866 431 1940 Haec
456 1867 566 1965 igitur
580 1867 665 1956 duo,
682 1866 780 1940 vocis
806 1866 888 1939 dico
906 1866 1203 1955 moderationem,
1220 1879 1257 1940 et
1271 1890 1301 1938 aa

156 1992 179 2022 ⁶⁶
198 1983 389 2056 verborum
425 1982 708 2068 conclusionem,
733 1981 852 2080 quoad
886 1982 1056 2055 orationis
1090 1984 1257 2057 severitas

156 2107 180 2138 ‘⁶
198 2097 273 2195 pati
299 2113 433 2196 posset,
461 2126 482 2171 a
506 2098 648 2198 poetica
679 2096 723 2171 ad
757 2097 999 2195 eloquentiam
1036 2097 1256 2173 traducenda

157 2222 180 2253 ⁶⁶
198 2211 409 2286 ‘duxerunt
461 2213 505 2288 In
532 2240 606 2312 quo
631 2212 722 2287 illud
749 2226 804 2286 est
831 2213 885 2285 vel
918 2212 1132 2304 maximum,
1158 2213 1256 2312 quod

156 2339 320 2401 “versus
350 2329 387 2401 in
416 2329 589 2419 oratione,
615 2328 643 2402 si
671 2327 824 2402 efficitur
851 2329 1105 2426 conjunctione
1131 2330 1257 2403 verbo-

157 2454 180 2485 ‘⁶
200 2469 295 2530 rum,
309 2445 436 2518 vitium
456 2459 522 2534 est,
535 2453 710 2518 ettamen
728 2471 809 2518 eam
828 2443 1133 2541 conjunctionem,
1151 2444 1256 2517 sicuti

158 2569 341 2632 “versum
367 2587 558 2634 numerose
583 2559 725 2634 fcedere
740 2575 778 2634 et
794 2559 977 2658 quadrate,
994 2575 1030 2632 et
1050 2560 1172 2658 perfici
1192 2588 1255 2634 vo-

159 2684 182 2716 ⁶⁶
200 2675 332 2748 lumus.
384 2675 516 2774 Neque
533 2690 649 2749 estex
668 2675 792 2749 multis
818 2677 923 2748 rebus
940 2703 1021 2774 quae
1047 2677 1163 2776 magis
1181 2704 1258 2751 ora-

157 2802 182 2832 ⁶⁶
200 2803 313 2865 torem
334 2794 379 2865 ab
397 2792 564 2891 imperito
581 2791 723 2866 dicendi
742 2792 940 2890 ignaroque
957 2791 1184 2892 distinguat.”

208 2907 313 2980 Idem
327 2907 495 2981 &Ciceros
515 2919 537 2950 ‘⁶
549 2910 645 2981 Nam
659 2908 767 2982 etiam
783 2920 899 3007 poetae
912 2910 1147 3006 quaestionem
1162 2924 1258 2984 attu-
1271 2950 1303 3000 ψ

158 3033 182 3064 “
200 3022 330 3109 lerunt,
347 3023 521 3120 quidnam
539 3037 632 3098 esset
657 3022 769 3098 hillud
795 3023 882 3122 iquo
898 3023 990 3124 ¹‘ipsi
1014 3025 1195 3101 differrent
1212 3029 1258 3102 ab

159 3150 182 3181 ⁶⁶
201 3140 421 3213 oratoribus:
461 3165 611 3212 numero
640 3138 799 3212 maxime
829 3137 1044 3213 videbantur
1073 3155 1178 3214 antea
1205 3141 1259 3216 ¹et

158 3264 182 3296 ⁶⁶
198 3280 315 3341 versu,
331 3281 429 3328 nunc
454 3253 550 3355 apud
568 3267 724 3328 oratores
743 3255 821 3352 jam
849 3254 926 3354 ipse
952 3269 1155 3330 ¹¹'nutrieras
1172 3283 1259 3330 con-

159 3383 182 3412 ⁶⁶
201 3371 351 3444 crebuit.
403 3369 586 3469 Quicquid
604 3370 701 3443 enim
721 3369 889 3469 estquod
912 3371 979 3444 sub
997 3371 1136 3446 aurium
1156 3398 1258 3445 men·

158 3498 182 3528 ⁶⁶
202 3512 321 3560 suram
348 3486 505 3583 aliquam
524 3485 633 3576 eadit,
650 3485 791 3560 etiamsi
818 3487 956 3560 abest'a
972 3513 1076 3562 versu
1095 3491 1193 3584 (narn
1221 3489 1257 3564 id

159 3601 348 3698 “quidem
369 3602 496 3676 vitium
523 3603 693 3678 orationis
719 3609 788 3701 est)
808 3629 977 3680 numerus
994 3621 1153 3698 vocatur,
1171 3607 1256 3705 ”qui

160 3729 182 3760 ⁶⁶
202 3719 330 3792 Graece
347 3717 479 3792 dicitur
493 3718 612 3817 ῥυθμᾶς.
663 3719 793 3817 Itaque
812 3719 915 3806 video
931 3722 1048 3796 visum
1068 3751 1145 3796 esse
1167 3749 1254 3795 non·
1272 3749 1305 3800 s0

160 3847 183 3877 ‘⁶
202 3835 312 3908 nullis
329 3835 487 3908 Platonis
505 3849 542 3909 et
558 3836 760 3911 Democriti
779 3837 1011 3924 locutionem,
1029 3837 1095 3910 etsi
1122 3836 1215 3908 absit
1237 3863 1258 3908 a

160 3963 182 3992 ‘⁶
201 3977 316 4038 versu,
341 3964 463 4026 tamen
490 3951 587 4050 qnod
613 3951 796 4027 incitatius
821 3952 966 4042 feratur,
990 3963 1028 4024 et
1053 3949 1258 4024 clarissimis

199 4207 340 4284 cCicero]
356 4209 600 4286 DeOr.llI.44
686 4207 805 4284 lutet]
821 4209 984 4268 etutVen.
1073 4210 1253 4289 eduxerunt]

157 4289 417 4350 deduxeruntVen.
432 4290 481 4370 qui
496 4311 558 4368 sup.
574 4303 632 4350 eta
645 4302 722 4369 poet.
773 4287 911 4367 foedere]
921 4290 990 4348 cade
1000 4290 1073 4349 Ven.
1125 4302 1142 4350 t
1156 4290 1258 4353 Cicero

158 4373 239 4428 Orat.
253 4389 280 4429 c.
298 4390 345 4430 20.
406 4369 590 4446 hillud]illis
603 4373 676 4430 Ven.
738 4368 831 4448 ¹quo]
848 4369 925 4448 quod
941 4369 1093 4431 Vennld.
1156 4369 1255 4452 ¹¹ipsi]

157 4449 213 4528 ipsi
222 4452 290 4510 orbe
300 4452 375 4510 Ven.
429 4449 793 4512 lerversuomuennld.
848 4455 1031 4530 ¹²¹numerus]
1048 4454 1194 4533 rhythmus
1206 4473 1259 4514 nu·

160 4549 254 4590 merus
266 4533 337 4590 Ven.
393 4543 410 4576 ²¹
423 4534 472 4611 qui
483 4532 695 4594 oraedictos
706 4533 805 4610 ῥυθμός]
819 4533 894 4596 inter
906 4553 1013 4616 grecos
1026 4547 1056 4596 et
1069 4535 1173 4596 latinos
1183 4535 1257 4596 Ven.
