3076 5140
146 353 229 401 cnr.
247 343 303 401 14.
336 327 401 401 De
416 328 544 402 metris
558 353 640 428 quae
656 352 702 402 ea
718 327 1010 402 Pmtlremimere
1025 333 1086 426 85⁶.
1177 337 1244 415 177

147 511 433 600 ⁰inlormabitur,
443 510 540 608 quod
560 511 626 585 erit
639 513 675 584 in
689 538 841 586 numero
857 525 895 586 et
911 537 1040 612 genere
1053 509 1247 583 Phalaecio-

149 653 227 699 rum
254 625 631 724 perconjunctionem
660 626 759 700 heroi
783 627 982 702 hexametri
1005 641 1043 700 et
1064 625 1249 714 trochaici,

150 741 244 814 haud
264 741 350 814 alias
368 768 476 839 quam
496 743 667 842 superior,
680 769 725 818 ex
742 745 970 843 copulatione
987 745 1144 832 iambici,
1156 757 1249 816 tam-

148 884 269 956 quam,
1233 847 1237 854 ’

301 973 456 1046 stadum
472 975 600 1047 saucia
617 999 719 1063 cura,
737 973 871 1049 Eaerit
872 975 1059 1076 jurarem.

149 1070 208 1162 Et,
300 1169 528 1245 vulnerabile
544 1181 695 1269 tempus,
713 1171 918 1270 aratajam
930 1171 1125 1268 parabant.

150 1317 230 1391 Nec
255 1318 378 1391 minus
404 1319 737 1418 hephthemimeres
764 1335 875 1406 tome,
896 1317 1043 1392 subdito
1061 1319 1129 1391 sibi
1148 1331 1281 1392 versu⁶

152 1433 316 1506 trimetro
345 1433 564 1522 catalectico,
592 1435 653 1530 qui
684 1461 729 1506 ex
765 1433 986 1533 pyrrhichio,
1020 1433 1191 1532 spondeo,
1217 1449 1254 1506 et

152 1548 273 1619 iambo
322 1547 525 1637 ‘subsistat
567 1563 694 1648 aptum
732 1549 877 1648 tragicis
920 1548 1056 1622 'choris
1097 1559 1252 1622 metrum

152 1661 364 1762 ‘prestabit
380 1663 489 1748 velut,

303 1775 433 1852 Multa
449 1789 642 1878 quoquest
659 1778 751 1853 bello
764 1803 907 1877 passus

151 1891 311 1980 Dehinc,

302 2007 397 2080 Fato
408 2006 594 2110 profugus
609 2007 825 2109 Lauinaque
843 2011 953 2084 venit.

152 2123 261 2208 Imm,
303 2218 433 2295 wObrue
448 2249 513 2296 nos
529 2222 755 2324 Danaosque
770 2223 890 2313 simul,

305 2337 425 2410 *Aras
440 2335 589 2412 Priami
605 2339 776 2414 anato
787 2341 873 2436 pias
889 2349 986 2412 tunc.

158 2469 243 2551 Quo
262 2495 390 2568 genere
408 2471 513 2543 metri
536 2485 573 2544 et
589 2472 782 2572 Euripides
806 2473 844 2546 in
862 2471 1001 2558 Oreste,
1018 2481 1055 2542 et
1071 2469 1285 2568 'Pompo-r

157 2585 237 2657 nius
268 2599 388 2658 noster
419 2585 455 2658 in
488 2585 562 2658 suis
592 2589 647 2660 usi
677 2601 886 2661 noscuntur.
937 2585 995 2658 Ex
1023 2585 1148 2658 eadem
1183 2584 1259 2658 sola

159 2699 474 2800 bephihemimere
501 2717 599 2776 tome
627 2703 722 2802 apud
752 2702 972 2802 Septimium
1010 2701 1183 2774 Serenum
1220 2699 1258 2772 in

159 2817 343 2916 opusculis
361 2819 588 2918 conpositum
609 2813 753 2892 carmen
773 2817 980 2914 hujusmodi
1000 2816 1183 2916 reperitur,

308 2933 436 3031 Inquit
451 2935 591 3007 amicus
607 2959 700 3034 ager
717 2934 868 3018 domino,

311 3047 356 3120 Si
372 3048 460 3122 bene
475 3047 696 3149 '‘misacius,
713 3049 871 3123 memini.

308 3159 430 3235 Pinea
448 3163 598 3237 machia
616 3165 700 3237 dum
717 3163 915 3261 trepidant,

309 3277 431 3350 Audio
449 3279 670 3352 cauliculum
688 3279 862 3378 Zephyri.

158 3390 334 3487 ’adjecta
350 3392 490 3466 residua
509 3394 612 3467 metri
640 3408 741 3493 parte
764 3393 941 3467 efficietur
963 3393 1171 3466 hexameter
1197 3389 1261 3462 he-

160 3531 252 3592 rous,
272 3507 341 3579 hoc
360 3507 479 3594 modo,

200 3713 216 3745 ⁰
237 3701 419 3778 formabitur]
435 3703 633 3764 informabitur
650 3708 683 3764 Ρ.
806 3707 1005 3781 ΡοΙιιοῑιὴίΙο]
1027 3705 1209 3766 ineluctabile
1230 3707 1261 3764 P.

160 3782 278 3856 spata]
294 3784 380 3842 Facta
394 3784 425 3842 P.
507 3785 680 3860 rsubsimr]
694 3787 828 3844 subsistet
843 3787 873 3845 P.
956 3786 1105 3861 'choreis]
1122 3787 1216 3844 choris
1231 3787 1261 3842 P.

160 3861 343 3940 tprasubit]
360 3866 486 3942 portabit
500 3867 530 3922 P.
615 3875 631 3908 V
644 3869 715 3924 Aras
731 3867 833 3925 Priami
848 3868 993 3942 damnate]
1012 3887 1088 3926 acras
1103 3864 1262 3942 Priamique

161 3941 297 4001 &masto
311 3945 344 4002 P.
366 3945 432 4002 Vid.
448 3947 565 4004 Santen.
580 3948 646 4004 Ter.
660 3947 755 4005 Maur.
771 3967 798 4026 p.
814 3967 831 4022 3
835 3967 883 4022 32.
945 3957 967 3988 v
981 3948 1169 4024 Pomponius]
1185 3947 1262 4004 Pon-

162 4021 288 4101 tiponius
302 4025 333 4081 P.
415 4035 432 4067 ¹
446 4026 499 4100 mi]
517 4026 584 4083 mihi
601 4027 631 4084 P.
715 4039 729 4082 5
743 4029 864 4108 adjecta]
880 4027 928 4107 qui
943 4027 1054 4106 adjecta
1068 4029 1099 4084 P.

201 4205 232 4262 6.
257 4207 364 4262 Priami
381 4206 524 4279 damnate]
551 4205 592 4262 vel
612 4207 691 4262 darn·
734 4205 829 4264 sabula
839 4207 942 4264 Oreste
957 4225 1038 4263 usum
1051 4216 1141 4262 metro
1157 4203 1210 4262 hoc
1220 4203 1263 4260 di·

162 4293 229 4342 aato
251 4285 294 4342 rel
318 4289 460 4352 domama
482 4285 562 4343 utin
584 4286 691 4344 Teren·
734 4285 783 4355 cit,
799 4298 828 4344 et
842 4286 936 4344 locum
954 4285 1070 4352 indicat,
1084 4285 1133 4342 sed
1154 4285 1184 4342 in
1203 4283 1263 4340 vul-

163 4363 242 4422 tiano
265 4367 302 4438 (v.
322 4365 412 4444 1967)
436 4365 574 4424 scribitur.
608 4367 692 4423 Euri·
733 4365 806 4444 gatis
820 4367 965 4424 codicibus
980 4365 1050 4423 ratio
1063 4383 1119 4421 non
1131 4373 1260 4441 apparet.

163 4445 260 4520 pidem
283 4458 378 4505 autem
402 4459 431 4504 et
450 4445 638 4505 Terentianus
663 4445 692 4503 in
734 4445 885 4503 CAMER.

792 4565 857 4611 Aa
