3100 5142
317 415 389 478 288
738 397 995 476 MariiPlotii

275 615 303 652 n
340 585 407 662 De
421 593 636 662 tetrametro
652 583 864 660 catalectico
881 583 1127 658 Aaocreoatia
1144 584 1398 660 choriambico.

369 717 660 794 choriambicum
677 717 963 792 Anacreontiam
987 727 1238 790 tetrametram
1264 717 1423 791 catalec-

316 837 426 910 ticum
443 837 485 908 fit
502 833 611 934 primi
634 833 836 908 choriambi
859 833 976 907 soluta
1003 833 1122 932 prima
1148 833 1285 931 syllaba
1312 835 1422 932 longa

316 950 461 1026 induas
479 951 616 1038 breves,
635 961 676 1022 ut
693 949 739 1022 sit
755 975 819 1049 pes
836 949 974 1050 primus
1001 973 1046 1021 ex
1072 949 1256 1048 tribrachy
1274 965 1312 1022 et
1330 952 1422 1023 iam-

232 1103 245 1137 t
316 1068 375 1156 bo,
394 1065 449 1138 rel
468 1091 513 1138 ex
532 1063 743 1164 pyrrhichio
760 1077 797 1136 et
814 1078 1008 1164 anapaesto,
1025 1063 1167 1137 duobus
1187 1063 1315 1138 mediis
1333 1065 1420 1138 cho

316 1181 474 1272 m'ambis,
490 1194 619 1278 quarto
636 1178 738 1280 pede,
756 1179 792 1252 id
815 1193 870 1252 cst
887 1179 1094 1266 novissimo,
1117 1180 1420 1280 spalimbacchio,

316 1312 369 1386 ut,
445 1397 571 1462 Aaou
585 1415 658 1460 erar
672 1393 761 1460 dulce
773 1393 867 1460 beau
878 1395 1128 1482 mamalumqoae
1136 1395 1242 1482 groti.

275 1643 304 1690 ῃ
367 1606 431 1680 De
447 1613 660 1680 tetrametro
678 1603 888 1678 catalectico
905 1604 1101 1701 Eupolidio
1119 1603 1370 1678 choriambico.

370 1735 662 1812 Choriambicum
686 1734 925 1833 Eupolidium
941 1745 1193 1810 tetrametram
1209 1736 1420 1810 semitecti-

317 1880 398 1928 cum
416 1856 458 1926 fit
479 1852 597 1952 primo
621 1850 713 1950 pede
740 1851 909 1941 trochaeo,
926 1851 1084 1926 secundo
1109 1851 1332 1937 choriambo,
1350 1865 1420 1924 ter-

184 2033 186 2040 .
316 1970 368 2042 tio
384 1969 592 2058 ditrochaeo,
609 1981 748 2066 quarto,
767 1967 802 2042 id
820 1983 875 2042 est
892 1969 1099 2055 novissimo,
1117 1968 1386 2067 amphimacro:

445 2085 507 2148 Dii
521 2084 593 2148 booi
608 2093 733 2150 semote
746 2085 935 2149 aacmdotem
950 2105 1005 2149 aar
1018 2084 1163 2150 caenam
1180 2105 1244 2148 vor.

275 2332 305 2380 η
463 2293 528 2368 De
540 2303 768 2393 pentametro
786 2291 996 2368 catalectico
1018 2293 1267 2368 Callimachio.

370 2425 662 2502 Choriambicum
680 2426 932 2500 catalecticum
954 2437 1221 2525 pentametrum
1241 2425 1420 2501 Callima-

317 2543 435 2618 chiam
454 2547 496 2618 fit
513 2557 683 2642 quattuor
699 2541 929 2632 choriambis,
947 2543 1075 2640 quinto
1097 2541 1190 2642 pede
1212 2543 1420 2642 amphibra-

272 2802 275 2811 ¹
316 2659 434 2840 chblec
447 2775 612 2861 babylona
625 2795 772 2840 numeror
786 2783 823 2838 ut
837 2773 949 2838 melius
963 2772 1119 2860 qaidqirid
1133 2773 1204 2836 rcrit
1213 2791 1376 2859 geremias.

275 3021 285 3055 ι
290 3021 304 3070 5
529 2984 592 3058 De
608 2983 817 3058 heaametro
834 2979 1043 3056 catalectico
1062 2981 1217 3058 Philico.

361 3113 631 3190 Hcaametrum
649 3114 899 3190 catalecticum
917 3113 1204 3205 choriambicum,
1216 3112 1313 3211 quod
1329 3111 1420 3186 Phi-

318 3231 427 3305 licum
444 3230 587 3321 dicitur,
606 3243 748 3304 constat
765 3230 925 3328 quinque
942 3229 1173 3320 choriambis,
1190 3244 1292 3304 sexto
1314 3229 1419 3328 pede,

318 3347 354 3420 id
372 3361 426 3419 est
444 3346 653 3434 novissimo,
670 3345 945 3446 amphibrachy,

362 3463 401 3519 Te
410 3467 491 3538 porat
505 3463 614 3520 Bacche
624 3463 713 3522 Pater
727 3471 806 3538 teque
819 3465 915 3522 &cem
927 3471 1010 3522 cauto
1022 3463 1111 3520 Venus
1120 3466 1168 3540 qui
1180 3465 1297 3521 modicos
1307 3464 1418 3519 amafir.

276 3711 306 3761 ιο
581 3679 645 3752 De
663 3679 900 3756 choriambico
916 3679 1168 3778 Asclepiadem

370 3811 659 3887 Choriambicam
676 3812 956 3912 Asclepiadeum
978 3813 1030 3900 fit,
1056 3837 1142 3886 cum
1168 3811 1305 3911 primus
1331 3823 1419 3909 'pes

358 4103 375 4150 Ρ
389 4093 608 4172 palimbacchio]
625 4092 673 4152 Sic
688 4094 722 4152 L.
739 4095 848 4153 bacchio
862 4093 1023 4152 Putscbius.
1117 4105 1133 4150 (1
1146 4093 1358 4167 catalecticum]
1374 4093 1420 4151 Sic

318 4177 354 4236 L.
370 4175 533 4231 catalectum
548 4173 708 4235 Potachias.
796 4179 984 4250 rerigeremus
998 4174 1033 4232 1..
1117 4184 1260 4250 ⁸peram.
1275 4174 1310 4232 L.

363 4371 409 4430 15.
432 4355 580 4434 Philiscus]
601 4357 758 4415 Philisciom
775 4359 846 4414 San·
888 4354 936 4432 qui
949 4375 1013 4412 mox
1025 4357 1133 4412 aulicos
1144 4373 1195 4432 pro
1203 4357 1330 4412 modicos.
1352 4353 1420 4410 Ter·

320 4437 414 4497 anius
434 4435 470 4494 ad
487 4435 603 4493 Terent.
619 4437 713 4497 Maur.
736 4457 763 4515 p.
776 4453 846 4512 325,
889 4437 991 4494 hierius
1006 4436 1163 4494 Philistum.
