3076 5140
314 451 388 530 ase
733 447 989 525 Man'il’tosu

572 635 675 700 Am
687 637 855 722 vinaque
867 653 956 698 cuso.

315 747 440 846 [cuis]
465 745 570 822 Binis
594 745 761 846 spondeis
778 771 864 820 cuns
882 744 958 817 suis
974 741 1120 843 syllabis
1137 756 1174 815 et
1192 767 1261 815 una
1280 741 1316 814 in
1339 767 1425 815 me-

312 862 374 936 dio
392 863 484 962 plus,
502 859 537 934 id
555 875 610 934 est
628 860 665 934 in
683 863 756 934 flue
774 861 900 960 primae
916 885 1080 935 cassum:

441 975 1151 1062 uoanfiommsismmufimm.

268 1085 419 1164 ss'Binis
442 1087 595 1186 dactylis
619 1101 656 1159 et
680 1087 777 1160 binis
802 1085 971 1184 spondeis
995 1109 1081 1158 curn
1105 1084 1179 1158 auis
1204 1081 1354 1182 syllabis
1384 1097 1425 1154 et

315 1227 385 1276 una
404 1203 485 1304 plus
504 1203 539 1276 in
559 1200 702 1275 medio:

447 1317 566 1380 Ouinio
579 1317 744 1380 uesano
758 1313 857 1380 ddasne
869 1315 953 1382 aaut
962 1313 1071 1379 Musae
1083 1313 1201 1378 dolcat.

315 1427 420 1502 Binis
443 1426 610 1528 spondeis
632 1441 670 1500 et
697 1425 790 1498 binis
816 1425 970 1525 dactylis
995 1449 1078 1500 cum
1103 1425 1178 1497 suis
1205 1423 1356 1520 syllabis
1384 1436 1424 1496 et
1517 1421 1518 1438 ¹

316 1571 387 1617 una
405 1543 443 1616 in
461 1541 582 1616 medio
599 1542 691 1641 plus.
742 1541 922 1642 Exempla
945 1567 1029 1614 vero
1053 1567 1119 1614 nos
1145 1539 1268 1613 omnia
1292 1552 1423 1612 nnana

315 1657 454 1734 damus.
507 1655 667 1756 Singulis
684 1653 835 1756 dactylis
852 1668 889 1728 et
906 1655 1059 1754 singulis
1075 1653 1243 1755 spondeis
1260 1677 1306 1726 ex
1321 1667 1424 1726 utra-

316 1797 387 1870 que
404 1785 505 1871 pane
526 1797 609 1846 cum
637 1771 711 1846 suis
736 1768 883 1870 syllabis
908 1784 946 1844 et
971 1795 1043 1844 una
1067 1769 1207 1870 syllaba
1232 1769 1267 1841 in
1292 1767 1422 1842 medio

316 1887 409 1986 ΡΜ
444 1983 1181 2072 cmmsmaommaaaugm.

271 2127 304 2190 ³⁶
317 2109 476 2208 Singulis
502 2109 670 2209 spondeis
688 2123 724 2184 et
748 2111 900 2210 singulis
925 2109 1078 2210 dactylis
1101 2133 1185 2184 cum
1209 2109 1283 2182 suis
1309 2109 1423 2206 sylla-

318 2224 372 2298 bis
389 2238 426 2297 et
443 2251 515 2296 una
532 2224 569 2296 in
589 2225 709 2300 medio
726 2226 829 2326 plus:

445 2341 619 2405 Momm
633 2342 731 2405 oadal
745 2361 833 2406 nunc
843 2349 956 2406 macta
969 2349 1067 2404 mesra
1082 2339 1149 2404 tibi.

316 2448 508 2549 ‘Dactylo,
520 2449 692 2550 spondeo,
705 2475 770 2523 sua
786 2450 935 2550 syllaba,
944 2465 982 2522 et
996 2475 1067 2524 una
1080 2449 1191 2522 altera
1204 2447 1296 2547 plus,
1309 2471 1422 2546 spon-

316 2564 398 2653 deo,
414 2563 571 2664 dactylo,
588 2578 625 2638 et
642 2565 800 2664 syllaba:

449 2681 578 2768 Optimo
591 2679 777 2744 ‘Musarum
791 2679 832 2744 do
846 2687 949 2744 mesra
963 2677 1120 2744 Claen'lli.

272 2829 304 2881 ³7
318 2788 522 2889 sspondeo,
539 2789 697 2890 dactylo,
714 2809 777 2862 aua
801 2788 950 2886 syllaba,
966 2801 1005 2860 et
1030 2813 1102 2860 una
1128 2787 1237 2860 altera
1261 2785 1360 2886 plus,
1384 2797 1422 2858 et

317 2904 474 3005 dactylo,
491 2904 663 3006 spondeo,
679 2917 716 2977 et
733 2903 891 3003 syllaba:

447 3019 612 3107 Praecepta
626 3040 803 3084 masaorm
815 3018 854 3082 dc
863 3026 987 3104 pectore
1001 3017 1127 3082 coelssfi.

273 3137 306 3198 ³⁸
370 3121 465 3195 Haec
482 3136 567 3196 suut
583 3122 769 3196 schemata
787 3120 890 3194 metri
908 3119 1087 3192 Cboerilii.
1125 3117 1197 3192 Sed
1215 3116 1335 3214 nequi
1351 3141 1420 3189 nos

319 3235 510 3336 imperitias
525 3251 651 3336 arguat
667 3235 764 3336 quod
781 3250 951 3333 quattuor
976 3238 1159 3309 schemata
1184 3231 1420 3334 promisimus

318 3378 396 3424 esse
413 3351 521 3448 hujus
541 3353 656 3440 metri,
673 3351 733 3426 sed
753 3352 838 3424 bina
855 3349 1006 3449 singulas
1022 3375 1181 3438 caesurae,
1197 3361 1234 3420 et
1249 3347 1422 3447 exempla

320 3465 506 3564 posuimus
524 3465 642 3554 hocto,
661 3467 730 3540 boc
746 3465 855 3540 debet
879 3465 972 3555 sciri,
988 3465 1084 3564 quod
1106 3462 1256 3564 singulm
1275 3487 1420 3536 coesurae

323 3579 428 3674 hujus
456 3581 557 3653 metri
582 3607 758 3680 percussae
788 3595 962 3679 quaterna
996 3581 1180 3654 schemata
1207 3579 1355 3665 babent,
1380 3577 1419 3649 in

275 3725 308 3775 ³⁹
321 3721 359 3766 se
386 3709 508 3767 tamen
537 3695 705 3794 copulata
727 3697 838 3770 altera
863 3710 1049 3792 quaterna.
1100 3694 1200 3768 Nam
1226 3706 1289 3766 aut
1313 3703 1419 3788 quat-

320 3822 402 3884 tuor
428 3823 513 3883 sunt
534 3809 681 3908 dactyli,
696 3837 742 3884 ex
765 3824 915 3910 utraque
940 3825 1041 3913 parte
1064 3811 1153 3898 bini,
1170 3823 1233 3884 sut
1249 3819 1423 3905 quattuor

321 3941 405 4000 sunt
436 3925 598 4026 spondei,
621 3953 666 4000 ex
697 3940 850 4024 utraque
875 3941 978 4028 parte
1004 3925 1092 4015 bini,
1117 3938 1179 4000 aut
1209 3923 1316 4024 primi
1345 3920 1421 3994 duo

362 4227 375 4260 e
389 4219 428 4274 lis
441 4237 499 4276 om.
513 4217 550 4276 L.
747 4215 762 4261 ‘¹
777 4219 847 4279 daut
860 4220 943 4294 dant]
962 4217 1009 4278 Sic
1022 4217 1059 4276 L.
1077 4215 1165 4276 semel
1179 4217 1248 4274 dost
1260 4199 1419 4271 Pusehlus.

322 4309 336 4342 θ
349 4297 462 4374 dactylo
482 4297 624 4376 spondeo]
647 4301 772 4374 dactylus
789 4303 922 4375 spondeas
935 4301 972 4358 L.
986 4299 1035 4376 qui
1054 4309 1115 4356 tum
1130 4315 1187 4354 ons.
1201 4315 1254 4352 suo
1272 4293 1420 4368 syllaba·-

321 4379 437 4453 syllolc.
553 4377 722 4438 ‘Musarum
738 4379 775 4437 do
789 4393 880 4440 metra
894 4377 1035 4454 Choerilii]
1054 4385 1206 4436 metrumne
1219 4375 1333 4432 &matri
1348 4373 1420 4429 Clio·

322 4460 369 4514 riti
382 4456 418 4516 L.
510 4469 527 4514 8
541 4459 651 4538 dactylo
665 4459 805 4539 spondeo]
820 4463 953 4535 spondeus
966 4459 1091 4534 dactylus
1105 4455 1140 4516 L.
1181 4455 1307 4535 spondeo
1321 4454 1418 4530 dacty-

323 4537 364 4612 lo]
379 4539 505 4612 doclylus
517 4543 649 4614 spondeus
664 4542 696 4600 L.
780 4537 892 4614 hocto]
910 4549 970 4598 octo
985 4541 1048 4598 bina
1061 4537 1099 4596 L.
