<?xml version="1.0" encoding="UTF-8"?>
<!DOCTYPE html PUBLIC "-//W3C//DTD XHTML 1.0 Transitional//EN"
    "http://www.w3.org/TR/xhtml1/DTD/xhtml1-transitional.dtd">
<html xmlns="http://www.w3.org/1999/xhtml" xml:lang="en" lang="en">
 <head>
  <title>
</title>
<meta http-equiv="Content-Type" content="text/html;charset=utf-8" />
  <meta name='ocr-system' content='tesseract 3.04.00' />
  <meta name='ocr-capabilities' content='ocr_page ocr_carea ocr_par ocr_line ocrx_word'/>
</head>
<body>
  <div class='ocr_page' id='page_1' title='image "./scriptoreslatin00gaisgoog_0489.png"; bbox 0 0 2980 5142; ppageno 0'>
   <div class='ocr_carea' id='block_1_1' title="bbox 71 369 1277 510">
    <p class='ocr_par' dir='ltr' id='par_1_1' title="bbox 71 369 1277 510">
     <span class='ocr_line' id='line_1_1' title="bbox 71 369 1277 510; baseline 0.006 -30"><span class='ocrx_word' id='word_1_1' title='bbox 71 427 179 480; x_wconf 75' lang='lat' dir='ltr'><strong>cae.</strong></span> <span class='ocrx_word' id='word_1_2' title='bbox 197 416 254 498; x_wconf 86' lang='lat'><strong>17.</strong></span> <span class='ocrx_word' id='word_1_3' title='bbox 279 404 346 480; x_wconf 86' lang='lat' dir='ltr'><strong>De</strong></span> <span class='ocrx_word' id='word_1_4' title='bbox 352 405 508 504; x_wconf 74' lang='lat' dir='ltr'><strong>pedilnn</strong></span> <span class='ocrx_word' id='word_1_5' title='bbox 519 407 680 482; x_wconf 82' lang='lat' dir='ltr'><strong>metricis</strong></span> <span class='ocrx_word' id='word_1_6' title='bbox 690 407 768 482; x_wconf 85' lang='lat' dir='ltr'><strong>sive</strong></span> <span class='ocrx_word' id='word_1_7' title='bbox 778 407 1101 510; x_wconf 71' lang='lat' dir='ltr'><strong>significationum.</strong></span> <span class='ocrx_word' id='word_1_8' title='bbox 1128 423 1198 502; x_wconf 73' lang='lat'><strong>471</strong></span> <span class='ocrx_word' id='word_1_9' title='bbox 1274 369 1277 374; x_wconf 15' lang='grc' dir='ltr'><strong><em>Δ</em></strong></span> 
     </span>
    </p>
   </div>
   <div class='ocr_carea' id='block_1_2' title="bbox 75 589 1341 3156">
    <p class='ocr_par' dir='ltr' id='par_1_2' title="bbox 75 589 1341 3156">
     <span class='ocr_line' id='line_1_2' title="bbox 139 589 1231 693; baseline 0.01 -29"><span class='ocrx_word' id='word_1_10' title='bbox 139 589 434 690; x_wconf 88' lang='lat' dir='ltr'><strong>Quinquipartes</strong></span> <span class='ocrx_word' id='word_1_11' title='bbox 451 602 546 676; x_wconf 88' lang='lat' dir='ltr'><strong>sunt,</strong></span> <span class='ocrx_word' id='word_1_12' title='bbox 563 590 627 688; x_wconf 89' lang='lat' dir='ltr'><strong>qui</strong></span> <span class='ocrx_word' id='word_1_13' title='bbox 644 590 804 690; x_wconf 90' lang='lat' dir='ltr'><strong>quinque</strong></span> <span class='ocrx_word' id='word_1_14' title='bbox 826 606 945 693; x_wconf 87' lang='lat' dir='ltr'><strong>partes</strong></span> <span class='ocrx_word' id='word_1_15' title='bbox 962 595 1132 670; x_wconf 86' lang='lat' dir='ltr'><strong>orationis</strong></span> <span class='ocrx_word' id='word_1_16' title='bbox 1159 597 1231 676; x_wconf 85' lang='lat' dir='ltr'><strong>li·s</strong></span> 
     </span>
     <span class='ocr_line' id='line_1_3' title="bbox 75 705 483 807; baseline -0.002 -27"><span class='ocrx_word' id='word_1_17' title='bbox 75 708 198 781; x_wconf 82' lang='lat' dir='ltr'><strong>beros</strong></span> <span class='ocrx_word' id='word_1_18' title='bbox 215 705 413 807; x_wconf 87' lang='lat' dir='ltr'><strong>possident,</strong></span> <span class='ocrx_word' id='word_1_19' title='bbox 430 719 483 796; x_wconf 92' lang='lat' dir='ltr'><strong>ut,</strong></span> 
     </span>
     <span class='ocr_line' id='line_1_4' title="bbox 228 822 922 912; baseline 0.007 -27"><span class='ocrx_word' id='word_1_20' title='bbox 228 823 296 886; x_wconf 85' lang='lat' dir='ltr'><strong>Ora</strong></span> <span class='ocrx_word' id='word_1_21' title='bbox 309 824 477 886; x_wconf 67' lang='lat' dir='ltr'><strong>citatam</strong></span> <span class='ocrx_word' id='word_1_22' title='bbox 491 843 589 886; x_wconf 74' lang='lat' dir='ltr'><strong>curari</strong></span> <span class='ocrx_word' id='word_1_23' title='bbox 604 822 735 888; x_wconf 60' lang='lat' dir='ltr'><strong>dolorm</strong></span> <span class='ocrx_word' id='word_1_24' title='bbox 748 846 922 912; x_wconf 66' lang='lat' dir='ltr'><strong>equorum</strong></span> 
     </span>
     <span class='ocr_line' id='line_1_5' title="bbox 141 931 1231 1036; baseline 0 -30"><span class='ocrx_word' id='word_1_25' title='bbox 141 931 355 1032; x_wconf 82' lang='lat' dir='ltr'><strong>Partipedes</strong></span> <span class='ocrx_word' id='word_1_26' title='bbox 386 946 481 1020; x_wconf 89' lang='lat' dir='ltr'><strong>sunt,</strong></span> <span class='ocrx_word' id='word_1_27' title='bbox 510 931 572 1030; x_wconf 91' lang='lat' dir='ltr'><strong>qui</strong></span> <span class='ocrx_word' id='word_1_28' title='bbox 601 934 638 1005; x_wconf 92' lang='lat' dir='ltr'><strong>in</strong></span> <span class='ocrx_word' id='word_1_29' title='bbox 669 934 820 1032; x_wconf 86' lang='lat' dir='ltr'><strong>singulis</strong></span> <span class='ocrx_word' id='word_1_30' title='bbox 854 935 1007 1036; x_wconf 90' lang='lat' dir='ltr'><strong>pedibus</strong></span> <span class='ocrx_word' id='word_1_31' title='bbox 1043 937 1231 1036; x_wconf 83' lang='lat' dir='ltr'><strong>singulaso</strong></span> 
     </span>
     <span class='ocr_line' id='line_1_6' title="bbox 81 1045 693 1146; baseline 0 -26"><span class='ocrx_word' id='word_1_32' title='bbox 81 1060 216 1146; x_wconf 87' lang='lat' dir='ltr'><strong>partes</strong></span> <span class='ocrx_word' id='word_1_33' title='bbox 233 1045 403 1120; x_wconf 88' lang='lat' dir='ltr'><strong>orationis</strong></span> <span class='ocrx_word' id='word_1_34' title='bbox 420 1046 623 1146; x_wconf 79' lang='lat' dir='ltr'><strong>adsignant,</strong></span> <span class='ocrx_word' id='word_1_35' title='bbox 641 1062 693 1134; x_wconf 89' lang='lat' dir='ltr'><strong>ut,</strong></span> 
     </span>
     <span class='ocr_line' id='line_1_7' title="bbox 228 1163 1053 1254; baseline 0.005 -28"><span class='ocrx_word' id='word_1_36' title='bbox 228 1163 368 1226; x_wconf 78' lang='lat' dir='ltr'><strong>Miscent</strong></span> <span class='ocrx_word' id='word_1_37' title='bbox 369 1163 444 1249; x_wconf 81' lang='lat' dir='ltr'><strong>fido</strong></span> <span class='ocrx_word' id='word_1_38' title='bbox 444 1165 593 1250; x_wconf 82' lang='lat' dir='ltr'><strong>flumina</strong></span> <span class='ocrx_word' id='word_1_39' title='bbox 606 1165 744 1228; x_wconf 85' lang='lat' dir='ltr'><strong>candida</strong></span> <span class='ocrx_word' id='word_1_40' title='bbox 757 1168 918 1254; x_wconf 82' lang='lat' dir='ltr'><strong>sanguine</strong></span> <span class='ocrx_word' id='word_1_41' title='bbox 930 1187 1053 1253; x_wconf 74' lang='lat' dir='ltr'><strong>sparso</strong></span> 
     </span>
     <span class='ocr_line' id='line_1_8' title="bbox 143 1257 1263 1375; baseline 0.004 -29"><span class='ocrx_word' id='word_1_42' title='bbox 143 1273 343 1346; x_wconf 83' lang='lat' dir='ltr'><strong>Fistulares</strong></span> <span class='ocrx_word' id='word_1_43' title='bbox 362 1286 458 1360; x_wconf 90' lang='lat' dir='ltr'><strong>sunt,</strong></span> <span class='ocrx_word' id='word_1_44' title='bbox 473 1257 731 1372; x_wconf 74' lang='lat' dir='ltr'><strong>qui&#39;paulatim</strong></span> <span class='ocrx_word' id='word_1_45' title='bbox 756 1289 979 1350; x_wconf 76' lang='lat' dir='ltr'><strong>accrescente</strong></span> <span class='ocrx_word' id='word_1_46' title='bbox 996 1277 1107 1375; x_wconf 88' lang='lat' dir='ltr'><strong>partis</strong></span> <span class='ocrx_word' id='word_1_47' title='bbox 1125 1303 1230 1358; x_wconf 81' lang='lat' dir='ltr'><strong>ora-7</strong></span> <span class='ocrx_word' id='word_1_48' title='bbox 1260 1329 1263 1334; x_wconf 89' lang='lat'><em>-</em></span> 
     </span>
     <span class='ocr_line' id='line_1_9' title="bbox 86 1388 1201 1492; baseline 0.004 -30"><span class='ocrx_word' id='word_1_49' title='bbox 86 1388 206 1462; x_wconf 87' lang='lat' dir='ltr'><strong>tionis</strong></span> <span class='ocrx_word' id='word_1_50' title='bbox 233 1412 396 1478; x_wconf 91' lang='lat' dir='ltr'><strong>numero,</strong></span> <span class='ocrx_word' id='word_1_51' title='bbox 423 1388 469 1460; x_wconf 91' lang='lat' dir='ltr'><strong>ab</strong></span> <span class='ocrx_word' id='word_1_52' title='bbox 492 1388 599 1462; x_wconf 91' lang='lat' dir='ltr'><strong>unica</strong></span> <span class='ocrx_word' id='word_1_53' title='bbox 624 1389 763 1488; x_wconf 84' lang='lat' dir='ltr'><strong>syllaba</strong></span> <span class='ocrx_word' id='word_1_54' title='bbox 790 1391 908 1488; x_wconf 88' lang='lat' dir='ltr'><strong>plures</strong></span> <span class='ocrx_word' id='word_1_55' title='bbox 932 1391 1093 1492; x_wconf 89' lang='lat' dir='ltr'><strong>adusque</strong></span> <span class='ocrx_word' id='word_1_56' title='bbox 1115 1393 1201 1466; x_wconf 72' lang='lat' dir='ltr'><strong>adu-</strong></span> 
     </span>
     <span class='ocr_line' id='line_1_10' title="bbox 88 1501 1224 1594; baseline 0.004 -17"><span class='ocrx_word' id='word_1_57' title='bbox 88 1519 240 1590; x_wconf 90' lang='lat' dir='ltr'><strong>cuntur,</strong></span> <span class='ocrx_word' id='word_1_58' title='bbox 258 1517 298 1576; x_wconf 91' lang='lat' dir='ltr'><strong>ut</strong></span> <span class='ocrx_word' id='word_1_59' title='bbox 317 1501 535 1576; x_wconf 85' lang='lat' dir='ltr'><strong>Homericus</strong></span> <span class='ocrx_word' id='word_1_60' title='bbox 554 1502 614 1576; x_wconf 91' lang='lat' dir='ltr'><strong>ille</strong></span> <span class='ocrx_word' id='word_1_61' title='bbox 631 1503 800 1594; x_wconf 82' lang='lat' dir='ltr'><strong>declarat,</strong></span> <span class='ocrx_word' id='word_1_62' title='bbox 1221 1515 1224 1520; x_wconf 81' lang='grc'><strong>’</strong></span> 
     </span>
     <span class='ocr_line' id='line_1_11' title="bbox 248 1612 987 1718; baseline 0.007 -27"><span class='ocrx_word' id='word_1_63' title='bbox 248 1612 389 1717; x_wconf 68' lang='lat' dir='ltr'><strong>ripdsap</strong></span> <span class='ocrx_word' id='word_1_64' title='bbox 403 1617 561 1718; x_wconf 67' lang='grc' dir='ltr'><strong>Ἀτρείδη,</strong></span> <span class='ocrx_word' id='word_1_65' title='bbox 577 1623 760 1717; x_wconf 72' lang='grc' dir='ltr'><strong>μοιρηγενὲς,</strong></span> <span class='ocrx_word' id='word_1_66' title='bbox 778 1621 987 1716; x_wconf 71' lang='grc' dir='ltr'><strong>ὅλβιόδαιμον.</strong></span> 
     </span>
     <span class='ocr_line' id='line_1_12' title="bbox 145 1730 1341 1836; baseline 0.005 -31"><span class='ocrx_word' id='word_1_67' title='bbox 145 1730 360 1831; x_wconf 81' lang='lat' dir='ltr'><strong>hAEquidici</strong></span> <span class='ocrx_word' id='word_1_68' title='bbox 379 1746 474 1821; x_wconf 87' lang='lat' dir='ltr'><strong>sunt,</strong></span> <span class='ocrx_word' id='word_1_69' title='bbox 493 1733 555 1832; x_wconf 93' lang='lat' dir='ltr'><strong>qui</strong></span> <span class='ocrx_word' id='word_1_70' title='bbox 574 1734 725 1834; x_wconf 87' lang='lat' dir='ltr'><strong>singulis</strong></span> <span class='ocrx_word' id='word_1_71' title='bbox 750 1735 760 1783; x_wconf 92' lang='lat'><strong>¹</strong></span> <span class='ocrx_word' id='word_1_72' title='bbox 765 1737 1069 1836; x_wconf 85' lang='lat' dir='ltr'><strong>propositionibus</strong></span> <span class='ocrx_word' id='word_1_73' title='bbox 1089 1740 1229 1834; x_wconf 57' lang='lat' dir='ltr'><strong>instiga</strong></span> <span class='ocrx_word' id='word_1_74' title='bbox 1332 1765 1341 1776; x_wconf 78' lang='grc'><em>’</em></span> 
     </span>
     <span class='ocr_line' id='line_1_13' title="bbox 92 1839 633 1947; baseline 0.007 -27"><span class='ocrx_word' id='word_1_75' title='bbox 92 1881 165 1930; x_wconf 80' lang='grc' dir='ltr'><strong><em>τους</em></strong></span> <span class='ocrx_word' id='word_1_76' title='bbox 182 1861 358 1947; x_wconf 89' lang='lat' dir='ltr'><strong>apparant</strong></span> <span class='ocrx_word' id='word_1_77' title='bbox 374 1839 562 1940; x_wconf 79' lang='lat' dir='ltr'><strong>dictiones,</strong></span> <span class='ocrx_word' id='word_1_78' title='bbox 581 1865 633 1939; x_wconf 89' lang='lat' dir='ltr'><strong>ut,</strong></span> 
     </span>
     <span class='ocr_line' id='line_1_14' title="bbox 227 1963 1058 2056; baseline 0.005 -28"><span class='ocrx_word' id='word_1_79' title='bbox 227 1963 308 2028; x_wconf 78' lang='lat' dir='ltr'><strong>Alba</strong></span> <span class='ocrx_word' id='word_1_80' title='bbox 321 1964 467 2053; x_wconf 75' lang='lat' dir='ltr'><strong>ligrntra</strong></span> <span class='ocrx_word' id='word_1_81' title='bbox 478 1965 606 2042; x_wconf 87' lang='lat' dir='ltr'><strong>cadunt,</strong></span> <span class='ocrx_word' id='word_1_82' title='bbox 623 1970 766 2032; x_wconf 76' lang='lat' dir='ltr'><strong>vaccinia</strong></span> <span class='ocrx_word' id='word_1_83' title='bbox 781 1970 882 2055; x_wconf 75' lang='lat' dir='ltr'><strong>nigra</strong></span> <span class='ocrx_word' id='word_1_84' title='bbox 896 1968 1058 2056; x_wconf 80' lang='lat' dir='ltr'><strong>leguntur.</strong></span> 
     </span>
     <span class='ocr_line' id='line_1_15' title="bbox 94 2072 1201 2176; baseline 0.005 -30"><span class='ocrx_word' id='word_1_85' title='bbox 94 2072 202 2148; x_wconf 82' lang='lat' dir='ltr'><strong>Albis</strong></span> <span class='ocrx_word' id='word_1_86' title='bbox 232 2073 329 2147; x_wconf 90' lang='lat' dir='ltr'><strong>enim</strong></span> <span class='ocrx_word' id='word_1_87' title='bbox 360 2074 462 2172; x_wconf 86' lang='lat' dir='ltr'><strong>nigra</strong></span> <span class='ocrx_word' id='word_1_88' title='bbox 487 2077 670 2176; x_wconf 91' lang='lat' dir='ltr'><strong>opposuit,</strong></span> <span class='ocrx_word' id='word_1_89' title='bbox 700 2078 857 2176; x_wconf 84' lang='lat' dir='ltr'><strong>ligustris</strong></span> <span class='ocrx_word' id='word_1_90' title='bbox 887 2093 1007 2152; x_wconf 90' lang='lat' dir='ltr'><strong>autem</strong></span> <span class='ocrx_word' id='word_1_91' title='bbox 1040 2079 1201 2153; x_wconf 89' lang='lat' dir='ltr'><strong>vaccinia</strong></span> 
     </span>
     <span class='ocr_line' id='line_1_16' title="bbox 92 2187 928 2293; baseline 0.008 -32"><span class='ocrx_word' id='word_1_92' title='bbox 92 2187 251 2278; x_wconf 76' lang='lat' dir='ltr'><strong>itribuit,</strong></span> <span class='ocrx_word' id='word_1_93' title='bbox 268 2202 305 2262; x_wconf 91' lang='lat' dir='ltr'><strong>et</strong></span> <span class='ocrx_word' id='word_1_94' title='bbox 322 2187 532 2264; x_wconf 87' lang='lat' dir='ltr'><strong>cadentibus</strong></span> <span class='ocrx_word' id='word_1_95' title='bbox 550 2192 701 2291; x_wconf 86' lang='lat' dir='ltr'><strong>legenda</strong></span> <span class='ocrx_word' id='word_1_96' title='bbox 718 2193 928 2293; x_wconf 87' lang='lat' dir='ltr'><strong>adsignavit.</strong></span> 
     </span>
     <span class='ocr_line' id='line_1_17' title="bbox 147 2307 1229 2406; baseline 0.008 -28"><span class='ocrx_word' id='word_1_97' title='bbox 147 2307 293 2379; x_wconf 85' lang='lat' dir='ltr'><strong>Teretes</strong></span> <span class='ocrx_word' id='word_1_98' title='bbox 321 2319 417 2393; x_wconf 90' lang='lat' dir='ltr'><strong>sunt,</strong></span> <span class='ocrx_word' id='word_1_99' title='bbox 442 2307 504 2406; x_wconf 93' lang='lat' dir='ltr'><strong>qui</strong></span> <span class='ocrx_word' id='word_1_100' title='bbox 531 2308 726 2382; x_wconf 84' lang='lat' dir='ltr'><strong>volubilem</strong></span> <span class='ocrx_word' id='word_1_101' title='bbox 754 2324 791 2382; x_wconf 93' lang='lat' dir='ltr'><strong>et</strong></span> <span class='ocrx_word' id='word_1_102' title='bbox 819 2311 1056 2384; x_wconf 72' lang='lat' dir='ltr'><strong>coherentem</strong></span> <span class='ocrx_word' id='word_1_103' title='bbox 1084 2312 1229 2387; x_wconf 82' lang='lat' dir='ltr'><strong>conti-9</strong></span> 
     </span>
     <span class='ocr_line' id='line_1_18' title="bbox 98 2421 509 2510; baseline 0.002 -16"><span class='ocrx_word' id='word_1_104' title='bbox 98 2435 215 2494; x_wconf 89' lang='lat' dir='ltr'><strong>nuant</strong></span> <span class='ocrx_word' id='word_1_105' title='bbox 230 2421 439 2508; x_wconf 89' lang='lat' dir='ltr'><strong>dictionem,</strong></span> <span class='ocrx_word' id='word_1_106' title='bbox 458 2436 509 2510; x_wconf 91' lang='lat' dir='ltr'><strong>ut,</strong></span> 
     </span>
     <span class='ocr_line' id='line_1_19' title="bbox 233 2538 957 2627; baseline 0.004 -26"><span class='ocrx_word' id='word_1_107' title='bbox 233 2538 343 2602; x_wconf 84' lang='lat' dir='ltr'><strong>Torva</strong></span> <span class='ocrx_word' id='word_1_108' title='bbox 356 2539 572 2608; x_wconf 77' lang='lat' dir='ltr'><strong>Mimalloneis</strong></span> <span class='ocrx_word' id='word_1_109' title='bbox 585 2541 722 2627; x_wconf 71' lang='lat' dir='ltr'><strong>inflatur</strong></span> <span class='ocrx_word' id='word_1_110' title='bbox 736 2541 815 2604; x_wconf 79' lang='lat' dir='ltr'><strong>tibia</strong></span> <span class='ocrx_word' id='word_1_111' title='bbox 829 2539 957 2604; x_wconf 81' lang='lat' dir='ltr'><strong>bombis.</strong></span> 
     </span>
     <span class='ocr_line' id='line_1_20' title="bbox 150 2649 1244 2752; baseline 0.009 -32"><span class='ocrx_word' id='word_1_112' title='bbox 150 2649 276 2722; x_wconf 86' lang='lat' dir='ltr'><strong>Sonori</strong></span> <span class='ocrx_word' id='word_1_113' title='bbox 305 2665 400 2740; x_wconf 90' lang='lat' dir='ltr'><strong>sunt,</strong></span> <span class='ocrx_word' id='word_1_114' title='bbox 417 2651 479 2748; x_wconf 91' lang='lat' dir='ltr'><strong>qui</strong></span> <span class='ocrx_word' id='word_1_115' title='bbox 506 2651 682 2752; x_wconf 89' lang='lat' dir='ltr'><strong>crepitant</strong></span> <span class='ocrx_word' id='word_1_116' title='bbox 707 2649 724 2698; x_wconf 72' lang='lat'><strong>¹¹</strong></span> <span class='ocrx_word' id='word_1_117' title='bbox 732 2651 1023 2750; x_wconf 89' lang='lat' dir='ltr'><strong>pronuntiatione</strong></span> <span class='ocrx_word' id='word_1_118' title='bbox 1048 2651 1199 2751; x_wconf 84' lang='lat' dir='ltr'><strong>fragosa,</strong></span> <span class='ocrx_word' id='word_1_119' title='bbox 1214 2695 1244 2732; x_wconf 82' lang='grc' dir='ltr'><strong>ιο</strong></span> 
     </span>
     <span class='ocr_line' id='line_1_21' title="bbox 101 2765 883 2856; baseline 0.004 -19"><span class='ocrx_word' id='word_1_120' title='bbox 101 2779 137 2838; x_wconf 86' lang='lat' dir='ltr'><strong>ct</strong></span> <span class='ocrx_word' id='word_1_121' title='bbox 153 2766 376 2840; x_wconf 85' lang='lat' dir='ltr'><strong>exultantem</strong></span> <span class='ocrx_word' id='word_1_122' title='bbox 395 2767 590 2840; x_wconf 88' lang='lat' dir='ltr'><strong>informant</strong></span> <span class='ocrx_word' id='word_1_123' title='bbox 606 2765 814 2856; x_wconf 87' lang='lat' dir='ltr'><strong>dictionem,</strong></span> <span class='ocrx_word' id='word_1_124' title='bbox 832 2780 883 2854; x_wconf 90' lang='lat' dir='ltr'><strong>ut,</strong></span> 
     </span>
     <span class='ocr_line' id='line_1_22' title="bbox 228 2898 959 2986; baseline 0.003 -25"><span class='ocrx_word' id='word_1_125' title='bbox 228 2898 272 2962; x_wconf 79' lang='lat' dir='ltr'><strong>Ar</strong></span> <span class='ocrx_word' id='word_1_126' title='bbox 286 2898 362 2962; x_wconf 84' lang='lat' dir='ltr'><strong>tuda</strong></span> <span class='ocrx_word' id='word_1_127' title='bbox 377 2899 512 2962; x_wconf 77' lang='lat' dir='ltr'><strong>terribili</strong></span> <span class='ocrx_word' id='word_1_128' title='bbox 526 2900 633 2964; x_wconf 82' lang='lat' dir='ltr'><strong>sonitu</strong></span> <span class='ocrx_word' id='word_1_129' title='bbox 641 2898 758 2986; x_wconf 83' lang='lat' dir='ltr'><strong>procul</strong></span> <span class='ocrx_word' id='word_1_130' title='bbox 769 2919 830 2962; x_wconf 78' lang='lat' dir='ltr'><strong>rere</strong></span> <span class='ocrx_word' id='word_1_131' title='bbox 843 2919 959 2964; x_wconf 83' lang='lat' dir='ltr'><strong>canoro</strong></span> 
     </span>
     <span class='ocr_line' id='line_1_23' title="bbox 227 2999 415 3087; baseline 0 -25"><span class='ocrx_word' id='word_1_132' title='bbox 227 2999 415 3087; x_wconf 81' lang='lat' dir='ltr'><strong>¹Increpuit.</strong></span> 
     </span>
     <span class='ocr_line' id='line_1_24' title="bbox 103 3099 137 3156; baseline 0.029 -1"><span class='ocrx_word' id='word_1_133' title='bbox 103 3099 137 3156; x_wconf 92' lang='lat' dir='ltr'><strong>et</strong></span> 
     </span>
    </p>
   </div>
   <div class='ocr_carea' id='block_1_3' title="bbox 140 3139 1241 3397">
    <p class='ocr_par' dir='ltr' id='par_1_3' title="bbox 140 3139 1241 3397">
     <span class='ocr_line' id='line_1_25' title="bbox 140 3139 1140 3276; baseline 0.004 -29"><span class='ocrx_word' id='word_1_134' title='bbox 140 3139 148 3168; x_wconf 46' lang='lat' dir='ltr'><strong>l</strong></span> <span class='ocrx_word' id='word_1_135' title='bbox 186 3185 453 3272; x_wconf 81' lang='lat' dir='ltr'><strong>Quadrupedonte</strong></span> <span class='ocrx_word' id='word_1_136' title='bbox 462 3195 590 3272; x_wconf 75' lang='lat' dir='ltr'><strong>prutrem</strong></span> <span class='ocrx_word' id='word_1_137' title='bbox 605 3189 712 3252; x_wconf 85' lang='lat' dir='ltr'><strong>sonitu</strong></span> <span class='ocrx_word' id='word_1_138' title='bbox 726 3189 830 3275; x_wconf 74' lang='lat' dir='ltr'><strong>prtatit</strong></span> <span class='ocrx_word' id='word_1_139' title='bbox 843 3189 970 3276; x_wconf 74' lang='lat' dir='ltr'><strong>ungula</strong></span> <span class='ocrx_word' id='word_1_140' title='bbox 984 3209 1140 3274; x_wconf 81' lang='lat' dir='ltr'><strong>compunt.</strong></span> 
     </span>
     <span class='ocr_line' id='line_1_26' title="bbox 151 3293 1241 3397; baseline 0.005 -32"><span class='ocrx_word' id='word_1_141' title='bbox 151 3293 301 3366; x_wconf 85' lang='lat' dir='ltr'><strong>Vocales</strong></span> <span class='ocrx_word' id='word_1_142' title='bbox 319 3309 413 3382; x_wconf 87' lang='lat' dir='ltr'><strong>sunt,</strong></span> <span class='ocrx_word' id='word_1_143' title='bbox 430 3295 523 3392; x_wconf 85' lang='lat' dir='ltr'><strong>mqui</strong></span> <span class='ocrx_word' id='word_1_144' title='bbox 545 3295 615 3369; x_wconf 90' lang='lat' dir='ltr'><strong>alte</strong></span> <span class='ocrx_word' id='word_1_145' title='bbox 638 3297 812 3397; x_wconf 89' lang='lat' dir='ltr'><strong>producta</strong></span> <span class='ocrx_word' id='word_1_146' title='bbox 831 3297 1023 3387; x_wconf 89' lang='lat' dir='ltr'><strong>locutione,</strong></span> <span class='ocrx_word' id='word_1_147' title='bbox 1042 3298 1199 3371; x_wconf 92' lang='lat' dir='ltr'><strong>sonanti·</strong></span> <span class='ocrx_word' id='word_1_148' title='bbox 1214 3327 1241 3362; x_wconf 83' lang='grc' dir='ltr'><strong>ιι</strong></span> 
     </span>
    </p>
   </div>
   <div class='ocr_carea' id='block_1_4' title="bbox 106 3409 1199 3623">
    <p class='ocr_par' dir='ltr' id='par_1_4' title="bbox 106 3409 1199 3623">
     <span class='ocr_line' id='line_1_27' title="bbox 106 3409 1199 3498; baseline 0.006 -18"><span class='ocrx_word' id='word_1_149' title='bbox 106 3409 168 3480; x_wconf 88' lang='lat' dir='ltr'><strong>bus</strong></span> <span class='ocrx_word' id='word_1_150' title='bbox 190 3409 316 3482; x_wconf 89' lang='lat' dir='ltr'><strong>litteris</strong></span> <span class='ocrx_word' id='word_1_151' title='bbox 344 3411 544 3484; x_wconf 83' lang='lat' dir='ltr'><strong>universam</strong></span> <span class='ocrx_word' id='word_1_152' title='bbox 569 3411 764 3485; x_wconf 90' lang='lat' dir='ltr'><strong>dictionem</strong></span> <span class='ocrx_word' id='word_1_153' title='bbox 793 3413 983 3498; x_wconf 88' lang='lat' dir='ltr'><strong>illustrant,</strong></span> <span class='ocrx_word' id='word_1_154' title='bbox 1002 3426 1043 3486; x_wconf 92' lang='lat' dir='ltr'><strong>ut</strong></span> <span class='ocrx_word' id='word_1_155' title='bbox 1059 3428 1114 3487; x_wconf 89' lang='lat' dir='ltr'><strong>est</strong></span> <span class='ocrx_word' id='word_1_156' title='bbox 1131 3413 1199 3487; x_wconf 75' lang='lat' dir='ltr'><strong>¹¹il-</strong></span> 
     </span>
     <span class='ocr_line' id='line_1_28' title="bbox 107 3523 357 3623; baseline 0.008 -29"><span class='ocrx_word' id='word_1_157' title='bbox 107 3523 175 3596; x_wconf 90' lang='lat' dir='ltr'><strong>lurn</strong></span> <span class='ocrx_word' id='word_1_158' title='bbox 194 3523 357 3623; x_wconf 88' lang='lat' dir='ltr'><strong>paeonia,</strong></span> 
     </span>
    </p>
   </div>
   <div class='ocr_carea' id='block_1_5' title="bbox 108 3723 1201 4608">
    <p class='ocr_par' dir='ltr' id='par_1_5' title="bbox 108 3723 1201 4608">
     <span class='ocr_line' id='line_1_29' title="bbox 146 3723 1199 3796; baseline 0.004 -14"><span class='ocrx_word' id='word_1_159' title='bbox 146 3723 330 3793; x_wconf 71' lang='lat' dir='ltr'><strong>educuntur,</strong></span> <span class='ocrx_word' id='word_1_160' title='bbox 351 3737 384 3783; x_wconf 89' lang='lat' dir='ltr'><strong>ut</strong></span> <span class='ocrx_word' id='word_1_161' title='bbox 407 3725 580 3784; x_wconf 87' lang='lat' dir='ltr'><strong>Homericus</strong></span> <span class='ocrx_word' id='word_1_162' title='bbox 603 3725 652 3784; x_wconf 87' lang='lat' dir='ltr'><strong>ille</strong></span> <span class='ocrx_word' id='word_1_163' title='bbox 670 3727 801 3786; x_wconf 83' lang='lat' dir='ltr'><strong>declarat.</strong></span> <span class='ocrx_word' id='word_1_164' title='bbox 824 3732 854 3794; x_wconf 62' lang='lat' dir='ltr'><strong>rt&lt;</strong></span> <span class='ocrx_word' id='word_1_165' title='bbox 872 3727 941 3785; x_wconf 71' lang='lat' dir='ltr'><strong>clads</strong></span> <span class='ocrx_word' id='word_1_166' title='bbox 960 3733 1059 3788; x_wconf 67' lang='lat' dir='ltr'><strong>rutam</strong></span> <span class='ocrx_word' id='word_1_167' title='bbox 1079 3726 1199 3796; x_wconf 76' lang='grc' dir='ltr'><strong>ἐξέσσυτο</strong></span> 
     </span>
     <span class='ocr_line' id='line_1_30' title="bbox 108 3805 1200 3885; baseline 0.002 -21"><span class='ocrx_word' id='word_1_168' title='bbox 108 3811 218 3885; x_wconf 70' lang='grc' dir='ltr'><strong>φαίδιμος</strong></span> <span class='ocrx_word' id='word_1_169' title='bbox 232 3805 341 3880; x_wconf 74' lang='grc' dir='ltr'><strong>Ἕκτωρ]</strong></span> <span class='ocrx_word' id='word_1_170' title='bbox 358 3807 510 3873; x_wconf 78' lang='lat' dir='ltr'><strong>Dicuntur,</strong></span> <span class='ocrx_word' id='word_1_171' title='bbox 530 3815 562 3864; x_wconf 90' lang='lat' dir='ltr'><strong>ut</strong></span> <span class='ocrx_word' id='word_1_172' title='bbox 583 3808 732 3866; x_wconf 66' lang='lat' dir='ltr'><strong>nomenoio</strong></span> <span class='ocrx_word' id='word_1_173' title='bbox 751 3809 799 3866; x_wconf 85' lang='lat' dir='ltr'><strong>ille</strong></span> <span class='ocrx_word' id='word_1_174' title='bbox 819 3809 951 3876; x_wconf 82' lang='lat' dir='ltr'><strong>declarat,</strong></span> <span class='ocrx_word' id='word_1_175' title='bbox 967 3828 1030 3866; x_wconf 85' lang='lat' dir='ltr'><strong>omo</strong></span> <span class='ocrx_word' id='word_1_176' title='bbox 1048 3828 1113 3866; x_wconf 84' lang='lat' dir='ltr'><strong>carn</strong></span> <span class='ocrx_word' id='word_1_177' title='bbox 1129 3811 1200 3866; x_wconf 84' lang='lat' dir='ltr'><strong>tride</strong></span> 
     </span>
     <span class='ocr_line' id='line_1_31' title="bbox 109 3885 1199 3965; baseline -0.004 -19"><span class='ocrx_word' id='word_1_178' title='bbox 109 3908 149 3963; x_wconf 74' lang='lat' dir='ltr'><strong>inp</strong></span> <span class='ocrx_word' id='word_1_179' title='bbox 158 3890 248 3962; x_wconf 76' lang='lat' dir='ltr'><strong>rigens</strong></span> <span class='ocrx_word' id='word_1_180' title='bbox 259 3888 360 3944; x_wconf 83' lang='lat' dir='ltr'><strong>solbieo</strong></span> <span class='ocrx_word' id='word_1_181' title='bbox 369 3889 466 3946; x_wconf 70' lang='lat' dir='ltr'><strong>dauon</strong></span> <span class='ocrx_word' id='word_1_182' title='bbox 476 3889 513 3948; x_wconf 88' lang='lat' dir='ltr'><strong>A.</strong></span> <span class='ocrx_word' id='word_1_183' title='bbox 527 3899 558 3946; x_wconf 88' lang='lat' dir='ltr'><strong>et</strong></span> <span class='ocrx_word' id='word_1_184' title='bbox 568 3887 626 3946; x_wconf 85' lang='lat' dir='ltr'><strong>fere</strong></span> <span class='ocrx_word' id='word_1_185' title='bbox 640 3889 674 3946; x_wconf 90' lang='grc' dir='ltr'><strong>Β.</strong></span> <span class='ocrx_word' id='word_1_186' title='bbox 687 3908 726 3945; x_wconf 84' lang='lat' dir='ltr'><strong>vs.</strong></span> <span class='ocrx_word' id='word_1_187' title='bbox 741 3887 862 3946; x_wconf 88' lang='lat' dir='ltr'><strong>Homeri</strong></span> <span class='ocrx_word' id='word_1_188' title='bbox 877 3907 934 3945; x_wconf 85' lang='lat' dir='ltr'><strong>orn.</strong></span> <span class='ocrx_word' id='word_1_189' title='bbox 944 3889 1018 3946; x_wconf 91' lang='lat' dir='ltr'><strong>Ven.</strong></span> <span class='ocrx_word' id='word_1_190' title='bbox 1068 3885 1199 3965; x_wconf 77' lang='lat' dir='ltr'><strong>hAEqui.</strong></span> 
     </span>
     <span class='ocr_line' id='line_1_32' title="bbox 109 3967 1199 4045; baseline 0.001 -19"><span class='ocrx_word' id='word_1_191' title='bbox 109 3968 169 4044; x_wconf 87' lang='lat' dir='ltr'><strong>dici]</strong></span> <span class='ocrx_word' id='word_1_192' title='bbox 185 3969 274 4043; x_wconf 78' lang='lat' dir='ltr'><strong>AEqui</strong></span> <span class='ocrx_word' id='word_1_193' title='bbox 287 3970 364 4026; x_wconf 82' lang='lat' dir='ltr'><strong>idioti</strong></span> <span class='ocrx_word' id='word_1_194' title='bbox 377 3969 415 4026; x_wconf 89' lang='lat' dir='ltr'><strong>A.</strong></span> <span class='ocrx_word' id='word_1_195' title='bbox 539 3969 545 4006; x_wconf 67' lang='lat'><strong>³</strong></span> <span class='ocrx_word' id='word_1_196' title='bbox 567 3967 819 4045; x_wconf 84' lang='lat' dir='ltr'><strong>propositionibus]</strong></span> <span class='ocrx_word' id='word_1_197' title='bbox 838 3970 1065 4043; x_wconf 71' lang='lat' dir='ltr'><strong>propositionibus</strong></span> <span class='ocrx_word' id='word_1_198' title='bbox 1077 3969 1111 4026; x_wconf 83' lang='grc' dir='ltr'><strong>Α.</strong></span> <span class='ocrx_word' id='word_1_199' title='bbox 1128 3969 1199 4027; x_wconf 89' lang='lat' dir='ltr'><strong>Ven.</strong></span> 
     </span>
     <span class='ocr_line' id='line_1_33' title="bbox 109 4045 1199 4124; baseline -0.001 -16"><span class='ocrx_word' id='word_1_200' title='bbox 109 4051 175 4108; x_wconf 84' lang='lat' dir='ltr'><strong>&#39;l&#39;nm</strong></span> <span class='ocrx_word' id='word_1_201' title='bbox 189 4049 341 4108; x_wconf 71' lang='lat' dir='ltr'><strong>antitistes</strong></span> <span class='ocrx_word' id='word_1_202' title='bbox 355 4049 427 4108; x_wconf 89' lang='lat' dir='ltr'><strong>Ven.</strong></span> <span class='ocrx_word' id='word_1_203' title='bbox 519 4045 530 4102; x_wconf 86' lang='lat' dir='ltr'><strong>l</strong></span> <span class='ocrx_word' id='word_1_204' title='bbox 546 4047 689 4122; x_wconf 83' lang='lat' dir='ltr'><strong>attribuit]</strong></span> <span class='ocrx_word' id='word_1_205' title='bbox 707 4049 802 4106; x_wconf 79' lang='lat' dir='ltr'><strong>tribuit</strong></span> <span class='ocrx_word' id='word_1_206' title='bbox 815 4049 887 4106; x_wconf 72' lang='lat' dir='ltr'><strong>nn.</strong></span> <span class='ocrx_word' id='word_1_207' title='bbox 903 4049 975 4106; x_wconf 89' lang='lat' dir='ltr'><strong>Ven.</strong></span> <span class='ocrx_word' id='word_1_208' title='bbox 1006 4049 1097 4124; x_wconf 90' lang='lat' dir='ltr'><strong>Supra</strong></span> <span class='ocrx_word' id='word_1_209' title='bbox 1106 4052 1199 4122; x_wconf 80' lang='lat' dir='ltr'><strong>posuit</strong></span> 
     </span>
     <span class='ocr_line' id='line_1_34' title="bbox 110 4125 1198 4206; baseline 0.002 -20"><span class='ocrx_word' id='word_1_210' title='bbox 110 4132 174 4188; x_wconf 89' lang='lat' dir='ltr'><strong>Ven.</strong></span> <span class='ocrx_word' id='word_1_211' title='bbox 282 4125 546 4206; x_wconf 66' lang='lat' dir='ltr'><strong>¹¹pronuntiatione</strong></span> <span class='ocrx_word' id='word_1_212' title='bbox 559 4129 683 4206; x_wconf 81' lang='lat' dir='ltr'><strong>fragosa]</strong></span> <span class='ocrx_word' id='word_1_213' title='bbox 702 4131 954 4204; x_wconf 79' lang='lat' dir='ltr'><strong>pronuntiationem</strong></span> <span class='ocrx_word' id='word_1_214' title='bbox 965 4127 1114 4204; x_wconf 78' lang='lat' dir='ltr'><strong>fragosam</strong></span> <span class='ocrx_word' id='word_1_215' title='bbox 1128 4130 1198 4188; x_wconf 86' lang='grc' dir='ltr'><strong>Α.Β.</strong></span> 
     </span>
     <span class='ocr_line' id='line_1_35' title="bbox 111 4207 1199 4287; baseline 0 -21"><span class='ocrx_word' id='word_1_216' title='bbox 111 4212 174 4269; x_wconf 81' lang='lat' dir='ltr'><strong>Van.</strong></span> <span class='ocrx_word' id='word_1_217' title='bbox 252 4207 429 4287; x_wconf 83' lang='lat' dir='ltr'><strong>linorepuit]</strong></span> <span class='ocrx_word' id='word_1_218' title='bbox 449 4211 582 4268; x_wconf 82' lang='lat' dir='ltr'><strong>increbuit</strong></span> <span class='ocrx_word' id='word_1_219' title='bbox 596 4210 668 4268; x_wconf 81' lang='grc' dir='ltr'><strong>Α.Β.</strong></span> <span class='ocrx_word' id='word_1_220' title='bbox 751 4220 775 4251; x_wconf 83' lang='lat'><strong>¹²¹</strong></span> <span class='ocrx_word' id='word_1_221' title='bbox 789 4207 837 4286; x_wconf 92' lang='lat' dir='ltr'><strong>qui</strong></span> <span class='ocrx_word' id='word_1_222' title='bbox 852 4207 973 4284; x_wconf 88' lang='lat' dir='ltr'><strong>peralta</strong></span> <span class='ocrx_word' id='word_1_223' title='bbox 988 4208 1137 4286; x_wconf 87' lang='lat' dir='ltr'><strong>producta]</strong></span> <span class='ocrx_word' id='word_1_224' title='bbox 1153 4214 1199 4286; x_wconf 88' lang='lat' dir='ltr'><strong>qui</strong></span> 
     </span>
     <span class='ocr_line' id='line_1_36' title="bbox 111 4287 1199 4368; baseline -0.001 -19"><span class='ocrx_word' id='word_1_225' title='bbox 111 4295 160 4350; x_wconf 79' lang='lat' dir='ltr'><strong>alte</strong></span> <span class='ocrx_word' id='word_1_226' title='bbox 167 4293 318 4367; x_wconf 84' lang='lat' dir='ltr'><strong>productae</strong></span> <span class='ocrx_word' id='word_1_227' title='bbox 331 4291 401 4348; x_wconf 88' lang='grc' dir='ltr'>Α.Β.</span> <span class='ocrx_word' id='word_1_228' title='bbox 423 4293 470 4365; x_wconf 83' lang='lat' dir='ltr'><strong>qui</strong></span> <span class='ocrx_word' id='word_1_229' title='bbox 484 4310 540 4348; x_wconf 87' lang='lat' dir='ltr'><strong>orn.</strong></span> <span class='ocrx_word' id='word_1_230' title='bbox 553 4291 626 4348; x_wconf 88' lang='lat' dir='ltr'><strong>Ven.</strong></span> <span class='ocrx_word' id='word_1_231' title='bbox 709 4297 723 4331; x_wconf 64' lang='grc' dir='ltr'>ὓ</span> <span class='ocrx_word' id='word_1_232' title='bbox 736 4301 767 4347; x_wconf 89' lang='lat' dir='ltr'><strong>ut</strong></span> <span class='ocrx_word' id='word_1_233' title='bbox 781 4300 824 4347; x_wconf 86' lang='lat' dir='ltr'><strong>est</strong></span> <span class='ocrx_word' id='word_1_234' title='bbox 837 4287 906 4348; x_wconf 89' lang='lat' dir='ltr'><strong>illud</strong></span> <span class='ocrx_word' id='word_1_235' title='bbox 917 4287 1035 4368; x_wconf 75' lang='lat' dir='ltr'><strong>Virgilii.</strong></span> <span class='ocrx_word' id='word_1_236' title='bbox 1047 4290 1149 4348; x_wconf 85' lang='lat' dir='ltr'><strong>Portus</strong></span> <span class='ocrx_word' id='word_1_237' title='bbox 1163 4291 1199 4348; x_wconf 87' lang='lat' dir='ltr'><strong>ab</strong></span> 
     </span>
     <span class='ocr_line' id='line_1_37' title="bbox 112 4367 1201 4449; baseline -0.003 -17"><span class='ocrx_word' id='word_1_238' title='bbox 112 4391 212 4432; x_wconf 71' lang='lat' dir='ltr'><strong>accusa</strong></span> <span class='ocrx_word' id='word_1_239' title='bbox 227 4384 373 4430; x_wconf 85' lang='lat' dir='ltr'><strong>ventorum</strong></span> <span class='ocrx_word' id='word_1_240' title='bbox 395 4369 531 4430; x_wconf 87' lang='lat' dir='ltr'><strong>immotus</strong></span> <span class='ocrx_word' id='word_1_241' title='bbox 547 4367 691 4449; x_wconf 80' lang='lat' dir='ltr'><strong>eriugena</strong></span> <span class='ocrx_word' id='word_1_242' title='bbox 713 4371 778 4448; x_wconf 88' lang='lat' dir='ltr'><strong>lpse</strong></span> <span class='ocrx_word' id='word_1_243' title='bbox 798 4369 847 4427; x_wconf 86' lang='lat' dir='ltr'><strong>sed</strong></span> <span class='ocrx_word' id='word_1_244' title='bbox 869 4368 1005 4428; x_wconf 79' lang='lat' dir='ltr'><strong>horrificis</strong></span> <span class='ocrx_word' id='word_1_245' title='bbox 1022 4373 1104 4448; x_wconf 84' lang='lat' dir='ltr'><strong>juxta</strong></span> <span class='ocrx_word' id='word_1_246' title='bbox 1117 4383 1201 4429; x_wconf 87' lang='lat' dir='ltr'><strong>sonat</strong></span> 
     </span>
     <span class='ocr_line' id='line_1_38' title="bbox 113 4449 1199 4527; baseline -0.002 -15"><span class='ocrx_word' id='word_1_247' title='bbox 113 4455 191 4512; x_wconf 80' lang='lat' dir='ltr'><strong>AEtna</strong></span> <span class='ocrx_word' id='word_1_248' title='bbox 206 4452 302 4512; x_wconf 87' lang='lat' dir='ltr'><strong>ruinis.</strong></span> <span class='ocrx_word' id='word_1_249' title='bbox 325 4453 364 4510; x_wconf 86' lang='lat' dir='ltr'><strong>Et</strong></span> <span class='ocrx_word' id='word_1_250' title='bbox 378 4465 455 4510; x_wconf 86' lang='lat' dir='ltr'><strong>totus</strong></span> <span class='ocrx_word' id='word_1_251' title='bbox 467 4451 570 4510; x_wconf 91' lang='lat' dir='ltr'><strong>deinde</strong></span> <span class='ocrx_word' id='word_1_252' title='bbox 584 4449 662 4509; x_wconf 90' lang='lat' dir='ltr'><strong>locus</strong></span> <span class='ocrx_word' id='word_1_253' title='bbox 677 4449 737 4524; x_wconf 87' lang='lat' dir='ltr'><strong>ille]</strong></span> <span class='ocrx_word' id='word_1_254' title='bbox 754 4459 785 4508; x_wconf 90' lang='lat' dir='ltr'><strong>ut</strong></span> <span class='ocrx_word' id='word_1_255' title='bbox 799 4459 838 4508; x_wconf 84' lang='lat' dir='ltr'><strong>est</strong></span> <span class='ocrx_word' id='word_1_256' title='bbox 852 4453 932 4508; x_wconf 81' lang='lat' dir='ltr'><strong>illum</strong></span> <span class='ocrx_word' id='word_1_257' title='bbox 944 4453 1063 4527; x_wconf 80' lang='lat' dir='ltr'><strong>paeonia</strong></span> <span class='ocrx_word' id='word_1_258' title='bbox 1073 4470 1127 4508; x_wconf 89' lang='lat' dir='ltr'><strong>non</strong></span> <span class='ocrx_word' id='word_1_259' title='bbox 1141 4471 1199 4510; x_wconf 86' lang='lat' dir='ltr'><strong>meo</strong></span> 
     </span>
     <span class='ocr_line' id='line_1_39' title="bbox 114 4533 1197 4608; baseline -0.001 -17"><span class='ocrx_word' id='word_1_260' title='bbox 114 4553 200 4602; x_wconf 71' lang='lat' dir='ltr'><strong>urano</strong></span> <span class='ocrx_word' id='word_1_261' title='bbox 221 4535 352 4608; x_wconf 70' lang='lat' dir='ltr'><strong>hypertn</strong></span> <span class='ocrx_word' id='word_1_262' title='bbox 359 4533 493 4607; x_wconf 79' lang='lat' dir='ltr'><strong>fulgurat</strong></span> <span class='ocrx_word' id='word_1_263' title='bbox 512 4551 592 4590; x_wconf 86' lang='lat' dir='ltr'><strong>eruro</strong></span> <span class='ocrx_word' id='word_1_264' title='bbox 611 4540 671 4590; x_wconf 85' lang='lat' dir='ltr'><strong>acto</strong></span> <span class='ocrx_word' id='word_1_265' title='bbox 689 4534 797 4606; x_wconf 85' lang='lat' dir='ltr'><strong>plostra</strong></span> <span class='ocrx_word' id='word_1_266' title='bbox 817 4533 896 4606; x_wconf 86' lang='lat' dir='ltr'><strong>(euro</strong></span> <span class='ocrx_word' id='word_1_267' title='bbox 914 4541 992 4590; x_wconf 84' lang='lat' dir='ltr'><strong>arcto</strong></span> <span class='ocrx_word' id='word_1_268' title='bbox 1005 4534 1133 4607; x_wconf 78' lang='lat' dir='ltr'><strong>plarntro</strong></span> <span class='ocrx_word' id='word_1_269' title='bbox 1147 4533 1197 4604; x_wconf 86' lang='grc' dir='ltr'><strong>Α.)</strong></span> 
     </span>
    </p>
   </div>
   <div class='ocr_carea' id='block_1_6' title="bbox 0 0 1517 5142">
    <p class='ocr_par' dir='ltr' id='par_1_6' title="bbox 0 0 1517 5142">
     <span class='ocr_line' id='line_1_40' title="bbox 0 0 1517 5142; baseline 0 0"><span class='ocrx_word' id='word_1_270' title='bbox 0 0 1517 5142; x_wconf 95' lang='lat' dir='ltr'><strong> </strong></span> 
     </span>
    </p>
   </div>
  </div>
 </body>
</html>
