3124 5120
296 420 365 479 100
678 403 798 478 Marii
818 401 1004 477 Victorini
1258 425 1332 476 nm.
1351 425 1394 484 u,

247 621 278 666 ⁴4
292 589 399 673 Quod
418 601 573 663 metrum
597 587 844 687 rthconium
863 587 1123 687 octosyllabum
1142 585 1284 662 dicitur.
1333 586 1395 660 Fi-

291 705 381 776 nalis
399 717 533 788 autem,

499 802 616 876 Grato
633 800 787 902 Pyrrha
802 801 870 876 sub
888 812 1006 876 antro.

293 935 401 1016 Quod
419 933 659 1032 suspendam
675 933 914 1019 ἓττασῦλλαβον
931 934 1142 1034 appellatur.

245 1077 277 1126 ts
294 1049 482 1124 Dimetrus
501 1051 630 1122 herous
647 1048 794 1121 initialis
812 1049 891 1138 erit,

492 1167 611 1239 Armn
628 1165 805 1238 sonantia.

290 1281 553 1372 Novissimalis,
571 1280 657 1377 rqui
676 1279 948 1379 pentasyllabus
966 1278 1110 1368 dicitur,

407 1386 412 1395 ’
494 1395 647 1470 Terruit
664 1396 816 1470 'orbern

245 1525 277 1587 4⁶
292 1512 389 1586 Nam
407 1525 481 1585 tam
506 1513 542 1584 in
569 1511 684 1611 prima
702 1537 811 1607 quam
841 1526 1020 1608 postrema
1045 1524 1146 1609 parte
1171 1512 1288 1610 posita
1315 1514 1392 1588 liaec

292 1629 382 1719 cola,
399 1627 598 1726 adsumptis
625 1625 771 1722 reliquis
789 1638 959 1722 quattuor
984 1625 1148 1726 pedibus,
1166 1625 1302 1702 faciunt
1329 1629 1393 1700 he-

290 1771 392 1816 roum
413 1743 678 1828 hexametrum,
691 1767 772 1838 quse
790 1740 1027 1840 portiuncula
1045 1741 1154 1814 etiam
1173 1768 1218 1814 ex
1236 1743 1392 1818 iambico

290 1885 392 1933 versu
419 1885 483 1957 per
509 1857 717 1954 hujusmodi
741 1858 819 1930 cola
836 1857 965 1931 decisae
988 1859 1157 1957 pleraque
1183 1885 1229 1932 ex
1255 1887 1292 1933 se
1314 1861 1390 1959 pari

245 2019 277 2070 4⁷
291 1977 509 2075 syllabarum
528 1972 665 2046 ratione
685 1985 880 2044 metrorum
900 1999 1030 2072 genera
1047 1975 1299 2071 procreabunt.
1330 1976 1393 2048 ln-

290 2103 345 2164 ter
362 2090 451 2176 haec,
466 2115 511 2162 ne
529 2089 710 2188 ignorasse
724 2087 855 2176 videar,
869 2115 940 2160 non
959 2087 1260 2186 praetermiserim,
1278 2088 1392 2186 ‘quod

290 2205 411 2278 ferunt
436 2203 532 2302 apud
559 2216 720 2276 auctores
737 2203 905 2302 exempla
924 2201 1107 2302 repperiri,
1124 2202 1255 2299 quibus
1272 2218 1393 2277 osten-

289 2320 378 2393 dant
406 2321 655 2392 hexametrum
689 2319 908 2418 dactylicum
942 2344 1055 2416 usque
1084 2317 1127 2390 ad
1152 2331 1390 2394 octametrum

290 2436 468 2536 disyllabo
485 2435 719 2508 terminatum
742 2434 967 2534 processisse,
984 2433 1076 2506 ultra
1100 2460 1211 2532 quam
1236 2435 1392 2533 proceri-

289 2565 402 2626 tatem
421 2551 511 2624 nibil
531 2550 566 2624 in
586 2549 712 2624 eodem
732 2548 964 2624 scrutandum
983 2563 1047 2622 est.
1173 2543 1177 2552 ’

469 2750 571 2834 Car.
588 2749 671 2832 III.
702 2753 767 2833 De
786 2749 1043 2860 Anopaestioo
1062 2764 1201 2832 metro.

338 2902 607 3000 Anapaesticum
637 2914 792 2974 metrum
819 2900 995 2996 originem
1020 2899 1160 2974 trabere
1178 2927 1199 2972 a
1216 2900 1391 2996 rhythmo

289 3017 469 3116 dactylico
492 3017 697 3090 indubium
727 3042 798 3088 non
824 3016 933 3103 venit,
951 3042 1035 3089 cum
1063 3015 1189 3088 iisdem
1219 3017 1390 3114 tempori·

291 3133 358 3205 bus
377 3147 526 3229 uterque
549 3158 673 3205 eorum
701 3131 917 3230 syllabisque
944 3131 1132 3206 subsistat:
1161 3131 1257 3204 unde
1274 3158 1295 3203 a
1312 3132 1391 3228 qui-

262 3247 443 3320 sbusdam
487 3247 702 3327 ἅντιδάκτυλος
735 3246 877 3320 dieitur.
942 3247 1129 3344 Siquidem
1169 3245 1335 3346 dactylus
1370 3275 1390 3318 e

289 3366 397 3460 longa
418 3376 455 3434 et
476 3361 615 3434 duabus
643 3361 820 3448 brevibus,
839 3377 1039 3461 anapaestus
1068 3391 1088 3435 e
1114 3363 1282 3436 uduabus
1309 3363 1389 3434 bre-

289 3477 393 3548 vibus
416 3489 452 3548 et
474 3476 583 3573 longa
605 3475 747 3573 digesti,
768 3477 838 3550 situ
864 3478 998 3550 ordinis
1024 3492 1164 3552 tantum
1190 3478 1390 3576 discrepare

289 3589 488 3664 videantur.
539 3589 697 3680 Dehinc,
714 3591 808 3687 quod
827 3590 987 3666 detracta
1012 3620 1076 3692 per
1093 3595 1254 3681 ἐπιπλοκὴν
1282 3593 1390 3664 heroo

289 3706 469 3804 dactylico
498 3705 616 3804 prima
650 3706 768 3804 longa,
798 3707 926 3806 reliqui
958 3708 1067 3806 pedes
1096 3709 1132 3782 in
1168 3721 1386 3807 anapaestum

288 3821 556 3894 'reformentur
582 3821 618 3892 in
637 3848 679 3893 eo
697 3820 888 3895 dumtaxat
905 3849 1020 3913 vorsu,
1037 3824 1098 3921 qui
1122 3825 1282 3921 quinque
1306 3849 1390 3896 con-

289 3936 399 4010 tinuis
417 3964 480 4036 per
497 3937 662 4009 ordinem
680 3936 831 4034 dactylis
849 3939 978 4010 currit:
1006 3953 1059 4028 ut,

355 4051 410 4125 At
427 4053 515 4126 tabo
531 4048 731 4126 terribilem
747 4052 904 4126 sortitam
916 4053 1050 4156 procul
1060 4079 1131 4126 ore
1148 4079 1288 4126 canoro.

330 4291 524 4350 PGlieonium
540 4304 605 4350 octo
619 4291 771 4368 syllabam]
788 4292 958 4370 Glyconium
974 4294 1177 4372 oetasyllaburn
1192 4295 1223 4350 P.
1287 4305 1388 4370 (ιφεμ-

288 4378 395 4449 κράτειυ
409 4373 614 4445 mammas]
631 4371 829 4449 plierebration
843 4374 1072 4453 eneptasyllabon
1089 4376 1120 4432 P.
1202 4373 1272 4451 ¹*qui
1289 4385 1388 4452 penta-

288 4451 425 4530 syllabos]
444 4452 520 4532 quod
535 4451 742 4530 pentasyllabos
756 4453 788 4511 P.
879 4455 1019 4528 ⁸orbem]
1036 4456 1134 4513 urbem
1151 4455 1182 4512 P.
1276 4453 1386 4531 tquod]

288 4531 355 4610 quia
370 4533 401 4592 P.
485 4543 503 4575 2¹
516 4532 638 4609 duabus]
655 4533 765 4591 duobus
781 4534 812 4592 P.
894 4545 916 4575 w
930 4535 1131 4610 reformentur]
1150 4533 1302 4592 relorfiltur
1316 4535 1348 4591 P.
