3076 5140
703 421 824 496 Morii
844 421 1032 498 Victorini
1276 449 1350 500 crs.
1368 450 1434 498 xv.

473 607 569 685 Quis
584 607 701 682 multa
715 607 873 708 gracilis
890 619 926 682 tc
937 635 1033 707 puer
1048 611 1089 683 in
1104 636 1190 684 rosa

468 721 656 823 Perfusus
673 723 823 824 liquidis
839 735 948 824 urget
964 725 1144 816 odoribus,

473 838 592 912 Grato
610 837 762 938 Pyrrho
777 840 845 915 sub
861 851 980 926 antro,

472 953 695 1058 Cuiflooom
712 957 852 1056 religas
869 983 1015 1030 comom.

276 1097 308 1144 ³0
320 1071 389 1144 Sed
409 1071 455 1145 de
471 1073 648 1171 prioribus
666 1072 809 1146 duobus
831 1072 893 1171 qui
916 1087 1000 1145 sunt
1017 1071 1255 1166 Asclepiadei,
1271 1085 1309 1146 et
1325 1073 1430 1172 Gly-

319 1187 436 1272 conio,
450 1189 512 1284 qui
531 1201 659 1286 quarto
676 1189 757 1262 loco
773 1201 839 1276 est,
857 1186 1149 1286 supradiximus.
1199 1186 1312 1262 Nunc
1327 1189 1433 1260 Phe-

318 1303 507 1376 recratium
544 1303 791 1404 inspiciamus,
825 1314 862 1374 et
896 1315 951 1374 cst
985 1301 1265 1402 heptasyllabus.
1329 1302 1432 1403 Epi-

320 1443 484 1516 gramma
501 1419 704 1520 conposuit.
757 1417 843 1492 Hoe
869 1429 1024 1490 metrum
1052 1417 1244 1489 conficitur
1269 1432 1332 1491 aut
1359 1445 1431 1518 per

320 1535 480 1634 singulos
506 1535 625 1636 pedes,
658 1533 694 1607 id
720 1547 775 1608 est
800 1531 960 1633 spondeo
986 1531 1041 1604 vel
1063 1531 1254 1630 disyllabo,
1269 1545 1307 1606 et
1332 1533 1431 1606 cho-

275 1679 304 1727 si
320 1651 459 1724 riambo
476 1664 512 1724 et
531 1652 658 1724 ultima
676 1650 825 1750 syllaba.
878 1647 980 1722 Huic
997 1648 1026 1722 si
1041 1647 1263 1746 Glyconium
1277 1675 1429 1748 praepo-

320 1767 442 1852 suetis,
460 1765 650 1864 Priapeum
670 1765 789 1852 facies,
807 1764 870 1852 sic,

322 1877 547 1980 Cuiflooom
564 1880 705 1980 religas
722 1905 871 1970 comam,
896 1878 1012 1954 Grato
1025 1876 1180 1977 ΡμπΙια
1196 1878 1262 1952 snb
1278 1889 1398 1954 notro.

320 1995 564 2068 'Pherecratio
592 2023 678 2070 usus
708 2011 762 2070 cst
787 1997 881 2068 libro
910 1995 1028 2095 primo
1056 2011 1193 2094 quater,
1220 1996 1326 2072 tertio
1356 1995 1429 2086 bis,

320 2125 449 2208 quarto
467 2111 533 2183 bis.

274 2271 306 2318 μ
370 2227 480 2302 Sexta
497 2228 565 2301 ode
582 2257 667 2304 cum
691 2229 808 2329 epodo
825 2229 1016 2304 conficitur
1028 2229 1273 2330 Asclepiadeis
1294 2228 1427 2318 tribus,

319 2357 447 2440 quarto
465 2345 658 2444 Glyconio,
675 2345 720 2418 de
736 2347 868 2442 quibus
878 2346 957 2443 jam
976 2345 1146 2430 diximus,
1164 2345 1244 2432 ‘sic,

423 2460 604 2534 Scriberis
624 2462 739 2536 Vario
742 2459 867 2562 fortis
884 2472 919 2534 et
937 2461 1092 2535 hostium

425 2575 553 2650 Victor
570 2577 725 2650 Moeonii
741 2579 914 2650 carminis
930 2577 1030 2662 alite,

424 2693 547 2770 Quom
563 2719 607 2766 rc
624 2691 898 2794 cumquescrnc
913 2693 1067 2768 navibus
1083 2701 1150 2766 aur
1169 2694 1279 2792 equis,

420 2807 536 2882 Miles
553 2819 589 2882 te
607 2810 696 2884 dnce
709 2809 876 2908 gesserit.

275 2950 306 2997 ss
321 2923 413 3005 Quae
450 2925 652 3025 conpositio
690 2929 877 3024 τετράκωλος
911 2925 1030 3020 στροφὴ
1062 2923 1205 3012 dicitur,
1244 2951 1288 2996 eo
1322 2925 1426 3021 quod

321 3053 449 3136 quarto
462 3067 564 3114 versu
583 3054 751 3130 vertatur,
761 3068 834 3138 quo
848 3039 1015 3140 periodus
1029 3040 1218 3114 clauditur.
1254 3041 1354 3114 Usus
1366 3054 1426 3113 est

321 3155 391 3228 hoc
409 3183 538 3254 genere
556 3158 747 3230 ucarminis
765 3157 898 3230 novies.

275 3312 307 3360 ³⁴
371 3271 534 3370 Septima
551 3272 619 3346 ode
637 3274 783 3372 adaeque
805 3299 889 3346 cum
908 3270 1025 3372 epodo
1044 3271 1194 3370 prolata,
1212 3271 1338 3343 heroos
1357 3269 1426 3342 ha-

321 3385 383 3456 bet
401 3410 531 3458 versus.
584 3387 682 3460 Nam
710 3389 919 3461 hexametro
940 3388 1043 3486 epico
1060 3400 1309 3460 tetrametrum
1327 3385 1426 3480 ejus-

321 3497 404 3570 dem
432 3501 571 3598 generis
594 3499 704 3574 habet
720 3505 967 3590 'subnexum
984 3501 1021 3576 id
1037 3516 1092 3576 est
1108 3501 1250 3576 duobus
1268 3499 1424 3600 pedibus

320 3614 556 3701 inminutum,
570 3616 667 3712 quod
686 3617 962 3694 Archilochium
980 3617 1123 3707 dicitur,
1141 3631 1192 3706 ut,

363 3843 374 3876 ⁸
389 3833 565 3892 Pherecratio
580 3835 659 3908 usus]
683 3835 884 3895 Pherecratem
899 3857 966 3896 usus
979 3849 1022 3896 est
1042 3839 1073 3896 P.
1247 3833 1326 3908 tsic]
1342 3846 1375 3892 ut
1390 3835 1423 3892 P.

321 3925 339 3956 ¹²
352 3913 482 3972 carminis
497 3913 606 3988 novies]
623 3913 796 4010 carminihus
809 3936 908 3976 novem
920 3919 950 3977 P.
1001 3929 1024 3960 W
1037 3915 1208 3991 subnexum]
1225 3913 1376 3973 subnixum
1389 3915 1423 3972 P.

364 4087 413 4143 30.
436 4070 614 4143 Epigramma
631 4069 794 4146 composuit]
818 4075 850 4126 ὰ-
891 4069 955 4141 ries,
981 4090 1014 4130 ac
1042 4071 1162 4130 fortasse
1190 4068 1255 4128 talis
1283 4068 1424 4146 scripture

321 4149 484 4225 spaciatim-n
498 4147 566 4206 mihi
581 4149 695 4226 quidem
718 4150 772 4206 hoo
793 4153 849 4224 epi·
892 4151 954 4218 fuit,
971 4161 997 4208 ot
1018 4159 1057 4209 est
1079 4153 1293 4226 teprasytzatus.
1316 4159 1343 4208 et
1364 4153 1424 4224 epi·

320 4248 448 4304 grommo
475 4227 591 4286 videtur.
647 4229 739 4307 Lego,
771 4234 852 4288 cnm
892 4250 953 4288 cum
967 4251 1071 4289 comma
1086 4235 1244 4307 composuit.
1270 4231 1422 4288 CAMER.

322 4305 408 4382 ᾆσμα,
425 4309 466 4368 vel
482 4313 556 4366 lunxit
572 4308 683 4382 ᾅσματα
694 4311 736 4368 vcl
753 4325 849 4370 metra.
892 4315 973 4388 Epici
994 4316 1122 4371 corrniru's
1136 4321 1269 4370 commate
1285 4320 1424 4386 postremo

323 4391 456 4448 COMM.
488 4390 557 4447 Non
572 4389 656 4448 dubie
671 4392 851 4450 mendosum.
893 4394 943 4450 troc
956 4413 1027 4452 mo.
1064 4397 1183 4452 Sontes.
1195 4393 1313 4451 Terent.
1327 4391 1423 4449 Maur.

322 4472 430 4528 Eadem
452 4482 546 4528 autem
569 4489 630 4548 quae
655 4472 701 4529 hic
724 4471 850 4530 scribun-
893 4494 920 4551 p.
933 4475 1003 4547 366.

324 4565 369 4610 tur
391 4564 421 4611 et
443 4551 518 4630 apud
539 4550 745 4610 Terentianum
770 4571 850 4629 repe-
