3124 5120
294 367 340 444 94
683 352 807 430 Marii
825 353 1010 429 Vrctorirri
1259 377 1335 428 nm.
1353 376 1396 428 u.

296 535 331 608 in
351 547 421 610 tres
444 563 509 636 per
526 536 697 637 dipcdian
725 551 763 612 et
788 540 831 614 fit
855 539 1050 628 trimetros,
1065 551 1129 612 aut
1155 537 1192 612 in
1219 538 1309 616 duos
1334 565 1399 638 per

267 661 378 726 saesm
402 651 486 742 duc,
502 652 633 749 quibus
659 655 778 728 omnis
804 679 926 728 versus
951 665 1104 744 constat,
1120 651 1312 728 dirimitur.
1362 653 1399 728 E

295 767 397 866 cujus
414 794 544 868 genere
561 767 618 842 hre
636 783 833 844 metrorum
846 769 984 868 species
1001 770 1212 868 gignuntur.
1262 769 1399 869 Diphi-
1511 803 1514 806 ·

294 884 383 958 lium
411 911 474 958 seu
498 883 731 974 Choeriiium,
750 884 1011 984 'logsoedicum
1034 909 1096 958 seu
1119 885 1397 972 Arcbebuiium,

293 999 478 1072 AEoiicnm
504 999 579 1072 sive
605 999 844 1102 sapphicum,
862 1013 899 1074 ct
916 1015 1033 1074 cetera
1058 999 1104 1074 de
1122 1025 1275 1098 quorum
1300 1011 1396 1074 statu

265 1141 335 1187 sac
361 1113 499 1188 ratione
521 1140 589 1188 suo
614 1114 695 1188 ioco
718 1115 892 1188 dicemus.
946 1113 1128 1213 Dactylici
1156 1113 1265 1212 igitur
1291 1113 1395 1186 metri

294 1228 330 1302 id
360 1229 583 1328 precipuum
611 1241 677 1314 est,
702 1228 799 1328 quod
829 1229 979 1304 heroum
1008 1228 1220 1329 appellatur.
1262 1228 1397 1302 Differt

292 1345 390 1420 enim
418 1372 438 1418 a
462 1345 643 1445 dactylico
662 1345 812 1420 heroum
836 1372 892 1432 co,
910 1345 1008 1444 quod
1032 1359 1069 1418 et
1085 1344 1304 1443 dactylicum
1329 1358 1397 1434 est,

293 1473 330 1534 et
355 1459 394 1534 in
421 1459 510 1534 duas
533 1459 682 1536 ceditur
705 1473 834 1560 partes,
858 1461 904 1534 de
933 1463 1065 1558 quibus
1091 1459 1396 1560 supradiximus,

266 1575 651 1675 ⁵⁸⁸pentbemimerem
678 1589 715 1650 et
744 1575 1108 1676 bephtbemimerem.
1158 1575 1394 1675 Dactyiicum

294 1691 406 1780 enirn,
421 1691 506 1766 licet
522 1689 649 1764 iisdem
668 1691 840 1766 subsistat
855 1690 1020 1790 pedibus,
1036 1718 1109 1766 non
1126 1705 1248 1764 tumen
1267 1689 1395 1762 iisdem

264 1804 542 1895 6divisionibus,
559 1818 600 1878 ut
613 1799 743 1880 bemus
756 1806 1051 1890 oediturvemus.
1080 1806 1182 1880 Inter
1194 1804 1393 1900 spondeum

294 1935 414 1996 autem
441 1933 479 1996 et
505 1919 705 2022 ‘dactylum
735 1949 903 1998 mensura
926 1937 1133 2023 temporum
1161 1935 1395 2020 congruente,

292 2037 403 2112 etism
432 2038 471 2112 in
501 2039 569 2112 arsi
591 2054 630 2114 et
657 2040 751 2115 thesi
774 2039 901 2115 eadem
924 2038 1111 2137 equalitas
1137 2037 1257 2127 stabit,
1282 2062 1394 2133 quam

294 2153 411 2228 Greci
429 2153 558 2228 dicunt
583 2154 645 2229 iro
659 2155 761 2252 λίψ,
776 2154 932 2252 'quibus
958 2181 1023 2255 per
1038 2152 1330 2250 conjunctionem
1358 2167 1396 2224 et

293 2269 520 2359 divisionem,
542 2283 583 2344 ut
608 2297 717 2370 supra
737 2270 941 2354 docuimus,
959 2283 1087 2344 mutua
1108 2269 1306 2368 procreatio
1328 2282 1395 2356 cst,

295 2384 496 2482 meritoque
521 2384 762 2460 indifferenter
781 2385 820 2458 in
838 2409 1066 2482 quacumque
1083 2410 1204 2458 versus
1223 2383 1319 2470 sede,
1337 2389 1396 2478 (ut

295 2527 369 2573 sors
393 2499 587 2576 scandendi
606 2501 846 2600 processerit)
868 2499 1107 2598 reperiuntur,
1122 2498 1314 2572 dumtaxat
1335 2525 1394 2573 us-

294 2644 365 2715 quc
390 2615 433 2690 ad
461 2615 590 2716 pedem
609 2631 798 2714 quartum:
825 2616 974 2712 quintus
999 2615 1097 2688 enim
1120 2613 1336 2712 frequenter,
1354 2628 1395 2686 ut

267 2753 280 2804 7
295 2733 445 2807 bereum
462 2719 579 2824 decet,
595 2731 759 2831 dactylus
775 2759 853 2806 esse
869 2731 989 2806 debet.
1019 2731 1159 2806 Eadem
1178 2730 1394 2828 cognatione

293 2849 401 2922 etiam
428 2863 642 2949 anapaestus,
658 2850 720 2947 qui
744 2877 764 2922 c
790 2848 937 2948 spondei
964 2847 1083 2948 prima
1101 2847 1137 2918 in
1156 2846 1245 2918 duas
1268 2847 1393 2920 breves

293 2964 405 3038 divisa
422 2963 584 3054 efficitur,
603 2965 712 3038 heroo
728 2977 850 3064 possm
874 2961 1047 3036 'adnecti
1074 2975 1199 3046 metro,
1218 2961 1297 3049 nisi,
1315 2962 1393 3032 ¹in-

293 3077 449 3176 cipiente
465 3078 611 3178 dactylo
631 3093 670 3154 et
690 3079 883 3177 subjuncto
907 3090 1100 3176 anapaeno,
1119 3075 1247 3150 medioe
1269 3078 1393 3150 breves

292 3217 445 3266 numero
477 3207 648 3290 quattuor
682 3193 833 3270 heroum
868 3217 1009 3266 versum
1040 3189 1303 3266 deformarent:
1329 3218 1392 3266 seu

292 3305 388 3402 quod
415 3307 584 3406 anapesti
612 3333 676 3405 per
696 3308 852 3408 syllabas
875 3307 1093 3407 gradiantur,
1110 3306 1184 3382 sive
1207 3307 1293 3404 quia
1319 3333 1395 3380 mc-

292 3435 427 3494 trorum
448 3421 519 3494 fere
535 3421 701 3496 omnium
721 3439 847 3498 natura
864 3424 945 3498 talis
956 3436 1024 3512 est,
1037 3435 1078 3496 ut
1094 3437 1245 3496 caveant
1257 3449 1303 3496 ne
1320 3422 1392 3496 sin-

291 3532 393 3630 gulas
420 3549 538 3632 partes
562 3535 733 3608 orationis
759 3538 981 3636 singulorum
1004 3535 1140 3635 pedum
1158 3537 1231 3609 fine
1248 3536 1393 3610 conciu-

291 3647 389 3739 dant,
415 3649 475 3722 sed
503 3649 624 3750 potius
650 3663 692 3722 nt
717 3655 824 3726 verba
851 3652 906 3726 vel
930 3652 1075 3726 nomina
1099 3676 1144 3724 ex
1171 3649 1310 3724 residua
1336 3653 1390 3724 sui

290 3776 392 3863 parte
417 3776 435 3827 7
440 3765 674 3862 sequentibus
699 3767 851 3868 pedibus
878 3767 1080 3852 adnectant,
1098 3791 1172 3862 quo
1189 3780 1296 3866 pacto
1311 3791 1392 3837 eve-

331 3934 345 3968 ·
359 3923 604 4004 Logoaoedicum]
619 3925 800 4006 iognsdicum
813 3928 844 3984 P.
922 3937 948 3970 ⁸⁸
962 3925 1214 4005 penthemimeren
1227 3937 1259 3982 et
1271 3925 1392 4002 beptbe·

291 4003 723 4160 Ptt'tit‘ittthtffltttt
743 4006 1392 4180 ..33...]prmm...]3

291 4165 335 4238 et]
352 4165 456 4242 quibua
470 4166 501 4224 P.
607 4177 631 4206 '⁵
643 4166 770 4241 annecti]
786 4166 897 4224 adnecti
911 4167 944 4224 P.
958 4179 988 4225 et
1001 4167 1083 4225 inira.
1196 4175 1213 4208 ¹
1228 4164 1389 4244 incipienti]

290 4245 446 4324 incipiente
460 4247 490 4304 P.
571 4257 588 4302 7
602 4245 808 4324 frequentibus]
823 4249 1007 4326 sequentibus
1020 4248 1051 4304 P.

334 4399 821 4476 8.frequentibus,etc.]Mendosns
860 4412 1028 4473 eremmon
1050 4423 1104 4478 qao
1125 4410 1210 4478 poeto
1233 4405 1322 4460 evenit
1343 4421 1391 4460 oo·

292 4477 379 4538 locus.
416 4479 507 4560 Lego,
520 4484 691 4556 sequentibus
707 4484 821 4558 pedibus
860 4503 921 4542 cum
945 4493 1039 4560 portes
1062 4488 1184 4558 artegm
1207 4503 1264 4542 erre
1284 4484 1337 4543 tito.
1362 4494 1392 4542 et
