3100 5142
149 400 233 453 cro.
248 395 303 454 ιι.
483 383 546 458 De
561 385 919 484 neotscomposttis.
1174 399 1246 478 297

414 631 759 736 Dedimetropuro
775 638 988 712 acatalecto.
1259 677 1274 726 3

196 796 305 870 Aliud
328 799 529 894 pcorricran
554 811 711 876 merrom
727 802 971 878 acatolcctuar
996 803 1039 876 ut
1057 827 1188 902 poeoue
1212 815 1249 874 et

151 911 412 1011 amphimacro,

448 1025 557 1106 leta
574 1027 661 1125 φίλῆ
670 1033 767 1126 φίλη.

443 1147 863 1236 nnmmgaageaa.

374 1350 440 1426 De
455 1354 621 1431 trimetro
637 1356 842 1432 acatalecto
862 1354 1026 1430 Cratino.
1263 1391 1279 1434 4

202 1483 426 1561 Trimctmm
442 1487 687 1564 acatalectrrm
699 1491 742 1562 fit
759 1490 879 1588 primo
892 1487 1153 1588 amphimacro,
1162 1483 1254 1560 duo·
1284 1467 1286 1473 '

155 1599 217 1672 bus
231 1599 433 1699 peponibus,

325 1715 508 1784 Candidum
522 1718 624 1786 aaa
637 1719 778 1806 milliscr
790 1720 971 1786 ⁰lton0rtm.

288 1922 355 1998 Dc
371 1925 536 2000 trimetro
552 1927 754 2004 acatalecto
770 1929 811 2004 io
827 1929 948 2004 medio
964 1927 1118 2002 hobarte
1266 1959 1281 2010 s

557 2043 855 2140 amphimacrum.

208 2171 434 2246 Thimetmm
451 2175 693 2250 acataleotam
709 2179 753 2250 fit
773 2179 882 2251 etiam
909 2177 946 2250 in
971 2175 1092 2250 medio
1118 2175 1255 2249 bobeno

155 2287 459 2389 amphimacrum,

372 2405 539 2471 candidae
552 2429 626 2473 crac
637 2429 721 2496 puer
733 2429 819 2474 nunc
832 2410 954 2495 roura.
978 2417 990 2436 ·

156 2513 325 2588 Graecum
343 2517 550 2615 exemplum
571 2545 642 2590 non
661 2518 793 2592 inveni.
843 2519 943 2618 Ergo
961 2513 1164 2617 poeonicum
1183 2537 1259 2584 me-

155 2645 251 2704 trum
272 2632 315 2702 fit
331 2630 448 2704 modis
460 2647 650 2730 quattuor:
677 2649 739 2708 aut
752 2635 836 2710 solis
850 2631 1047 2734 paeonibus,
1064 2642 1128 2704 aut
1140 2629 1258 2730 primo

155 2772 294 2846 paeone,
319 2747 515 2822 novissimo
540 2750 801 2850 amphimacro,
824 2761 887 2823 aut
912 2748 1031 2848 primo
1056 2745 1259 2846 amphima-

157 2887 229 2952 cro,
246 2861 451 2936 novissimis
477 2865 675 2964 paeonibus,
692 2879 754 2939 aut
772 2891 816 2940 ex
839 2879 991 2961 utraque
1008 2875 1109 2962 parte
1126 2859 1260 2960 paeoni-

157 2979 237 3067 bus,
263 2977 300 3049 in
331 2977 450 3052 medio
470 2979 728 3080 amphimacro.
781 2983 962 3063 Quattuor
986 2977 1122 3077 species
1150 2976 1260 3048 habet

158 3093 230 3166 hoc
248 3105 417 3167 metrum.

341 3293 444 3374 Cur.
466 3293 541 3374 XI.
589 3296 655 3376 Dc
674 3297 815 3378 oretria
834 3295 1074 3406 conpositis.

211 3442 440 3540 Hucusque
466 3442 515 3519 de
542 3444 767 3543 simplicibus
796 3445 940 3520 rmetru
970 3459 1007 3518 et
1037 3440 1262 3543 generalibus

162 3572 338 3632 eteorum
357 3560 545 3659 speciebus
562 3561 714 3660 propriis
735 3559 938 3656 docuimus,
955 3586 999 3634 ex
1017 3561 1150 3660 quibus
1165 3583 1266 3634 com·

162 3673 280 3773 posita
297 3675 495 3749 necessario
512 3688 757 3760 retractemus.
792 3675 890 3750 Nam
910 3675 1032 3752 omnia
1051 3703 1096 3752 ne
1115 3698 1266 3754 numero

163 3789 332 3888 squidem
359 3803 528 3890 poterunt
553 3789 821 3890 comprehendi.
874 3791 982 3866 Unde
1007 3791 1035 3864 si
1061 3790 1141 3890 quis
1168 3789 1267 3861 inve·

164 3905 257 3986 uerit
274 3905 418 4004 aliquod
434 3921 590 3980 metrum
606 3907 642 3980 in
662 3905 732 3983 hoc
749 3906 861 3980 rlibro
880 3934 951 3982 non
971 3907 1143 4007 positum,
1155 3927 1264 4008 quem

163 4020 209 4093 de
237 4020 374 4094 Graecis
404 4022 584 4096 nobilibus
612 4021 769 4108 metricis
796 4022 897 4098 lectis
929 4049 949 4094 a
981 4047 1039 4098 me
1071 4033 1107 4094 ct
1135 4043 1178 4094 ex
1212 4017 1267 4094 his

164 4135 337 4233 quicquid
365 4136 514 4235 singuiis
541 4135 648 4209 fuerit
664 4136 843 4234 optimum
871 4137 1042 4234 decerpto
1068 4132 1268 4233 composui,

206 4361 240 4396 ¹¹¹¹
253 4351 400 4426 Flumina]
417 4353 466 4410 Sic
479 4354 512 4412 1..
524 4351 642 4430 flammo
657 4351 814 4409 Piuschius.
956 4359 971 4392 ⁰
986 4349 1122 4416 honorem,
1138 4351 1166 4406 ia
1180 4349 1268 4406 medio

166 4433 307 4500 holmum
320 4435 466 4490 taratrum
479 4435 658 4490 acatalecticus
672 4433 883 4508 amphimacrum
888 4431 928 4506 stt
942 4433 1023 4487 etiam
1033 4433 1061 4487 in
1071 4431 1222 4488 medioetc.
1234 4429 1267 4486 L.

166 4523 182 4568 Ρ
198 4513 310 4587 metris]
325 4514 439 4587 pedibas
453 4513 486 4569 L.
609 4523 624 4566 u
639 4516 746 4586 quidem
760 4532 817 4568 om.
834 4511 867 4569 L.
951 4520 963 4551 ¹
977 4509 1062 4583 libro]
1077 4515 1164 4568 metro
1178 4509 1211 4565 L.

667 4629 737 4700 “q
