3124 5120
314 419 384 481 130
694 403 814 479 Marii
837 403 1023 478 Victorini
1273 425 1347 476 mn.
1367 425 1409 474 11.

310 591 481 666 Subsistit
498 617 542 664 ex
562 589 756 690 pariambis
770 588 957 662 tadmintis
975 587 1152 678 trochaeis,
1165 588 1258 661 sicut
1270 586 1408 661 dictum

310 723 376 796 est,
394 709 530 780 alterna
547 707 636 796 vice,
655 733 737 780 euin
758 705 873 802 longis
892 706 1015 778 breves
1033 720 1095 778 ant
1108 705 1275 780 brevibus
1293 705 1410 803 longae

269 850 297 900 ¹9
311 823 561 918 subjiciuntur.
614 822 825 895 Memineris
860 837 982 894 tamen
1017 836 1054 894 et
1087 821 1294 919 tribrachyn
1331 821 1411 892 loco

310 939 456 1012 trochaei
476 940 545 1012 hoc
564 953 732 1023 metrum,
743 939 771 1009 si
791 937 982 1011 necessitas
995 938 1197 1038 postularit,
1208 937 1411 1025 admittere,

312 1081 426 1152 neque
444 1053 681 1128 adcrescentis
700 1054 846 1152 syllabas
865 1077 1163 1144 numerum,cum
1183 1055 1219 1126 in
1239 1053 1410 1151 tempori·

311 1171 376 1242 bns
394 1173 513 1244 omnis
531 1171 621 1244 ratio
639 1169 872 1255 custodiatur,
890 1169 1043 1254 officere,
1061 1182 1102 1241 ut
1119 1167 1190 1240 hoc
1207 1165 1410 1264 galliambi-

309 1313 407 1374 cum,
424 1287 521 1384 quod
548 1288 727 1360 solutione
752 1286 994 1386 complurium
1020 1283 1240 1382 syllabarum
1260 1307 1410 1381 compo-

310 1403 418 1477 situm
438 1418 503 1490 ast,
521 1417 561 1477 ut
577 1403 678 1478 volnt
695 1402 847 1504 agiliter
863 1415 957 1476 sunt.
976 1403 1019 1450 V*
1034 1408 1057 1452 *
1074 1403 1095 1448 ¹*
1112 1402 1135 1447 *
1153 1407 1175 1451 *
1192 1406 1214 1451 *

530 1623 635 1702 Cae.
653 1623 704 1703 X.
755 1625 820 1704 Dc
840 1623 1029 1704 Paeonico
1047 1634 1186 1703 metro.

352 1756 555 1828 Poeonicum
576 1771 743 1844 metrum,
761 1756 835 1828 sive
848 1755 1036 1844 creticum,
1056 1769 1097 1826 ut
1113 1751 1259 1852 quidam
1279 1751 1409 1839 ferunt,

311 1871 515 1944 adserentes
529 1897 675 1972 paeonas
689 1871 865 1970 originem
880 1897 924 1944 ex
937 1873 1071 1945 cretico
1084 1897 1146 1944 seu
1160 1869 1409 1968 amphimacro

309 1986 469 2074 traxisse,
482 1987 598 2086 longis
616 1986 693 2082 ejus
711 1987 828 2086 prima
843 2000 880 2059 et
898 2011 1066 2086 suprema
1083 1987 1120 2058 in
1135 1987 1258 2058 breves
1272 1985 1410 2073 solutis,

309 2101 440 2198 quibus
455 2129 558 2201 paeon
573 2102 711 2200 primus
725 2115 762 2175 et
775 2115 923 2199 quartus
937 2104 1048 2177 creari
1063 2100 1409 2198 noscuntur,'quod

309 2217 417 2288 etiam
442 2241 487 2289 ex
507 2217 657 2290 bacchio
675 2231 712 2290 et
729 2218 997 2316 palimbacchio
1015 2217 1162 2315 adaeque
1181 2219 1233 2304 fit,
1252 2215 1347 2290 unde
1372 2228 1410 2288 et

310 2332 544 2405 bacchiacum
564 2332 814 2430 aquibusdam
834 2333 904 2407 hoc
922 2347 1080 2407 metrum
1098 2333 1242 2421 dicitur,
1258 2330 1409 2430 quidam

310 2447 439 2520 ultimo
482 2448 561 2521 loco
603 2463 801 2546 posuerunt
843 2449 1164 2548 proceleusmatico
1211 2447 1408 2546 repudiato.

282 2563 416 2646 aQuod
453 2577 576 2636 tamen
606 2563 719 2662 magis
747 2565 933 2664 rhythmo,
966 2565 1001 2637 id
1028 2579 1083 2638 est
1111 2591 1262 2638 numero
1296 2590 1407 2662 quam

310 2693 435 2767 metro,
452 2705 650 2778 congruere
668 2679 819 2753 varietas
840 2681 918 2780 ipsa
943 2681 1214 2781 compositionis
1240 2677 1407 2752 ostendit.

308 2793 405 2868 Nam
426 2795 551 2893 recipit
569 2821 830 2894 nonnunquam
850 2795 886 2868 in
905 2797 1028 2870 breves
1046 2799 1182 2870 solutos
1204 2795 1408 2895 amphima-

308 2933 398 2996 cros,
431 2933 585 3004 quorum
620 2909 728 2982 etiam
769 2909 940 3000 clausula,
973 2939 1045 3009 qua
1076 2915 1117 2984 fit
1151 2937 1296 2984 carmen
1331 2912 1407 3008 ejus

308 3025 592 3115 ¹catalecticum,
609 3025 831 3112 terminatur,
849 3027 939 3100 adeo
961 3027 1047 3101 huic
1070 3027 1256 3101 familiaris
1283 3041 1349 3116 ast,
1367 3043 1408 3098 ut

309 3139 471 3237 plerique
510 3146 577 3214 hoc
607 3155 764 3215 metrum
790 3141 1008 3241 rhythmum
1037 3141 1208 3216 creticum
1239 3141 1407 3230 dixerint,

309 3254 505 3350 quodcum
525 3255 701 3351 ejusmodi
721 3258 918 3344 sit,tamen
942 3283 1026 3330 usus
1053 3257 1129 3353 ejus
1155 3256 1252 3356 apud
1275 3257 1406 3354 lyricos

310 3367 371 3441 sed
388 3381 405 3430 7
410 3384 446 3441 et
463 3371 616 3468 tragicos
633 3385 671 3443 et
687 3373 845 3446 comicos
863 3373 1030 3471 frequens
1044 3385 1109 3462 est,
1119 3385 1156 3446 et
1168 3371 1349 3472 praecipue
1362 3371 1406 3445 de

281 3486 528 3560 s¹bacchiacis
545 3499 582 3559 et
599 3488 738 3561 creticis
751 3489 1002 3563 solutionibus.
1032 3488 1278 3562 Bacchiacum
1297 3489 1408 3588 igitur

308 3601 574 3702 dirhythmum,
609 3605 683 3677 sive
717 3605 914 3679 dimetrum
949 3606 1200 3693 acatalectum,
1234 3603 1332 3700 quod
1367 3605 1405 3677 in

349 3805 361 3848 ῑ
374 3805 519 3879 admixtis]
535 3804 643 3863 adnixis
655 3805 685 3862 P.
748 3817 763 3848 v
778 3807 794 3844 *
809 3807 959 3865 *stellulae
974 3807 1077 3866 desunt
1091 3808 1121 3864 Ρ.
1177 3817 1200 3848 V
1212 3807 1303 3884 quod]
1317 3808 1366 3885 qui
1374 3809 1407 3866 P.

309 3895 324 3928 ¹
338 3887 520 3960 catalectum]
537 3885 731 3944 catalecticum
748 3887 778 3944 P.
938 3897 996 3946 tet
1010 3886 1146 3967 tragicos]
1162 3900 1224 3967 etg
1238 3887 1360 3967 tragicos
1374 3889 1405 3946 Ρ.

308 3967 489 4041 *δαοῐιίιείε]
506 3965 634 4026 baccheia
648 3967 678 4024 P.

309 4143 376 4200 Hoc
404 4142 564 4219 repetitum,
589 4141 700 4218 abjecta
735 4141 836 4200 ultima
876 4157 905 4202 et
919 4143 1081 4222 exemplum
1105 4143 1269 4221 ponendum
1286 4141 1407 4214 videtin,

308 4223 415 4300 syllaba
428 4223 511 4282 faties
525 4223 597 4282 tale:
875 4224 962 4300 quod,
979 4225 1115 4283 mendose
1136 4237 1233 4284 tamen
1255 4237 1285 4283 et
1301 4223 1349 4292 ibi,
1364 4224 1406 4282 le·

309 4303 835 4380 Stttmmlsslmvsvlmmhlv·
875 4305 952 4384 gitur
964 4305 1038 4363 infra
1053 4309 1091 4382 [c.
1108 4305 1147 4373 X,
1164 4306 1206 4380 8.]
1228 4305 1381 4363 CAMER.

309 4373 401 4444 Atque
414 4369 454 4426 ita
468 4369 541 4428 forte
554 4381 598 4428 est
608 4387 703 4428 versus
716 4388 745 4428 tn
757 4381 835 4426 textu
920 4403 934 4442 2
952 4387 1017 4448 Qu,
1038 4388 1071 4444 fit
1086 4388 1216 4462 carmen]
1235 4387 1327 4464 Lego,
1351 4405 1406 4460 qua

308 4447 484 4508 ⁸⁰flb0¹¹d¹¹⁸·
507 4449 658 4508 CAMER·
877 4485 939 4523 cam
951 4467 992 4542 fit
1007 4485 1116 4525 corana
1129 4465 1189 4539 ejus
1207 4469 1405 4525 catalecticum

353 4563 389 4621 19
401 4547 479 4604 oolot
499 4548 585 4622 agila]
605 4545 727 4606 Mutilus
746 4547 836 4616 locus,
877 4547 1027 4606 cudha.
