<?xml version="1.0" encoding="UTF-8"?>
<!DOCTYPE html PUBLIC "-//W3C//DTD XHTML 1.0 Transitional//EN"
    "http://www.w3.org/TR/xhtml1/DTD/xhtml1-transitional.dtd">
<html xmlns="http://www.w3.org/1999/xhtml" xml:lang="en" lang="en">
 <head>
  <title>
</title>
<meta http-equiv="Content-Type" content="text/html;charset=utf-8" />
  <meta name='ocr-system' content='tesseract 3.04.00' />
  <meta name='ocr-capabilities' content='ocr_page ocr_carea ocr_par ocr_line ocrx_word'/>
</head>
<body>
  <div class='ocr_page' id='page_1' title='image "./scriptoreslatin00gaisgoog_0182.png"; bbox 0 0 3124 5120; ppageno 0'>
   <div class='ocr_carea' id='block_1_1' title="bbox 303 405 1404 484">
    <p class='ocr_par' dir='ltr' id='par_1_1' title="bbox 303 405 1404 484">
     <span class='ocr_line' id='line_1_1' title="bbox 303 405 1404 484; baseline 0 -4"><span class='ocrx_word' id='word_1_1' title='bbox 303 407 373 484; x_wconf 79' lang='lat'><strong>162</strong></span> <span class='ocrx_word' id='word_1_2' title='bbox 687 407 807 480; x_wconf 84' lang='lat' dir='ltr'><strong>Mor-ii</strong></span> <span class='ocrx_word' id='word_1_3' title='bbox 826 405 1007 480; x_wconf 76' lang='lat' dir='ltr'><strong>Wctorins&#39;</strong></span> <span class='ocrx_word' id='word_1_4' title='bbox 1249 431 1323 480; x_wconf 81' lang='lat' dir='ltr'><strong>niu.</strong></span> <span class='ocrx_word' id='word_1_5' title='bbox 1342 431 1404 480; x_wconf 89' lang='lat'><strong>111.</strong></span> 
     </span>
    </p>
   </div>
   <div class='ocr_carea' id='block_1_2' title="bbox 258 589 1405 1468">
    <p class='ocr_par' dir='ltr' id='par_1_2' title="bbox 258 589 1405 1468">
     <span class='ocr_line' id='line_1_2' title="bbox 302 589 1405 690; baseline -0.002 -26"><span class='ocrx_word' id='word_1_6' title='bbox 302 589 421 664; x_wconf 85' lang='lat' dir='ltr'>hendo</span> <span class='ocrx_word' id='word_1_7' title='bbox 459 589 588 664; x_wconf 91' lang='lat' dir='ltr'><strong>minori</strong></span> <span class='ocrx_word' id='word_1_8' title='bbox 628 605 842 664; x_wconf 89' lang='lat' dir='ltr'><strong>consecutus</strong></span> <span class='ocrx_word' id='word_1_9' title='bbox 875 605 941 680; x_wconf 78' lang='lat' dir='ltr'><strong>en,</strong></span> <span class='ocrx_word' id='word_1_10' title='bbox 975 603 1018 664; x_wconf 89' lang='lat' dir='ltr'><strong>ut</strong></span> <span class='ocrx_word' id='word_1_11' title='bbox 1051 603 1203 688; x_wconf 88' lang='lat' dir='ltr'><strong>uterque</strong></span> <span class='ocrx_word' id='word_1_12' title='bbox 1241 589 1405 690; x_wconf 88' lang='lat' dir='ltr'><strong>phallieo</strong></span> 
     </span>
     <span class='ocr_line' id='line_1_3' title="bbox 258 703 1367 804; baseline -0.006 -20"><span class='ocrx_word' id='word_1_13' title='bbox 258 733 288 784; x_wconf 76' lang='lat'><strong>¹⁷</strong></span> <span class='ocrx_word' id='word_1_14' title='bbox 301 719 417 780; x_wconf 84' lang='lat' dir='ltr'><strong>metro</strong></span> <span class='ocrx_word' id='word_1_15' title='bbox 433 704 718 780; x_wconf 82' lang='lat' dir='ltr'><strong>concluderetur.</strong></span> <span class='ocrx_word' id='word_1_16' title='bbox 769 703 868 779; x_wconf 92' lang='lat' dir='ltr'><strong>Nam</strong></span> <span class='ocrx_word' id='word_1_17' title='bbox 887 705 1048 804; x_wconf 87' lang='lat' dir='ltr'><strong>superior</strong></span> <span class='ocrx_word' id='word_1_18' title='bbox 1064 705 1285 795; x_wconf 77' lang='lat' dir='ltr'><strong>hexameter,</strong></span> <span class='ocrx_word' id='word_1_19' title='bbox 1302 705 1367 793; x_wconf 85' lang='lat' dir='ltr'><strong>sie,</strong></span> 
     </span>
     <span class='ocr_line' id='line_1_4' title="bbox 604 819 934 894; baseline -0.003 -2"><span class='ocrx_word' id='word_1_20' title='bbox 604 819 715 893; x_wconf 84' lang='lat' dir='ltr'><strong>Veris</strong></span> <span class='ocrx_word' id='word_1_21' title='bbox 731 829 766 893; x_wconf 83' lang='lat' dir='ltr'><strong>el</strong></span> <span class='ocrx_word' id='word_1_22' title='bbox 784 821 934 894; x_wconf 81' lang='lat' dir='ltr'><strong>Favoni.</strong></span> 
     </span>
     <span class='ocr_line' id='line_1_5' title="bbox 302 933 720 1034; baseline -0.007 -27"><span class='ocrx_word' id='word_1_23' title='bbox 302 961 453 1034; x_wconf 88' lang='lat' dir='ltr'><strong>sequens</strong></span> <span class='ocrx_word' id='word_1_24' title='bbox 470 933 641 1017; x_wconf 85' lang='lat' dir='ltr'><strong>trimeter,</strong></span> <span class='ocrx_word' id='word_1_25' title='bbox 659 934 720 1020; x_wconf 87' lang='lat' dir='ltr'><strong>ita,</strong></span> 
     </span>
     <span class='ocr_line' id='line_1_6' title="bbox 599 1048 960 1124; baseline -0.006 0"><span class='ocrx_word' id='word_1_26' title='bbox 599 1048 788 1124; x_wconf 81' lang='lat' dir='ltr'><strong>Machinae</strong></span> <span class='ocrx_word' id='word_1_27' title='bbox 805 1050 960 1122; x_wconf 81' lang='lat' dir='ltr'><strong>carinus.</strong></span> 
     </span>
     <span class='ocr_line' id='line_1_7' title="bbox 299 1162 1402 1262; baseline 0 -26"><span class='ocrx_word' id='word_1_28' title='bbox 299 1162 414 1247; x_wconf 62' lang='lat' dir='ltr'><strong>*Quae</strong></span> <span class='ocrx_word' id='word_1_29' title='bbox 440 1175 590 1262; x_wconf 85' lang='lat' dir='ltr'><strong>utraque</strong></span> <span class='ocrx_word' id='word_1_30' title='bbox 619 1163 733 1237; x_wconf 87' lang='lat' dir='ltr'><strong>tribus</strong></span> <span class='ocrx_word' id='word_1_31' title='bbox 758 1164 924 1236; x_wconf 78' lang='lat' dir='ltr'><strong>trochaeis</strong></span> <span class='ocrx_word' id='word_1_32' title='bbox 951 1162 1112 1252; x_wconf 82' lang='lat' dir='ltr'><strong>adnexis,</strong></span> <span class='ocrx_word' id='word_1_33' title='bbox 1138 1163 1174 1236; x_wconf 94' lang='lat' dir='ltr'><strong>id</strong></span> <span class='ocrx_word' id='word_1_34' title='bbox 1203 1178 1257 1238; x_wconf 85' lang='lat' dir='ltr'><strong>est</strong></span> <span class='ocrx_word' id='word_1_35' title='bbox 1286 1179 1402 1237; x_wconf 87' lang='lat' dir='ltr'><strong>metro</strong></span> 
     </span>
     <span class='ocr_line' id='line_1_8' title="bbox 299 1277 1401 1378; baseline 0.002 -26"><span class='ocrx_word' id='word_1_36' title='bbox 299 1279 458 1378; x_wconf 86' lang='lat' dir='ltr'><strong>phallico</strong></span> <span class='ocrx_word' id='word_1_37' title='bbox 478 1279 706 1368; x_wconf 78' lang='lat' dir='ltr'><strong>terminante,</strong></span> <span class='ocrx_word' id='word_1_38' title='bbox 724 1278 920 1352; x_wconf 88' lang='lat' dir='ltr'><strong>admodum</strong></span> <span class='ocrx_word' id='word_1_39' title='bbox 946 1279 1040 1352; x_wconf 91' lang='lat' dir='ltr'><strong>intra</strong></span> <span class='ocrx_word' id='word_1_40' title='bbox 1060 1303 1098 1352; x_wconf 88' lang='lat' dir='ltr'><strong>se</strong></span> <span class='ocrx_word' id='word_1_41' title='bbox 1120 1277 1290 1354; x_wconf 85' lang='lat' dir='ltr'><strong>decenter</strong></span> <span class='ocrx_word' id='word_1_42' title='bbox 1313 1307 1401 1354; x_wconf 90' lang='lat' dir='ltr'><strong>con·</strong></span> 
     </span>
     <span class='ocr_line' id='line_1_9' title="bbox 299 1408 440 1468; baseline -0.007 0"><span class='ocrx_word' id='word_1_43' title='bbox 299 1408 440 1468; x_wconf 83' lang='lat' dir='ltr'><strong>sonant.</strong></span> 
     </span>
    </p>
   </div>
   <div class='ocr_carea' id='block_1_3' title="bbox 504 1593 1190 1678">
    <p class='ocr_par' dir='ltr' id='par_1_3' title="bbox 504 1593 1190 1678">
     <span class='ocr_line' id='line_1_10' title="bbox 504 1593 1190 1678; baseline 0 -3"><span class='ocrx_word' id='word_1_44' title='bbox 504 1593 606 1676; x_wconf 79' lang='lat' dir='ltr'><strong>Cae.</strong></span> <span class='ocrx_word' id='word_1_45' title='bbox 629 1593 703 1674; x_wconf 92' lang='lat' dir='ltr'><strong>IX.</strong></span> <span class='ocrx_word' id='word_1_46' title='bbox 745 1595 811 1674; x_wconf 89' lang='lat' dir='ltr'><strong>De</strong></span> <span class='ocrx_word' id='word_1_47' title='bbox 830 1594 1034 1676; x_wconf 75' lang='lat' dir='ltr'><strong>Pbulaecio</strong></span> <span class='ocrx_word' id='word_1_48' title='bbox 1051 1610 1190 1678; x_wconf 80' lang='lat' dir='ltr'><strong>naetro.</strong></span> 
     </span>
    </p>
   </div>
   <div class='ocr_carea' id='block_1_4' title="bbox 266 1739 1399 4252">
    <p class='ocr_par' dir='ltr' id='par_1_4' title="bbox 298 1739 1399 2187">
     <span class='ocr_line' id='line_1_11' title="bbox 350 1739 1399 1842; baseline 0.005 -27"><span class='ocrx_word' id='word_1_49' title='bbox 350 1741 568 1816; x_wconf 86' lang='lat' dir='ltr'><strong>Phalaecium</strong></span> <span class='ocrx_word' id='word_1_50' title='bbox 588 1755 721 1826; x_wconf 90' lang='lat' dir='ltr'><strong>autem,</strong></span> <span class='ocrx_word' id='word_1_51' title='bbox 738 1739 851 1838; x_wconf 92' lang='lat' dir='ltr'><strong>¹quod</strong></span> <span class='ocrx_word' id='word_1_52' title='bbox 868 1755 905 1814; x_wconf 90' lang='lat' dir='ltr'><strong>et</strong></span> <span class='ocrx_word' id='word_1_53' title='bbox 922 1742 1217 1842; x_wconf 87' lang='lat' dir='ltr'><strong>ithyphallicum,</strong></span> <span class='ocrx_word' id='word_1_54' title='bbox 1237 1747 1266 1818; x_wconf 85' lang='lat' dir='ltr'><strong>si</strong></span> <span class='ocrx_word' id='word_1_55' title='bbox 1284 1746 1399 1820; x_wconf 86' lang='lat' dir='ltr'><strong>tribus</strong></span> 
     </span>
     <span class='ocr_line' id='line_1_12' title="bbox 298 1857 1398 1959; baseline 0.005 -29"><span class='ocrx_word' id='word_1_56' title='bbox 298 1858 463 1930; x_wconf 87' lang='lat' dir='ltr'><strong>trochaeis</strong></span> <span class='ocrx_word' id='word_1_57' title='bbox 482 1857 678 1943; x_wconf 87' lang='lat' dir='ltr'><strong>claudatur,</strong></span> <span class='ocrx_word' id='word_1_58' title='bbox 696 1857 915 1957; x_wconf 89' lang='lat' dir='ltr'><strong>appellatum</strong></span> <span class='ocrx_word' id='word_1_59' title='bbox 938 1858 1041 1932; x_wconf 88' lang='lat' dir='ltr'><strong>aiunt</strong></span> <span class='ocrx_word' id='word_1_60' title='bbox 1065 1887 1085 1932; x_wconf 92' lang='lat' dir='ltr'><strong>a</strong></span> <span class='ocrx_word' id='word_1_61' title='bbox 1113 1859 1288 1951; x_wconf 76' lang='lat' dir='ltr'><strong>Phalaeco,</strong></span> <span class='ocrx_word' id='word_1_62' title='bbox 1304 1862 1398 1959; x_wconf 61' lang='lat' dir='ltr'><strong>”qui</strong></span> 
     </span>
     <span class='ocr_line' id='line_1_13' title="bbox 298 1973 1399 2074; baseline 0.006 -30"><span class='ocrx_word' id='word_1_63' title='bbox 298 1973 362 2045; x_wconf 94' lang='lat' dir='ltr'><strong>illo</strong></span> <span class='ocrx_word' id='word_1_64' title='bbox 386 1973 592 2071; x_wconf 84' lang='lat' dir='ltr'><strong>frequenter</strong></span> <span class='ocrx_word' id='word_1_65' title='bbox 617 1999 702 2046; x_wconf 87' lang='lat' dir='ltr'><strong>usus</strong></span> <span class='ocrx_word' id='word_1_66' title='bbox 726 1985 791 2060; x_wconf 89' lang='lat' dir='ltr'><strong>est,</strong></span> <span class='ocrx_word' id='word_1_67' title='bbox 815 1985 856 2045; x_wconf 87' lang='lat' dir='ltr'><strong>ut</strong></span> <span class='ocrx_word' id='word_1_68' title='bbox 878 1974 1041 2074; x_wconf 88' lang='lat' dir='ltr'><strong>Sappho,</strong></span> <span class='ocrx_word' id='word_1_69' title='bbox 1060 1975 1158 2072; x_wconf 92' lang='lat' dir='ltr'><strong>quod</strong></span> <span class='ocrx_word' id='word_1_70' title='bbox 1185 1989 1327 2051; x_wconf 85' lang='lat' dir='ltr'><strong>constat</strong></span> <span class='ocrx_word' id='word_1_71' title='bbox 1351 2005 1399 2051; x_wconf 86' lang='lat' dir='ltr'><strong>ex</strong></span> 
     </span>
     <span class='ocr_line' id='line_1_14' title="bbox 298 2088 824 2187; baseline -0.004 -25"><span class='ocrx_word' id='word_1_72' title='bbox 298 2088 480 2187; x_wconf 90' lang='lat' dir='ltr'><strong>Glyconio</strong></span> <span class='ocrx_word' id='word_1_73' title='bbox 498 2089 754 2186; x_wconf 63' lang='lat' dir='ltr'><strong>”octosyllabm</strong></span> <span class='ocrx_word' id='word_1_74' title='bbox 770 2103 824 2177; x_wconf 90' lang='lat' dir='ltr'><strong>ut,</strong></span> 
     </span>
    </p>

    <p class='ocr_par' dir='ltr' id='par_1_5' title="bbox 266 2202 1398 4252">
     <span class='ocr_line' id='line_1_15' title="bbox 499 2202 1002 2304; baseline 0 -26"><span class='ocrx_word' id='word_1_75' title='bbox 499 2203 562 2278; x_wconf 82' lang='lat' dir='ltr'><strong>Sic</strong></span> <span class='ocrx_word' id='word_1_76' title='bbox 578 2219 614 2277; x_wconf 88' lang='lat' dir='ltr'><strong>te</strong></span> <span class='ocrx_word' id='word_1_77' title='bbox 631 2204 715 2277; x_wconf 85' lang='lat' dir='ltr'><strong>divo</strong></span> <span class='ocrx_word' id='word_1_78' title='bbox 728 2213 857 2300; x_wconf 72' lang='lat' dir='ltr'><strong>potem</strong></span> <span class='ocrx_word' id='word_1_79' title='bbox 877 2202 1002 2304; x_wconf 81' lang='lat' dir='ltr'><strong>Cypri.</strong></span> 
     </span>
     <span class='ocr_line' id='line_1_16' title="bbox 271 2317 1398 2418; baseline 0.004 -26"><span class='ocrx_word' id='word_1_80' title='bbox 271 2319 446 2418; x_wconf 78' lang='lat' dir='ltr'><strong>2Reeipit</strong></span> <span class='ocrx_word' id='word_1_81' title='bbox 479 2331 599 2392; x_wconf 89' lang='lat' dir='ltr'><strong>autem</strong></span> <span class='ocrx_word' id='word_1_82' title='bbox 634 2317 849 2418; x_wconf 88' lang='lat' dir='ltr'><strong>spondeum,</strong></span> <span class='ocrx_word' id='word_1_83' title='bbox 877 2321 1142 2412; x_wconf 88' lang='lat' dir='ltr'><strong>choriambum,</strong></span> <span class='ocrx_word' id='word_1_84' title='bbox 1169 2323 1333 2396; x_wconf 86' lang='lat' dir='ltr'><strong>iambum</strong></span> <span class='ocrx_word' id='word_1_85' title='bbox 1361 2340 1398 2397; x_wconf 85' lang='lat' dir='ltr'><strong>et</strong></span> 
     </span>
     <span class='ocr_line' id='line_1_17' title="bbox 298 2435 554 2534; baseline 0 -26"><span class='ocrx_word' id='word_1_86' title='bbox 298 2435 486 2534; x_wconf 82' lang='lat' dir='ltr'><strong>syllabam,</strong></span> <span class='ocrx_word' id='word_1_87' title='bbox 502 2447 554 2526; x_wconf 91' lang='lat' dir='ltr'><strong>ut,</strong></span> 
     </span>
     <span class='ocr_line' id='line_1_18' title="bbox 447 2549 1172 2648; baseline 0.004 -25"><span class='ocrx_word' id='word_1_88' title='bbox 447 2549 575 2624; x_wconf 72' lang='lat' dir='ltr'><strong>Succos</strong></span> <span class='ocrx_word' id='word_1_89' title='bbox 592 2561 679 2624; x_wconf 84' lang='lat' dir='ltr'><strong>tunc</strong></span> <span class='ocrx_word' id='word_1_90' title='bbox 692 2560 865 2648; x_wconf 79' lang='lat' dir='ltr'><strong>retegunt</strong></span> <span class='ocrx_word' id='word_1_91' title='bbox 882 2575 991 2624; x_wconf 82' lang='lat' dir='ltr'><strong>comae</strong></span> <span class='ocrx_word' id='word_1_92' title='bbox 1008 2551 1172 2626; x_wconf 79' lang='lat' dir='ltr'><strong>latentes.</strong></span> 
     </span>
     <span class='ocr_line' id='line_1_19' title="bbox 296 2665 1397 2768; baseline 0.003 -29"><span class='ocrx_word' id='word_1_93' title='bbox 296 2665 399 2739; x_wconf 80' lang='lat' dir='ltr'><strong>[dem</strong></span> <span class='ocrx_word' id='word_1_94' title='bbox 428 2667 491 2739; x_wconf 88' lang='lat' dir='ltr'><strong>liet</strong></span> <span class='ocrx_word' id='word_1_95' title='bbox 516 2665 796 2764; x_wconf 88' lang='lat' dir='ltr'><strong>ithyphallicum</strong></span> <span class='ocrx_word' id='word_1_96' title='bbox 825 2666 892 2738; x_wconf 88' lang='lat' dir='ltr'><strong>sub</strong></span> <span class='ocrx_word' id='word_1_97' title='bbox 910 2693 952 2738; x_wconf 89' lang='lat' dir='ltr'><strong>ea</strong></span> <span class='ocrx_word' id='word_1_98' title='bbox 976 2667 1150 2741; x_wconf 90' lang='lat' dir='ltr'><strong>divisione</strong></span> <span class='ocrx_word' id='word_1_99' title='bbox 1176 2668 1214 2742; x_wconf 92' lang='lat' dir='ltr'><strong>in</strong></span> <span class='ocrx_word' id='word_1_100' title='bbox 1236 2695 1307 2766; x_wconf 89' lang='lat' dir='ltr'><strong>qua</strong></span> <span class='ocrx_word' id='word_1_101' title='bbox 1323 2670 1397 2768; x_wconf 91' lang='lat' dir='ltr'><strong>pri·</strong></span> 
     </span>
     <span class='ocr_line' id='line_1_20' title="bbox 297 2779 1394 2882; baseline 0.001 -27"><span class='ocrx_word' id='word_1_102' title='bbox 297 2807 378 2855; x_wconf 92' lang='lat' dir='ltr'><strong>mus</strong></span> <span class='ocrx_word' id='word_1_103' title='bbox 396 2807 460 2880; x_wconf 90' lang='lat' dir='ltr'><strong>pes</strong></span> <span class='ocrx_word' id='word_1_104' title='bbox 478 2794 518 2854; x_wconf 87' lang='lat' dir='ltr'><strong>ut</strong></span> <span class='ocrx_word' id='word_1_105' title='bbox 535 2780 571 2852; x_wconf 91' lang='lat' dir='ltr'><strong>in</strong></span> <span class='ocrx_word' id='word_1_106' title='bbox 591 2779 758 2877; x_wconf 84' lang='lat' dir='ltr'><strong>glyconio</strong></span> <span class='ocrx_word' id='word_1_107' title='bbox 775 2781 843 2853; x_wconf 86' lang='lat' dir='ltr'><strong>erit</strong></span> <span class='ocrx_word' id='word_1_108' title='bbox 860 2807 953 2854; x_wconf 86' lang='lat' dir='ltr'><strong>unus</strong></span> <span class='ocrx_word' id='word_1_109' title='bbox 965 2808 986 2854; x_wconf 90' lang='lat' dir='ltr'><strong>e</strong></span> <span class='ocrx_word' id='word_1_110' title='bbox 999 2796 1169 2880; x_wconf 90' lang='lat' dir='ltr'><strong>quattuor</strong></span> <span class='ocrx_word' id='word_1_111' title='bbox 1185 2783 1394 2882; x_wconf 88' lang='lat' dir='ltr'><strong>disyllabis:</strong></span> 
     </span>
     <span class='ocr_line' id='line_1_21' title="bbox 295 2895 1357 2996; baseline 0 -26"><span class='ocrx_word' id='word_1_112' title='bbox 295 2895 429 2970; x_wconf 90' lang='lat' dir='ltr'><strong>dehinc</strong></span> <span class='ocrx_word' id='word_1_113' title='bbox 446 2896 623 2996; x_wconf 91' lang='lat' dir='ltr'><strong>dactylus,</strong></span> <span class='ocrx_word' id='word_1_114' title='bbox 641 2907 728 2968; x_wconf 89' lang='lat' dir='ltr'><strong>tunc</strong></span> <span class='ocrx_word' id='word_1_115' title='bbox 745 2909 816 2969; x_wconf 88' lang='lat' dir='ltr'><strong>tres</strong></span> <span class='ocrx_word' id='word_1_116' title='bbox 833 2897 992 2984; x_wconf 81' lang='lat' dir='ltr'><strong>trochaei,</strong></span> <span class='ocrx_word' id='word_1_117' title='bbox 1008 2910 1048 2969; x_wconf 85' lang='lat' dir='ltr'><strong>ut</strong></span> <span class='ocrx_word' id='word_1_118' title='bbox 1065 2909 1119 2968; x_wconf 90' lang='lat' dir='ltr'><strong>est</strong></span> <span class='ocrx_word' id='word_1_119' title='bbox 1134 2897 1265 2969; x_wconf 90' lang='lat' dir='ltr'><strong>⁰etiam</strong></span> <span class='ocrx_word' id='word_1_120' title='bbox 1286 2897 1357 2987; x_wconf 90' lang='lat' dir='ltr'><strong>hic,</strong></span> 
     </span>
     <span class='ocr_line' id='line_1_22' title="bbox 444 3011 1130 3108; baseline 0 -24"><span class='ocrx_word' id='word_1_121' title='bbox 444 3011 671 3084; x_wconf 80' lang='lat' dir='ltr'><strong>Jomdudum</strong></span> <span class='ocrx_word' id='word_1_122' title='bbox 690 3011 758 3084; x_wconf 82' lang='lat' dir='ltr'><strong>tibi</strong></span> <span class='ocrx_word' id='word_1_123' title='bbox 774 3011 956 3086; x_wconf 78' lang='lat' dir='ltr'><strong>disserens</strong></span> <span class='ocrx_word' id='word_1_124' title='bbox 966 3011 1130 3108; x_wconf 83' lang='lat' dir='ltr'><strong>probavi.</strong></span> 
     </span>
     <span class='ocr_line' id='line_1_23' title="bbox 266 3125 1396 3209; baseline 0.002 -11"><span class='ocrx_word' id='word_1_125' title='bbox 266 3125 454 3209; x_wconf 86' lang='lat' dir='ltr'><strong>sQuidam</strong></span> <span class='ocrx_word' id='word_1_126' title='bbox 482 3139 603 3199; x_wconf 88' lang='lat' dir='ltr'><strong>tamen</strong></span> <span class='ocrx_word' id='word_1_127' title='bbox 630 3127 765 3199; x_wconf 89' lang='lat' dir='ltr'><strong>nullam</strong></span> <span class='ocrx_word' id='word_1_128' title='bbox 794 3127 920 3200; x_wconf 85' lang='lat' dir='ltr'><strong>volunt</strong></span> <span class='ocrx_word' id='word_1_129' title='bbox 936 3151 1014 3199; x_wconf 87' lang='lat' dir='ltr'><strong>esse</strong></span> <span class='ocrx_word' id='word_1_130' title='bbox 1038 3125 1277 3199; x_wconf 82' lang='lat' dir='ltr'><strong>differentiam</strong></span> <span class='ocrx_word' id='word_1_131' title='bbox 1303 3128 1396 3200; x_wconf 86' lang='lat' dir='ltr'><strong>inter</strong></span> 
     </span>
     <span class='ocr_line' id='line_1_24' title="bbox 296 3240 1396 3340; baseline 0.001 -26"><span class='ocrx_word' id='word_1_132' title='bbox 296 3241 374 3328; x_wconf 86' lang='lat' dir='ltr'><strong>hos,</strong></span> <span class='ocrx_word' id='word_1_133' title='bbox 402 3241 463 3314; x_wconf 92' lang='lat' dir='ltr'><strong>sed</strong></span> <span class='ocrx_word' id='word_1_134' title='bbox 492 3240 646 3314; x_wconf 91' lang='lat' dir='ltr'><strong>eundem</strong></span> <span class='ocrx_word' id='word_1_135' title='bbox 679 3241 956 3340; x_wconf 88' lang='lat' dir='ltr'><strong>ithyphallicum</strong></span> <span class='ocrx_word' id='word_1_136' title='bbox 986 3255 1023 3314; x_wconf 91' lang='lat' dir='ltr'><strong>et</strong></span> <span class='ocrx_word' id='word_1_137' title='bbox 1049 3241 1268 3315; x_wconf 83' lang='lat' dir='ltr'><strong>Phaloecium</strong></span> <span class='ocrx_word' id='word_1_138' title='bbox 1303 3243 1396 3315; x_wconf 86' lang='lat' dir='ltr'><strong>acci-</strong></span> 
     </span>
     <span class='ocr_line' id='line_1_25' title="bbox 295 3353 1391 3455; baseline 0.003 -29"><span class='ocrx_word' id='word_1_139' title='bbox 295 3354 413 3454; x_wconf 89' lang='lat' dir='ltr'><strong>piunt.</strong></span> <span class='ocrx_word' id='word_1_140' title='bbox 469 3353 553 3428; x_wconf 89' lang='lat' dir='ltr'><strong>Hoc</strong></span> <span class='ocrx_word' id='word_1_141' title='bbox 578 3369 699 3428; x_wconf 90' lang='lat' dir='ltr'><strong>autem</strong></span> <span class='ocrx_word' id='word_1_142' title='bbox 721 3357 900 3429; x_wconf 84' lang='lat' dir='ltr'><strong>Plialaecio</strong></span> <span class='ocrx_word' id='word_1_143' title='bbox 925 3381 1028 3429; x_wconf 87' lang='lat' dir='ltr'><strong>versu</strong></span> <span class='ocrx_word' id='word_1_144' title='bbox 1053 3357 1227 3431; x_wconf 83' lang='lat' dir='ltr'><strong>Liberum</strong></span> <span class='ocrx_word' id='word_1_145' title='bbox 1253 3371 1391 3455; x_wconf 89' lang='lat' dir='ltr'><strong>patrem</strong></span> 
     </span>
     <span class='ocr_line' id='line_1_26' title="bbox 295 3469 1394 3569; baseline 0.002 -27"><span class='ocrx_word' id='word_1_146' title='bbox 295 3469 517 3543; x_wconf 78' lang='lat' dir='ltr'><strong>sollemniter</strong></span> <span class='ocrx_word' id='word_1_147' title='bbox 534 3485 680 3561; x_wconf 89' lang='lat' dir='ltr'><strong>canunt,</strong></span> <span class='ocrx_word' id='word_1_148' title='bbox 693 3473 721 3544; x_wconf 89' lang='lat' dir='ltr'><strong>si</strong></span> <span class='ocrx_word' id='word_1_149' title='bbox 735 3469 905 3569; x_wconf 77' lang='lat' dir='ltr'><strong>Pquidem</strong></span> <span class='ocrx_word' id='word_1_150' title='bbox 919 3471 1017 3569; x_wconf 92' lang='lat' dir='ltr'><strong>quod</strong></span> <span class='ocrx_word' id='word_1_151' title='bbox 1031 3473 1140 3546; x_wconf 89' lang='lat' dir='ltr'><strong>etiam</strong></span> <span class='ocrx_word' id='word_1_152' title='bbox 1155 3473 1232 3568; x_wconf 89' lang='lat' dir='ltr'><strong>ejus</strong></span> <span class='ocrx_word' id='word_1_153' title='bbox 1245 3473 1394 3545; x_wconf 87' lang='lat' dir='ltr'><strong>nomine</strong></span> 
     </span>
     <span class='ocr_line' id='line_1_27' title="bbox 294 3585 1394 3684; baseline 0.003 -27"><span class='ocrx_word' id='word_1_154' title='bbox 294 3597 332 3657; x_wconf 88' lang='lat' dir='ltr'><strong>et</strong></span> <span class='ocrx_word' id='word_1_155' title='bbox 349 3585 562 3682; x_wconf 88' lang='lat' dir='ltr'><strong>rhythmum</strong></span> <span class='ocrx_word' id='word_1_156' title='bbox 582 3599 618 3658; x_wconf 90' lang='lat' dir='ltr'><strong>et</strong></span> <span class='ocrx_word' id='word_1_157' title='bbox 636 3600 791 3660; x_wconf 86' lang='lat' dir='ltr'><strong>metrum</strong></span> <span class='ocrx_word' id='word_1_158' title='bbox 810 3587 1017 3684; x_wconf 88' lang='lat' dir='ltr'><strong>complente</strong></span> <span class='ocrx_word' id='word_1_159' title='bbox 1038 3586 1314 3678; x_wconf 88' lang='lat' dir='ltr'><strong>demonstratur,</strong></span> <span class='ocrx_word' id='word_1_160' title='bbox 1331 3588 1394 3678; x_wconf 88' lang='lat' dir='ltr'><strong>sio,</strong></span> 
     </span>
     <span class='ocr_line' id='line_1_28' title="bbox 444 3699 926 3775; baseline 0.002 -3"><span class='ocrx_word' id='word_1_161' title='bbox 444 3699 590 3773; x_wconf 78' lang='lat' dir='ltr'><strong>Bocche</strong></span> <span class='ocrx_word' id='word_1_162' title='bbox 609 3701 753 3775; x_wconf 82' lang='lat' dir='ltr'><strong>Bocche</strong></span> <span class='ocrx_word' id='word_1_163' title='bbox 770 3701 926 3775; x_wconf 78' lang='lat' dir='ltr'><strong>Bacche.</strong></span> 
     </span>
     <span class='ocr_line' id='line_1_29' title="bbox 294 3813 1394 3916; baseline 0.004 -30"><span class='ocrx_word' id='word_1_164' title='bbox 294 3813 388 3886; x_wconf 91' lang='lat' dir='ltr'><strong>Sane</strong></span> <span class='ocrx_word' id='word_1_165' title='bbox 405 3813 603 3913; x_wconf 82' lang='lat' dir='ltr'><strong>reperimus</strong></span> <span class='ocrx_word' id='word_1_166' title='bbox 621 3815 840 3890; x_wconf 80' lang='lat' dir='ltr'><strong>Phaloecium</strong></span> <span class='ocrx_word' id='word_1_167' title='bbox 859 3817 998 3916; x_wconf 79' lang='lat' dir='ltr'><strong>syllaba</strong></span> <span class='ocrx_word' id='word_1_168' title='bbox 1014 3817 1208 3890; x_wconf 81' lang='lat' dir='ltr'><strong>novissima</strong></span> <span class='ocrx_word' id='word_1_169' title='bbox 1222 3817 1394 3907; x_wconf 84' lang='lat' dir='ltr'><strong>detracta,</strong></span> 
     </span>
     <span class='ocr_line' id='line_1_30' title="bbox 293 3927 743 4021; baseline 0.007 -21"><span class='ocrx_word' id='word_1_170' title='bbox 293 3927 404 4001; x_wconf 88' lang='lat' dir='ltr'><strong>veluti</strong></span> <span class='ocrx_word' id='word_1_171' title='bbox 423 3941 601 4018; x_wconf 82' lang='lat' dir='ltr'><strong>scazonte,</strong></span> <span class='ocrx_word' id='word_1_172' title='bbox 621 3943 661 4002; x_wconf 91' lang='lat' dir='ltr'><strong>ut</strong></span> <span class='ocrx_word' id='word_1_173' title='bbox 678 3944 743 4021; x_wconf 90' lang='lat' dir='ltr'><strong>est,</strong></span> 
     </span>
     <span class='ocr_line' id='line_1_31' title="bbox 444 4043 1161 4147; baseline 0.006 -31"><span class='ocrx_word' id='word_1_174' title='bbox 444 4043 556 4118; x_wconf 82' lang='lat' dir='ltr'><strong>Nune</strong></span> <span class='ocrx_word' id='word_1_175' title='bbox 580 4043 827 4147; x_wconf 67' lang='lat' dir='ltr'><strong>prjnmsera</strong></span> <span class='ocrx_word' id='word_1_176' title='bbox 843 4047 1003 4122; x_wconf 83' lang='lat' dir='ltr'><strong>vindieat</strong></span> <span class='ocrx_word' id='word_1_177' title='bbox 1024 4047 1067 4121; x_wconf 92' lang='lat' dir='ltr'><em>V</em></span> <span class='ocrx_word' id='word_1_178' title='bbox 1061 4073 1161 4136; x_wconf 80' lang='lat' dir='ltr'><strong>enus,</strong></span> 
     </span>
     <span class='ocr_line' id='line_1_32' title="bbox 293 4159 875 4252; baseline 0.01 -23"><span class='ocrx_word' id='word_1_179' title='bbox 293 4182 403 4252; x_wconf 84' lang='lat' dir='ltr'><strong>quern</strong></span> <span class='ocrx_word' id='word_1_180' title='bbox 422 4159 548 4232; x_wconf 85' lang='lat' dir='ltr'><strong>volunt</strong></span> <span class='ocrx_word' id='word_1_181' title='bbox 565 4159 675 4234; x_wconf 86' lang='lat' dir='ltr'><strong>videri</strong></span> <span class='ocrx_word' id='word_1_182' title='bbox 694 4161 875 4235; x_wconf 89' lang='lat' dir='ltr'><strong>claudum.</strong></span> 
     </span>
    </p>
   </div>
   <div class='ocr_carea' id='block_1_5' title="bbox 291 4345 1394 4592">
    <p class='ocr_par' dir='ltr' id='par_1_6' title="bbox 291 4345 1394 4592">
     <span class='ocr_line' id='line_1_33' title="bbox 332 4345 1394 4432; baseline 0 -20"><span class='ocrx_word' id='word_1_183' title='bbox 332 4345 448 4424; x_wconf 73' lang='lat' dir='ltr'><strong>lQues]</strong></span> <span class='ocrx_word' id='word_1_184' title='bbox 464 4363 560 4429; x_wconf 87' lang='lat' dir='ltr'><strong>suntq:</strong></span> <span class='ocrx_word' id='word_1_185' title='bbox 577 4353 608 4410; x_wconf 95' lang='lat' dir='ltr'><strong>P.</strong></span> <span class='ocrx_word' id='word_1_186' title='bbox 735 4351 833 4430; x_wconf 90' lang='lat' dir='ltr'><strong>lquod</strong></span> <span class='ocrx_word' id='word_1_187' title='bbox 847 4365 877 4412; x_wconf 86' lang='lat' dir='ltr'><strong>et</strong></span> <span class='ocrx_word' id='word_1_188' title='bbox 891 4351 1115 4431; x_wconf 78' lang='lat' dir='ltr'><strong>ithyphallicurn,</strong></span> <span class='ocrx_word' id='word_1_189' title='bbox 1130 4355 1169 4428; x_wconf 83' lang='lat' dir='ltr'><strong>si]</strong></span> <span class='ocrx_word' id='word_1_190' title='bbox 1187 4353 1394 4432; x_wconf 79' lang='lat' dir='ltr'><strong>quethyphelli-</strong></span> 
     </span>
     <span class='ocr_line' id='line_1_34' title="bbox 291 4428 1394 4512; baseline 0.007 -26"><span class='ocrx_word' id='word_1_191' title='bbox 291 4448 358 4487; x_wconf 89' lang='lat' dir='ltr'><strong>cum</strong></span> <span class='ocrx_word' id='word_1_192' title='bbox 373 4428 410 4488; x_wconf 87' lang='lat' dir='ltr'><strong>sit</strong></span> <span class='ocrx_word' id='word_1_193' title='bbox 423 4431 455 4489; x_wconf 89' lang='lat' dir='ltr'><strong>P.</strong></span> <span class='ocrx_word' id='word_1_194' title='bbox 579 4442 603 4474; x_wconf 64' lang='grc' dir='ltr'><strong><em>Ν</em></strong></span> <span class='ocrx_word' id='word_1_195' title='bbox 616 4431 679 4508; x_wconf 89' lang='lat' dir='ltr'><strong>qui]</strong></span> <span class='ocrx_word' id='word_1_196' title='bbox 695 4434 769 4511; x_wconf 88' lang='lat' dir='ltr'><strong>qnod</strong></span> <span class='ocrx_word' id='word_1_197' title='bbox 786 4435 817 4492; x_wconf 89' lang='lat' dir='ltr'><strong>P.</strong></span> <span class='ocrx_word' id='word_1_198' title='bbox 941 4444 957 4476; x_wconf 82' lang='lat'><strong>¹¹</strong></span> <span class='ocrx_word' id='word_1_199' title='bbox 971 4433 1158 4511; x_wconf 86' lang='lat' dir='ltr'><strong>octosyllabo]</strong></span> <span class='ocrx_word' id='word_1_200' title='bbox 1174 4435 1347 4512; x_wconf 75' lang='lat' dir='ltr'><strong>octosyllabo</strong></span> <span class='ocrx_word' id='word_1_201' title='bbox 1361 4436 1394 4494; x_wconf 85' lang='lat' dir='ltr'><strong>P.</strong></span> 
     </span>
     <span class='ocr_line' id='line_1_35' title="bbox 291 4509 1143 4592; baseline 0.002 -24"><span class='ocrx_word' id='word_1_202' title='bbox 291 4519 306 4551; x_wconf 86' lang='lat'><strong>⁰</strong></span> <span class='ocrx_word' id='word_1_203' title='bbox 321 4509 421 4585; x_wconf 84' lang='lat' dir='ltr'><strong>etiam]</strong></span> <span class='ocrx_word' id='word_1_204' title='bbox 440 4523 483 4569; x_wconf 83' lang='lat' dir='ltr'><strong>est</strong></span> <span class='ocrx_word' id='word_1_205' title='bbox 495 4513 581 4570; x_wconf 87' lang='lat' dir='ltr'><strong>etiam</strong></span> <span class='ocrx_word' id='word_1_206' title='bbox 597 4513 628 4571; x_wconf 87' lang='lat' dir='ltr'><strong>P.</strong></span> <span class='ocrx_word' id='word_1_207' title='bbox 711 4524 727 4568; x_wconf 74' lang='grc' dir='ltr'><strong>Ρ</strong></span> <span class='ocrx_word' id='word_1_208' title='bbox 741 4513 855 4590; x_wconf 88' lang='lat' dir='ltr'><strong>quidem</strong></span> <span class='ocrx_word' id='word_1_209' title='bbox 870 4515 960 4590; x_wconf 89' lang='lat' dir='ltr'><strong>quod]</strong></span> <span class='ocrx_word' id='word_1_210' title='bbox 978 4514 1054 4591; x_wconf 91' lang='lat' dir='ltr'><strong>quod</strong></span> <span class='ocrx_word' id='word_1_211' title='bbox 1069 4535 1097 4592; x_wconf 89' lang='lat' dir='ltr'><strong>q.</strong></span> <span class='ocrx_word' id='word_1_212' title='bbox 1113 4515 1143 4571; x_wconf 92' lang='lat' dir='ltr'><strong>P.</strong></span> 
     </span>
    </p>
   </div>
   <div class='ocr_carea' id='block_1_6' title="bbox 0 0 1566 5120">
    <p class='ocr_par' dir='ltr' id='par_1_7' title="bbox 0 0 1566 5120">
     <span class='ocr_line' id='line_1_36' title="bbox 0 0 1566 5120; baseline 0 4"><span class='ocrx_word' id='word_1_213' title='bbox 0 0 1566 5120; x_wconf 95' lang='lat' dir='ltr'><strong> </strong></span> 
     </span>
    </p>
   </div>
  </div>
 </body>
</html>
