3100 5142
179 389 263 440 car.
277 381 311 457 9.
494 361 657 436 Derrll.
676 361 829 438 Horatii
845 365 993 438 metris..
1208 377 1280 439 325

181 551 250 624 Cui
269 549 428 623 detracta
449 547 587 646 syllaba
605 547 722 648 prima
735 548 821 622 facit
846 547 1053 646 'phallicon
1080 561 1257 624 metrumz

310 665 442 729 Invideo
456 665 578 728 amioia

181 805 227 852 ex
255 777 387 874 quibua
417 775 640 876 compositus
675 787 731 848 est
759 774 819 848 hic
849 775 1049 868 Saturnius,
1076 790 1117 851 ut
1144 777 1191 850 ait
1219 799 1283 877 par

182 896 289 968 hum·
314 991 400 1066 Quid
413 990 539 1055 invidet
552 991 689 1054 amiota?
711 991 843 1056 laada
856 993 978 1056 amicir.

197 1103 269 1176 hoc
286 1101 418 1176 modo:

314 1219 441 1284 Malum
455 1218 576 1282 dabant
591 1215 711 1280 Metelli
725 1216 842 1282 Naevr'o
853 1225 963 1301 porta.

309 1453 410 1535 Car.
432 1453 506 1534 IX.
520 1547 525 1550 ,
540 1455 607 1534 De
625 1453 792 1560 reliquia
812 1453 987 1534 Horatii
1004 1452 1158 1534 oretria.
1212 1447 1215 1453 ’

234 1603 346 1677 Nunc
373 1605 509 1702 reliqua
537 1619 650 1678 metra
680 1603 836 1694 Horatii,
861 1631 944 1703 qnae
975 1603 1135 1677 nondum
1169 1601 1284 1701 attigi,

185 1719 352 1819 prosequi
370 1720 462 1792 volo.

313 1837 390 1900 Jam
405 1833 485 1901 ratio
500 1837 597 1900 anta
610 1837 697 1901 ninia
710 1845 803 1924 atque
817 1835 898 1900 diro

317 1939 497 2003 Grandiair
511 1939 711 2026 miritpater‚
726 1947 757 2003 et
770 1939 898 2003 mbmtr

315 2043 459 2105 Dextera
472 2042 754 2128 raorarjaoulatua
767 2061 857 2106 aroer

492 2144 627 2208 Terruit
641 2145 759 2208 urbem.

189 2253 525 2355 Hendeoaayllabus
549 2255 753 2356 Sapphicus
777 2258 841 2329 flet
864 2255 1065 2330 Phalaecius
1092 2254 1286 2328 immutato

187 2369 325 2461 ordine,

323 2487 386 2550 no
395 2488 521 2574 ponas
535 2488 664 2554 mortar
679 2489 845 2554 aarum.

190 2595 277 2671 Hoc
303 2609 459 2672 metrum
488 2599 611 2673 tricola
644 2599 754 2673 habet
786 2598 897 2698 paria,
926 2611 1111 2696 ¹quartum
1140 2597 1284 2670 brevem

188 2712 398 2802 clausulam,
416 2727 603 2814 sumptum
626 2727 681 2788 ast
706 2716 752 2788 ab
779 2715 913 2787 Alcoeo.
965 2712 1116 2813 Sappho
1143 2739 1287 2810 quoque

188 2827 393 2926 frequenter
409 2855 453 2902 eo
471 2829 592 2902 utitur.
632 2812 910 2930 'Monoatropha
926 2841 1102 2901 vocantur
1120 2829 1196 2902 haec
1213 2855 1288 2901 ear-

190 2943 300 3032 mina,
326 2945 412 3042 quia
445 2944 489 3018 ad
524 2945 678 3044 primam
710 2945 882 3046 strophen
910 2957 1028 3018 cetera
1057 2945 1287 3046 respondent,
1403 2925 1411 2940 ⁸

190 3060 290 3134 nullo
303 3060 561 3135 interveniente
574 3060 704 3161 epodo,
719 3061 801 3160 'qui
817 3059 1127 3162 aprima'strophe
1139 3059 1288 3150 differat,

189 3175 298 3248 faciat
323 3203 415 3266 eam,
432 3203 541 3274 quam
573 3178 701 3252 musici
726 3191 763 3252 et
787 3175 1035 3278 bgrammatici
1055 3209 1160 3250 .·....
1177 3175 1289 3250 deno·

190 3291 340 3365 minant.
391 3291 605 3392 Composita
632 3308 752 3368 autem
778 3295 858 3369 cula
882 3293 990 3391 hujus
1021 3291 1188 3367 carminis
1215 3291 1315 3368 sin-s

188 3407 273 3506 gula
302 3432 346 3480 ex
368 3405 510 3482 duobus
536 3410 791 3500 commatibus,
808 3435 962 3508 quorum
985 3407 1082 3508 quod
1110 3407 1288 3484 antecedit

189 3547 234 3595 ex
251 3521 513 3598 cArchilocheo
530 3523 703 3623 quadrato
721 3527 890 3614 nascitur,
905 3525 968 3614 sic,

317 3639 394 3703 Jum
408 3642 488 3705 ratis
502 3643 609 3719 terrio,
623 3643 788 3730 magisque
797 3643 936 3731 gruibus
950 3641 1074 3708 horrebo
1088 3645 1164 3708 tata.

190 3748 275 3823 Hoc
291 3750 390 3824 enim
408 3779 473 3853 par
489 3765 544 3826 est
562 3753 658 3842 huie,
676 3780 759 3828 narn
779 3755 828 3828 ita
845 3769 910 3846 eat,

317 3868 434 3957 Magia
448 3871 612 3957 mgisque
628 3871 766 3958 mitur
780 3871 900 3938 bareto
914 3875 987 3938 taio.

189 3967 350 4066 Sequens
372 3995 515 4046 comma
540 3973 691 4047 trimetri
719 3973 864 4048 iambici
889 3975 1044 4074 primam
1074 3970 1183 4045 habet
1207 3997 1288 4072 par-

187 4097 276 4174 tem,
293 4087 524 4185 componitur
540 4089 603 4176 sic,

230 4265 245 4310 t
261 4255 432 4332 Phalarion]
451 4259 591 4317 Phaleron
602 4259 637 4318 V.
655 4259 812 4316 Phallicum
822 4257 863 4316 uti
877 4276 961 4336 supra
975 4276 1034 4336 rep.
1046 4257 1164 4320 Santra.
1175 4257 1210 4318 ad
1220 4258 1288 4318 Ter.

189 4333 285 4394 Maur.
300 4355 328 4414 p.
341 4353 409 4414 359.
506 4340 675 4414 ¹quartam]
691 4346 824 4416 quantam
837 4337 873 4395 V.
976 4349 992 4382 ²
1006 4343 1167 4416 quaprima
1180 4341 1290 4415 strophe

190 4415 413 4494 riiffmesaciat]
432 4439 458 4494 q.
472 4439 490 4476 a
497 4423 591 4496 prima
604 4421 715 4498 strophe
727 4419 848 4496 differat,
858 4418 952 4496 saciat
964 4419 1002 4480 V.
1118 4417 1134 4464 b
1148 4437 1290 4500 grammu-

191 4495 239 4553 tici
257 4539 284 4554 ..
299 4541 305 4555 .
318 4498 340 4572 .]
356 4503 531 4572 grammatici
547 4503 601 4558 tria
614 4502 652 4560 V.
753 4511 766 4544 θ
781 4499 968 4574 Archilochio]
986 4501 1165 4560 Archilocho
1180 4499 1216 4560 V.
