3124 5120
321 411 389 470 154
704 397 824 470 Morii
843 397 1028 470 Victorini
1270 421 1345 472 tiu.
1358 421 1418 471 ιιι.

318 579 520 652 'trimetros
538 577 786 677 anapaesticus,
803 579 840 650 in
865 605 938 676 quo
963 579 1081 679 prima
1099 581 1195 654 basis
1210 605 1257 654 ex
1274 580 1417 656 duobus

316 693 480 790 dactylis,
498 690 653 764 secunda
678 719 700 764 e
721 692 882 792 spondeo
899 709 937 766 et
954 707 1148 794 anapaesto,
1166 695 1271 768 tertia
1288 721 1309 768 e
1326 695 1419 768 duo·

317 808 385 881 bus
402 809 590 906 anapaestis
608 809 791 882 subsistit:
820 809 881 898 ita,

362 921 500 1020 Tiphys
516 933 551 996 et
567 923 800 998 Automedon
817 926 922 998 dictu
938 951 1061 998 umore
1073 935 1202 1022 potens
1216 951 1299 1000 meo
1316 925 1390 998 lue.

347 1137 448 1218 Car.
464 1136 541 1218 VI.
573 1139 638 1220 De
656 1139 929 1222 enuntiatione
939 1141 1189 1248 pentametri
1205 1139 1383 1248 elegiaci.

367 1269 453 1342 Hoc
475 1296 620 1367 quoque
643 1271 842 1344 notandum
869 1273 906 1344 in
929 1273 1179 1346 enuntiatione
1199 1273 1417 1372 pentametri

315 1385 490 1482 elegiaci:
534 1411 617 1458 nam
654 1386 868 1486 plerumque
904 1413 1026 1460 aurem
1066 1387 1172 1477 fallit,
1204 1399 1248 1459 ut
1282 1387 1319 1458 in
1353 1387 1417 1460 illo

316 1499 445 1574 Graeco
461 1527 577 1584 versu,

414 1619 503 1708 ἡμεῖς
519 1613 543 1687 l’
562 1615 606 1695 eir
622 1617 847 1704 Ἑλλήποντον
862 1619 1064 1712 ἀπεπλέομεν.

314 1727 414 1799 Nam
442 1729 470 1800 si
498 1728 739 1824 'conjunctim
761 1731 988 1819 Ἑλλήποντον
1004 1730 1304 1814 ‘enuntiaremnn
1328 1729 1417 1802 effu-

315 1843 408 1940 gerit
433 1843 572 1916 aurium
601 1871 759 1933 sensum,
777 1860 819 1919 ut
841 1871 1071 1944 nequaquam
1089 1871 1212 1918 versus
1237 1871 1315 1918 esse
1340 1869 1416 1917 cre·

315 1954 434 2028 datur.
494 1957 546 2029 At
571 1958 599 2030 si
630 1985 695 2057 per
720 1959 994 2034 hemistichium
1023 1961 1313 2060 pronuntiemus,
1337 1959 1416 2057 ipsa

315 2070 615 2152 subdistinctione
639 2099 754 2170 genus
779 2075 885 2148 metri
910 2073 1173 2148 declarabimus
1196 2075 1258 2162 ita,
1274 2079 1362 2168 ἡμεῖς
1387 2075 1416 2146 l’

288 2182 511 2274 ssl5‘'Ellne·
525 2185 659 2261 dehinc
675 2187 779 2261 rimor
794 2190 994 2282 ἇτεπλέομεν.
1040 2188 1149 2263 Unde
1167 2201 1415 2288 pentametrus

314 2298 456 2374 duobus
473 2297 625 2400 pedibus
644 2316 681 2376 et
698 2303 882 2403 semipede
900 2304 1005 2377 colon
1023 2304 1215 2378 terminare
1234 2303 1355 2392 debet,
1372 2317 1415 2378 ut

314 2414 376 2512 qui
405 2413 567 2503 audierit,
597 2431 791 2514 antequam
824 2419 1012 2517 percutiat,
1038 2445 1181 2492 versum
1217 2418 1414 2517 intellegat,

315 2531 424 2620 velut,

415 2645 579 2720 Labitur
595 2646 678 2720 linc
696 2645 842 2738 Helles,
854 2657 992 2744 pontus
1006 2649 1046 2722 in
1061 2673 1246 2722 oceanum.

313 2763 421 2844 Item,

416 2875 605 2948 Venerunt
617 2875 723 2960 inter,
742 2874 845 2950 lunia
861 2887 990 2951 sanctu
1002 2876 1097 2974 polo.

286 2989 412 3070 sNam
431 2991 461 3062 si
479 3016 542 3088 per
559 3015 597 3062 se
613 2989 711 3064 dicas
728 2992 837 3080 inter,
855 3007 891 3064 et
907 3018 972 3090 per
994 3019 1032 3064 se
1055 2989 1170 3073 lunio,
1190 2987 1310 3062 media
1325 2990 1413 3062 sub-

313 3103 776 3202 distinctioneinterposita‚
788 3107 937 3206 recipiet
951 3105 1103 3180 formam
1121 3103 1281 3202 elegiaci.
1309 3103 1413 3178 Hinc

314 3216 552 3317 proculdubio
563 3218 724 3316 intellegi
742 3221 1023 3318 datur'prosam
1036 3220 1196 3292 numeris
1209 3219 1411 3294 subsistere.

313 3333 412 3404 Nam
440 3344 477 3404 et
499 3332 709 3406 Aristoteles
737 3333 850 3408 homo
879 3334 1045 3408 sublimis
1075 3334 1211 3432 ingenii
1237 3333 1413 3432 praecipit,

314 3473 483 3521 numeros
500 3475 577 3522 esse
595 3448 631 3520 in
648 3449 810 3522 oratione
826 3463 1001 3549 oportere,
1013 3449 1062 3522 its
1075 3463 1196 3522 tamen
1211 3475 1258 3522 ne
1267 3475 1411 3522 versum

314 3562 511 3651 incurrant,
528 3563 591 3658 qui
613 3587 710 3660 saepe
736 3563 1012 3660 inprudentibus
1036 3565 1248 3660 subrepunt,
1265 3562 1351 3662 quia
1375 3576 1413 3636 et

313 3677 441 3750 Cicero
465 3679 503 3748 in
530 3677 681 3750 Oratore
708 3703 776 3750 suo
801 3677 847 3752 de
871 3677 1065 3752 evitatione
1091 3703 1261 3750 vemuum
1282 3677 1412 3775 tangit,

314 3795 392 3892 ipsa
417 3817 562 3890 quoque
588 3791 698 3890 lyrica
722 3803 890 3888 poemata
912 3791 1053 3862 sublata
1080 3789 1327 3864 modulatione
1348 3817 1412 3863 vo-

286 3907 365 3981 scis
391 3933 464 3980 non
492 3907 585 3980 ultra
610 3905 765 3979 solutam
791 3905 988 3978 orationem
1008 3917 1258 4006 ¹procurrunt.
1312 3906 1412 3988 Quo-

354 4144 365 4174 ¹
381 4131 521 4204 trimeter]
537 4131 680 4188 trimetrus
696 4131 726 4187 Ρ.
787 4139 799 4171 ⁸
813 4132 1012 4207 conjunctum]
1029 4130 1204 4208 conjunctim
1220 4131 1252 4190 P.
1268 4132 1313 4190 ed.
1328 4131 1409 4188 Cam.

314 4211 557 4285 ιειιιιιιῑὶειῐὶιιιιιε]
574 4212 785 4268 enuntiaremus
800 4209 830 4266 P.
913 4212 1069 4286 vprosam]
1087 4216 1173 4288 prosis
1184 4210 1217 4269 P.
1314 4221 1330 4252 ¹
1345 4229 1410 4288 pro.

313 4293 443 4367 currunt]
459 4285 578 4368 procuri
594 4289 625 4349 P.

536 4506 565 4562 3.
581 4487 661 4564 qnia]
679 4487 768 4566 Lego,
785 4489 857 4561 quod
875 4495 902 4543 et
918 4487 1020 4544 Cicero.
1043 4487 1177 4544 COMM.
