3012 5084
127 379 255 439 ons.
567 361 823 462 DeSyltabo.
1190 377 1236 438 su

122 549 332 646 quentstivs
363 549 477 620 verba
501 549 629 632 mults,
647 561 689 620 ut
710 547 813 634 lecto,
826 545 948 645 sicto,
963 549 1112 644 scripto,
1130 547 1236 620 dicto.

123 663 215 736 Nem
233 689 450 764 pronomen
468 689 537 762 ego
559 689 625 762 pro
641 663 759 736 'brevi
778 663 909 739 habere
930 664 1097 738 ultimum
1116 691 1137 736 ο
1153 662 1237 736 ‘de-

122 778 386 876 prehenditur:
415 793 458 851 ut
474 793 541 868 est,

122 1009 176 1082 lte
382 909 474 983 Non
491 937 559 1010 ego
575 909 885 1010 ¹Myrmidonum.

178 1038 232 1099 m!

382 1109 459 1182 Ast
475 1135 542 1208 ego
559 1136 638 1209 quo
657 1111 788 1184 dirum.

123 1239 215 1313 ltem
255 1267 351 1340 ergo
385 1242 596 1336 conjunctio
624 1268 691 1341 pro
723 1243 858 1340 vlonga
891 1243 1002 1315 habet
1037 1245 1276 1319 ''ultimum'’

119 1381 179 1454 gu,
195 1371 242 1430 ut
268 1369 329 1428 est
349 1355 453 1440 illud,
478 1357 586 1456 Ergo
599 1357 713 1454 jussu
729 1365 913 1455 ”parat
967 1357 1116 1458 Propter
1138 1361 1233 1458 quod
1336 1407 1339 1414 -

124 1473 204 1544 telis
221 1471 371 1571 syllaba
391 1471 508 1543 finalis
526 1485 647 1544 tamen
666 1486 807 1546 tuntum
826 1473 1033 1546 communis
1046 1499 1123 1548 esse
1140 1476 1235 1548 mul-

124 1590 168 1661 tis
199 1589 404 1687 generibus
433 1590 614 1687 probatur.
682 1588 717 1662 0
751 1603 872 1662 autem
907 1589 1025 1662 litters
1055 1617 1121 1690 pro
1150 1591 1236 1666 dus·

123 1706 190 1778 bus
217 1703 365 1778 Graecis
392 1703 555 1788 habetur,
581 1703 619 1776 id
644 1717 710 1790 est,
740 1731 835 1802 pror
860 1717 897 1776 et
916 1737 948 1792 u,
965 1703 1060 1778 sicut
1081 1705 1191 1778 etism
1217 1733 1236 1778 e

123 1847 189 1917 pro
206 1854 228 1901 η
245 1833 286 1891 et
311 1852 338 1905 ε,
365 1831 404 1889 et
429 1818 506 1890 istae
537 1817 633 1917 apud
662 1819 807 1892 Graeoos
835 1833 959 1917 poetas
986 1819 1142 1894 invicem
1169 1847 1235 1920 pro

124 1935 319 2009 contrariis
341 1933 411 2006 sibi
438 1933 565 2006 litteris
591 1947 785 2032 ponuntur,
803 1947 838 2006 et
864 1945 1036 2006 vocantur
1057 1935 1236 2010 ’ἀπίστοι-

124 2080 191 2147 χαι
232 2049 395 2124 undeet
425 2049 537 2122 nostri
567 2049 662 2122 hanc
694 2045 994 2122 consuetudinem
1023 2049 1233 2124 Graecorum

127 2179 278 2262 propter
318 2163 423 2236 metri
458 2163 705 2238 necessitatem
743 2175 762 2224 5
773 2177 982 2259 sequuntur.
1046 2163 1145 2237 Nam
1172 2165 1234 2239 illo
1248 2201 1279 2250 ις

124 2289 141 2322 ¹
151 2303 257 2350 versu
275 2276 452 2374 Virgilius
469 2303 489 2350 ο
505 2275 689 2376 productae
706 2275 972 2373 longitudinem
991 2293 1128 2352 servat:

254 2411 529 2509 Armatunrque
545 2433 635 2481 auro
652 2408 898 2504 circumspicit
918 2409 1072 2484 Oriona.

132 2542 224 2616 Item
244 2543 282 2615 in
301 2539 431 2615 eodem
450 2541 597 2614 nomine
613 2539 765 2614 eandem
783 2539 940 2614 litteram
958 2539 1115 2640 corripit,
1131 2541 1203 2614 sic:

196 2656 292 2732 Cum
306 2657 429 2731 subito
444 2657 676 2755 'udmrgens
678 2653 810 2755 fluctu
827 2653 1037 2730 ”nimbosus
1055 2655 1179 2728 Onon.

133 2771 259 2872 ltaque
286 2785 326 2846 et
355 2773 392 2844 in
420 2773 489 2844 hoc
515 2786 552 2845 ct
577 2771 614 2844 in
642 2771 728 2844 huic
751 2770 932 2845 similibus
950 2797 970 2844 c
985 2787 1022 2844 et
1038 2795 1059 2843 o
1075 2783 1274 2870 eputum-24

133 2885 214 2961 dum
233 2901 389 2961 estesse
410 2912 622 2960 communes
645 2887 813 2985 syllabas,
830 2886 891 2960 sed
917 2913 981 2985 per
997 2885 1233 2984 “ducangius

133 3004 299 3078 Graeoem
325 3003 437 3102 recipi
463 3029 577 3103 posse.
628 3003 727 3076 Nam
755 3002 862 3074 etism
883 3001 1126 3074 enatumliter
1148 3029 1230 3102 pro·
1243 3033 1272 3086 ις

131 3115 276 3193 ductam
297 3145 364 3218 per
381 3117 529 3191 eandem
548 3117 757 3214 ἀντιστοιχίαν
773 3115 946 3214 Virgilius
964 3117 1121 3216 corripit,
1141 3131 1193 3208 ut,

218 3353 225 3366 ⁹
258 3353 266 3367 ι
339 3251 463 3324 Gener
478 3251 640 3325 &vernis
656 3252 857 3324 instructus
873 3249 972 3322 Eois.

132 3367 165 3424 et
180 3353 282 3441 abbi,
333 3449 462 3522 Primo
477 3451 653 3550 surgebat
669 3450 758 3522 Eoo.

167 3687 181 3718 ⁸
202 3675 300 3749 brevi]
315 3674 391 3733 verbi
405 3675 436 3732 P.
518 3675 531 3716 t
544 3673 775 3752 deprehenditur]
791 3672 1019 3750 deprehenditur
1033 3673 1063 3730 P.
1120 3683 1137 3715 ¹¹
1150 3673 1229 3750 Myr·

131 3757 279 3813 midonum
295 3756 366 3830 eto]
383 3753 598 3833 Myrmidonum
614 3755 646 3812 P.
735 3763 751 3794 t
765 3753 863 3832 longa]
885 3753 1000 3830 longum
1015 3753 1046 3810 P.
1129 3765 1151 3798 Ἠ
1164 3751 1229 3811 ulti·

131 3854 203 3893 unm
218 3835 346 3894 litterum
361 3836 390 3909 ο]
406 3834 534 3893 ultimum
548 3853 585 3909 go
598 3835 630 3892 P.
709 3843 755 3875 n
767 3845 848 3910 psrut
861 3834 933 3907 eto]
951 3845 1032 3910 purat
1046 3834 1078 3890 P.
1154 3841 1170 3874 ¹
1183 3839 1229 3889 as-

129 3918 260 3992 τίπωχα]
277 3914 456 3974 antistoeclre
469 3917 502 3974 P.
622 3915 821 3991 tsequuntnr]
839 3925 973 3971 secuntur
987 3915 1017 3972 P.
1121 3921 1135 3953 ¹
1149 3931 1229 3970 versu

130 3995 278 4076 Virgilius]
295 4013 391 4053 versus
404 3995 542 4075 Vergilius
556 3997 587 4053 P.
658 3994 844 4073 ²sssurgens]
861 3993 1017 4071 adsurgens
1030 3993 1061 4050 P.
1124 3991 1138 4030 ὓ
1153 3993 1227 4050 nim·

130 4075 212 4135 bosus
225 4075 335 4153 Orion]
352 4074 498 4135 nimbosus
511 4077 542 4134 P.
643 4087 657 4118 c
669 4075 842 4154 putandum]
858 4073 1001 4152 putandus
1016 4074 1046 4130 P.
1129 4069 1144 4116 d
1158 4079 1229 4130 tm-

130 4161 243 4230 mp'w
257 4156 315 4231 bis]
331 4156 538 4215 antistoeclrinn
555 4157 586 4214 P.
601 4156 654 4214 bis.

169 4332 215 4390 ²3·
237 4314 431 4373 Docetetism
445 4313 598 4372 Atheniens
609 4311 656 4370 lib.
699 4309 882 4387 inpoteutatc
900 4307 986 4375 illius,
1001 4306 1050 4364 sed
1071 4305 1157 4366 etiam
1175 4325 1227 4385 pro

132 4395 182 4454 xl.
199 4398 243 4472 [p.
254 4394 325 4467 466.
336 4395 384 4468 lt]
397 4394 500 4450 abusos
513 4391 657 4469 quondum
699 4390 805 4468 syllaba
818 4415 851 4448 ου.
875 4389 1025 4447 CAMER.

131 4475 251 4532 Achivos
261 4493 363 4532 onmes
378 4473 493 4532 litterar
504 4491 561 4530 non
574 4473 658 4530 modo

746 4589 765 4635 F
