3012 5084
131 417 213 468 car.
230 411 293 470 12.
591 396 653 468 De
670 395 816 468 Matris.
1190 389 1240 482 69

131 605 226 665 mur,
245 579 398 678 syllabis
414 579 536 680 pedes,
560 577 711 676 pedibus
729 601 883 661 versum,
901 585 1124 648 tconnexum
1148 575 1241 648 inter

130 721 169 766 se
179 694 246 790 jus
260 695 430 767 omnium
447 695 655 794 reperimus.
681 691 1000 776 Quemadmodum
1014 717 1097 764 cum
1112 691 1240 791 pedale
1253 709 1284 756 ²⁸

128 810 188 882 vel
205 809 300 880 libra
320 809 469 881 metitur
485 807 632 906 aliquid,
649 823 703 881 est
719 809 755 880 in
779 808 851 880 illis
877 808 994 895 uncia,
1012 822 1065 879 est
1082 807 1241 880 semiun-

131 924 198 1010 cia,
225 937 284 995 est
311 921 460 1020 digitus,
477 923 532 995 vel
560 925 605 995 ab
630 949 673 994 eo
700 923 819 996 minus
841 923 1042 1021 quippiam,
1063 949 1127 1022 per
1150 949 1239 1020 quas

130 1039 387 1137 portiunculas
413 1040 532 1137 ipsum
561 1037 688 1136 pedem
707 1049 963 1134 computamus
981 1053 1018 1109 et
1035 1037 1176 1126 libram,
1194 1037 1240 1109 si-

131 1153 209 1224 mili
232 1151 346 1224 modo
358 1165 516 1224 metrum
529 1153 596 1224 erit
610 1167 645 1223 et
659 1151 695 1223 in
708 1165 884 1250 tempore,
894 1165 931 1224 et
945 1149 981 1222 in
993 1151 1142 1248 syllaba,
1151 1168 1187 1224 et
1202 1153 1237 1224 in

132 1269 238 1366 pede,
256 1268 322 1340 sed
336 1267 530 1339 minimum
552 1279 719 1354 metrum,
732 1279 877 1364 tempus
891 1265 926 1338 id
945 1281 1011 1350 est,
1025 1267 1139 1339 brevis
1153 1267 1240 1366 'syl-

132 1383 215 1454 laba
234 1383 318 1470 erit,
336 1380 453 1476 majus
471 1381 567 1478 quod
586 1407 632 1453 cx
657 1379 798 1453 duobus
821 1381 1057 1480 temporibus,
1074 1407 1094 1452 e
1110 1381 1239 1476 'queis
1274 1401 1277 1408 '

134 1515 170 1570 et
195 1525 260 1596 pes
289 1497 411 1570 stabit.
461 1498 543 1571 Nec
570 1499 688 1570 minus
713 1523 778 1596 pro
800 1510 917 1569 metro
932 1495 1136 1594 frequenter
1153 1497 1284 1586 colisa9

134 1615 289 1700 utimur,
307 1639 392 1684 cum
419 1613 598 1708 ¹aliquam
617 1613 722 1686 odem
745 1612 982 1711 compositam
1002 1623 1065 1683 aut
1080 1635 1125 1682 ex
1151 1625 1241 1684 atro-

135 1729 208 1826 pha
244 1743 310 1800 aut
341 1728 566 1826 antistrophe
598 1739 683 1800 laut
711 1725 829 1826 epodo
859 1727 1031 1798 metimur
1056 1753 1120 1824 per
1147 1727 1238 1800 cola.

135 1846 295 1916 cannen
314 1868 399 1914 vero
417 1842 534 1940 ipsum
554 1843 712 1915 versibus
731 1841 965 1914 aestimamus.

185 1958 313 2030 Metra
330 1969 451 2028 autem
470 1957 593 2029 omnia
617 1969 809 2053 'quattuor
830 1956 946 2030 modis
968 1957 1161 2043 variantur,
1179 1955 1285 2036 ad-ao

131 2071 305 2167 jatinae,
339 2071 573 2160 detractione,
605 2072 919 2162 transmutatione,
953 2073 1239 2146 concinnatione.

138 2187 192 2260 lta
210 2189 309 2260 fiunt
326 2187 605 2260 innumerabiles
632 2189 767 2286 species
784 2203 870 2262 ortae
888 2213 932 2260 ex
958 2191 1159 2290 prototypis
1177 2215 1281 2276 no-31

138 2329 231 2390 rem,
240 2303 280 2375 id
295 2317 364 2390 cst,
373 2301 585 2400 'dactylica
597 2303 766 2388 iambico,
779 2304 973 2393 trochaico,
987 2303 1236 2404 'anapaesticm

137 2419 317 2516 paeonic0,
332 2419 663 2516 proceleusmatico,
679 2419 799 2492 ionico
815 2418 874 2492 alal
890 2419 1033 2515 μείζονος,
1046 2420 1164 2494 ionico
1180 2419 1239 2494 dal

139 2535 315 2620 ἐλάσσονος,
330 2532 594 2607 choriambico:
620 2535 676 2608 his
693 2535 889 2630 cadjiciunt
905 2537 1142 2636 antispastum
1160 2537 1240 2608 loco

138 2645 487 2744 ‘'proceleusmatici,
513 2675 671 2746 namque
704 2650 734 2722 is
764 2649 981 2748 anapaestico
1007 2649 1240 2748 ‘plerumque

138 2763 308 2834 subditus
325 2777 422 2836 caret
439 2766 659 2851 auctoritate,
678 2766 842 2838 nonnulli
865 2791 947 2838 eum
975 2765 1011 2838 in
1039 2765 1158 2865 specie
1180 2763 1241 2836 de-

139 2878 234 2950 cima
271 2878 470 2976 recipiunt:
496 2905 649 2976 quorum
680 2881 846 2952 omnium
875 2879 1043 2979 exempla
1071 2879 1175 2978 plura
1201 2878 1240 2951 in

139 2989 262 3064 fversu
287 2992 343 3064 sui
370 2992 543 3090 cujusque
567 2995 670 3068 metri
698 2995 853 3067 breviter
876 3008 918 3068 ut
940 2993 1140 3084 ostendam,
1162 2993 1284 3071 haecs²

139 3119 258 3178 erunt.
312 3105 362 3177 Et
377 3107 517 3201 sprimo
533 3106 727 3207 hdactylici
745 3109 819 3180 sive
837 3108 970 3182 heroici
988 3109 1105 3199 metri,
1123 3123 1175 3200 ut,

242 3247 375 3334 Arma,
391 3250 579 3347 virumque
596 3275 685 3323 cano
700 3247 840 3348 *haja
856 3251 919 3348 qui
928 3249 1075 3347 primus
1091 3249 1137 3324 ab
1153 3251 1239 3324 mis.

139 3385 383 3486 *Anapaestici
402 3391 598 3463 tetrametri
615 3391 825 3481 catalectici,
841 3404 894 3478 ut,
1147 3435 1158 3454 ι
1250 3415 1282 3464 sa

139 3529 599 3632 Aliuscitharusonituque
602 3541 733 3629 potens
742 3530 908 3606 volucres
914 3531 1140 3632 pecudesque
1149 3559 1302 3610 movere.

179 3819 383 3895 tconnexum]
401 3837 540 3878 conexum
554 3821 587 3879 P.
637 3819 719 3878 verit
731 3819 850 3898 syllaba]
867 3817 974 3898 syllaba
986 3823 1040 3880 erit
1054 3821 1089 3880 P.
1138 3833 1161 3865 V
1175 3823 1237 3902 qui·

140 3938 208 4012 hus]
223 3935 286 4014 quis
301 3937 331 3994 P.
414 3937 566 4015 ¹aliquam
581 3938 678 4013 Mam]
694 3915 816 4016 aliqudm
831 3937 915 3996 odem
931 3939 962 3996 P.
1040 3951 1118 4000 taut
1130 3941 1238 4036 epodo]

141 4019 235 4154 {⁹⁰:¹⁰
248 4019 429 4156 Pappa.
442 4021 777 4173 ..tl2322053h“²‘33.‘
790 4019 1238 4162 P'affl‘lhil.⁶³⁰l·¹'⁰⁰l'

141 4187 154 4220 θ
173 4117 326 4258 adfiizhlhl]
344 4118 471 4237 adiciiint
482 4181 513 4236 P.
645 4177 660 4222 ὖ
681 4119 1186 4258 ρτοοεΙΞΞιηαῐὶοἰ]ρρτοοε1ἒιῗ1ιιῗαιῑοίἓὶ
1206 4147 1238 4242 P]

141 4259 552 4338 ‘plerunque-authoritate]
574 4259 948 4337 plerumque—auctoritate
962 4262 992 4319 P.
1115 4261 1236 4340 sversu]

141 4358 234 4397 sersus
248 4340 282 4396 P.
405 4337 580 4416 sprimum]
603 4339 696 4416 primo
709 4341 743 4398 P.
865 4338 1050 4419 ¹²dactylici]
1071 4343 1193 4403 dactilici
1206 4345 1238 4404 P.

140 4417 320 4558 l'Projaqurd
334 4417 442 4498 primus
456 4420 492 4478 ab
506 4419 575 4496 oris]
591 4421 627 4478 T.
642 4441 669 4498 q.
684 4439 712 4500 p.
728 4439 754 4478 a.
768 4440 794 4480 o.
815 4422 849 4479 P.
929 4420 1145 4502 kunapaetici]
1161 4427 1238 4484 Ana·

140 4512 240 4578 penca
280 4542 288 4558 .
