3012 5084
305 415 353 472 ts
686 394 806 468 Marii
826 393 1011 468 Wctorini
1289 417 1366 468 atu.
1381 416 1417 468 1.

304 580 406 654 diurn
430 579 598 652 dentibus
626 579 763 678 superis
790 593 854 668 est,
871 579 995 677 lingua
1021 575 1232 672 “trudente
1257 575 1421 652 diducto

263 717 365 770 1sore
383 695 600 796 personabit.
648 697 699 768 At
718 695 770 768 M
781 695 962 795 impressis
980 694 1136 768 invicem
1155 692 1272 782 labiis,
1290 694 1424 791 mugi-

305 827 384 885 tum
403 809 583 908 quendam
609 810 702 882 intra
728 811 798 882 oris
824 837 974 910 specum
1000 809 1159 882 attractis
1183 809 1329 882 naribus
1346 808 1424 882 da-

307 925 369 999 bit.
421 924 469 998 N
491 951 574 998 vero
609 926 677 997 sub
708 951 870 998 convexo
903 925 1012 1026 palati
1044 924 1168 1023 lingua
1198 925 1419 1012 inhaerente,

305 1042 451 1140 gemino
473 1040 568 1113 naris
585 1053 623 1112 et
639 1039 709 1111 oris
728 1039 855 1139 spiritu
873 1037 1123 1138 explicabitur.
1162 1038 1340 1136 Sequetur
1358 1039 1417 1126 R,

306 1182 388 1254 quae
409 1155 633 1228 ⁰vibratione
650 1155 749 1229 vocis
774 1153 838 1227 Pin
865 1155 986 1254 palato
1012 1155 1145 1252 linguae
1169 1153 1313 1252 fastigio
1338 1152 1419 1226 fra-

264 1297 429 1368 19gorem
447 1271 610 1344 tremulis
628 1269 760 1342 ictibus
777 1269 905 1343 reddit.
957 1269 1105 1342 Dehinc
1123 1267 1206 1342 duae
1233 1294 1418 1367 supremae

307 1385 338 1458 S
352 1398 389 1457 et
406 1385 452 1458 X
457 1385 540 1482 jure
555 1384 765 1483 jungentur,
780 1411 863 1458 nam
883 1385 1002 1459 vicino
1020 1384 1113 1457 inter
1129 1411 1168 1457 se
1184 1398 1338 1458 laonore
1357 1399 1420 1456 at-

307 1515 421 1574 tracto
446 1501 592 1574 sibilant
621 1500 725 1588 rictu,
748 1499 797 1572 ita
820 1515 955 1590 tamen,
982 1499 1010 1572 si
1042 1499 1168 1598 prioris
1195 1499 1288 1573 ictus
1314 1525 1418 1598 pone

306 1617 432 1690 dentes
450 1617 650 1689 rexcitatus
669 1615 713 1688 ad
732 1615 892 1689 medium
912 1615 1003 1688 lenis
1025 1615 1200 1716 agitetur:
1227 1615 1417 1714 sequentis

308 1747 427 1806 autem
454 1759 572 1806 crasso
601 1731 727 1832 spiritu
764 1732 948 1832 hispidum
978 1747 1092 1824 sonet,
1117 1733 1203 1831 'qui
1233 1759 1297 1831 per
1324 1758 1419 1805 con-

301 1847 529 1946 junctionem
558 1873 577 1920 c
602 1861 638 1920 et
662 1873 692 1935 s,
718 1873 871 1945 quarum
899 1861 937 1921 et
964 1849 1085 1922 locum
1117 1848 1244 1943 implet
1273 1864 1309 1919 et
1334 1847 1415 1918 vim

264 2003 295 2038 ιο
308 1962 491 2063 exprimit,
505 1977 547 2036 ut
563 1967 692 2036 ‘sensu
706 1962 845 2036 aurium
862 1962 1049 2052 ducamur,
1062 1963 1227 2038 efficitur.
1262 1963 1296 2036 Z
1312 1961 1416 2058 apud

308 2107 374 2152 nos
400 2079 540 2167 ultima,
562 2079 597 2150 in
622 2105 695 2175 qua
720 2105 793 2150 non
820 2105 929 2151 sonus
954 2079 1081 2152 litterar
1108 2077 1170 2152 sed
1194 2077 1415 2152 vocabulum

308 2209 345 2267 et
370 2193 504 2292 duplex
532 2193 669 2292 syllaba
694 2205 760 2281 est,
778 2191 916 2266 Graecis
944 2207 1099 2282 tantum,
1125 2219 1209 2266 cum
1238 2193 1277 2264 in
1302 2218 1418 2265 usum

308 2309 481 2395 venerint,
499 2321 582 2406 apta
600 2307 760 2398 vocibus,
776 2322 818 2382 ut
833 2335 861 2407 y
877 2309 1039 2409 superius
1056 2321 1202 2408 propter
1224 2309 1419 2408 peregrina

308 2423 483 2496 vocabula
502 2423 726 2521 recipiemus.

310 2625 414 2704 Can.
429 2622 521 2703 Vll.
565 2625 630 2706 De
646 2625 906 2732 Syllabarum
921 2638 1070 2705 notura
1081 2639 1120 2707 et
1138 2625 1416 2706 ‘conueniens

360 2771 431 2846 Sed
451 2787 492 2844 ut
514 2771 558 2844 ad
581 2771 804 2872 propositum
829 2772 934 2845 nobis
960 2773 1116 2863 redeam,
1131 2773 1293 2846 discussa
1317 2772 1419 2845 litte-
1498 2829 1499 2832 ,

311 2915 428 2962 rarum
456 2903 531 2962 tam
558 2889 807 2962 enuntiatione
836 2915 946 2984 quam
979 2903 1167 2987 potestate,
1193 2888 1318 2985 bquod
1349 2915 1418 2962 cu-

313 3011 412 3082 mulo
442 3006 662 3106 plenissimus
695 3005 906 3079 eruditionis
941 3019 1065 3104 aptum
1100 3029 1142 3076 ac
1172 3002 1417 3076 necessarium

312 3124 490 3220 praeterire
515 3120 709 3193 absurdum
729 3121 832 3210 foret,
850 3146 1071 3217 consequens
1097 3118 1165 3191 erit
1187 3118 1233 3192 de
1261 3119 1420 3218 syllaba-

285 3263 393 3310 arum
415 3247 602 3310 naturast
625 3235 850 3308 connexione
875 3247 1037 3306 tractare.
1088 3231 1187 3304 Nam
1212 3231 1293 3306 ideo
1318 3231 1420 3306 dicta

313 3365 368 3422 est
385 3351 535 3450 syllaba,
552 3348 648 3446 quod
677 3377 696 3420 a
715 3351 910 3436 vocalibus,
947 3350 1005 3422 ine
1030 3348 1154 3446 cqueis
1175 3347 1301 3422 eadem
1320 3349 1420 3422 coire

313 3491 385 3538 non
413 3477 543 3564 potest,
569 3462 714 3560 reliquse
740 3463 876 3538 litterse‘
977 3463 1068 3537 fides
1097 3463 1215 3536 Graeci
1240 3463 1419 3536 sermonis

314 3581 476 3678 indicat)
500 3376 1146 3794 11οοῐιιρτοὴοῐιάιηῖῷὶεεῑ,παιρὲι
1170 3578 1205 3653 τὸ
1223 3582 1419 3674 συλλαμβά·

286 3733 369 3788 ,sees
384 3701 426 3773 τὸ
441 3701 622 3797 γράμματα.
650 3697 812 3778 Quarum
833 3695 875 3768 tri
914 3695 1008 3768 'rtita
1025 3695 1161 3794 species
1174 3708 1240 3784 est,
1258 3720 1419 3792 namque

355 3933 372 3964 ¹¹
387 3921 530 3994 trudente]
549 3917 695 3977 trudentes
709 3919 742 3976 P.
833 3927 849 3959 ⁰
862 3916 1033 3993 vibratione]
1051 3918 1158 3978 vibrato
1173 3919 1208 3976 P.
1292 3930 1307 3974 Ρ
1323 3918 1353 3976 in
1368 3939 1419 3997 pa-

315 4003 373 4060 lato
389 4002 406 4059 l.
422 3999 549 4078 fastigio]
567 3997 691 4076 palatum
707 3998 726 4054 l.
743 3995 852 4074 fastigia
866 3998 898 4056 P.
985 4009 1001 4052 q
1015 4019 1087 4057 sono
1098 3999 1232 4073 attracto]
1255 4017 1359 4056 sonore
1373 4013 1418 4058 at·

317 4095 406 4139 tractu
423 4083 453 4138 P.
546 4077 702 4152 rescituri]
720 4076 857 4136 excitatus
872 4079 904 4136 P.
998 4078 1086 4156 ⁸qui]
1103 4100 1166 4155 quae
1181 4081 1213 4137 P.
1305 4079 1419 4138 tsensu

317 4183 341 4219 a.
354 4159 503 4232 ducamur]
519 4159 812 4216 sensum-ducemur
826 4159 856 4214 P.
977 4167 992 4200 ⁸
1006 4159 1197 4234 connexione]
1213 4157 1370 4220 conexione
1385 4161 1417 4220 P.

316 4255 346 4298 et
360 4241 400 4298 sic
414 4240 495 4297 infra.
577 4237 695 4316 bquod]
715 4257 770 4312 que
786 4237 816 4293 P.
905 4245 917 4271 ⁰
931 4237 1047 4314 quibus]
1067 4237 1130 4316 quis
1143 4241 1174 4296 P.
1256 4235 1418 4318 ‘lcumpre-

319 4321 488 4394 bendantur]
507 4317 752 4397 conrpheudantur
765 4318 795 4374 P.

523 4513 568 4553 22.
582 4494 669 4569 lenis]
687 4515 709 4554 s.
725 4496 790 4552 leuia
803 4481 921 4553 'Saulem
933 4495 1001 4554 Ter.
1016 4495 1109 4553 Maur.
1123 4516 1151 4574 p.
1163 4497 1213 4571 38.
