2980 5142
272 351 346 414 448
726 337 921 412 Diomedis
1239 360 1323 410 uu.
1340 357 1399 408 ιιι.

272 535 311 598 ci
335 521 431 596 follis
460 547 545 596 cum
573 521 743 596 omnium
771 521 997 622 leguminum
1026 546 1182 620 genem
1211 521 1338 594 inerat
1364 535 1400 590 at

272 663 403 712 corona
422 637 594 738 incapite
614 651 652 711 ct
677 637 714 712 in
741 663 853 710 manu
879 635 1014 736 pedum
1038 637 1252 720 clavatum
1281 651 1399 734 atquc

273 755 324 830 ita
340 755 517 828 victorum
537 753 703 828 omnium
722 755 817 828 foras
835 752 1033 826 multitudo
1050 751 1301 838 ¹circumibat,
1315 781 1397 826 car-

273 895 357 944 men
383 870 420 942 in
450 868 649 958 victoriam,
672 895 782 966 quam
804 867 924 968 adepti
947 869 1101 954 fueram,
1128 870 1332 954 canebant,
1358 885 1396 940 et

272 983 318 1058 de
334 1011 379 1058 co
396 985 482 1058 folla
500 985 629 1060 limina
646 985 809 1084 frugibus
828 986 1056 1086 spargebant.
1090 985 1276 1058 Nonnulli
1295 999 1336 1057 ct
1356 987 1393 1055 in

273 1099 415 1174 ltaliam
435 1115 472 1174 ct
492 1101 529 1176 in
552 1100 710 1200 Lydiam
729 1114 766 1174 et
790 1100 827 1174 iu
855 1099 1086 1200 '‘AEgyptum
1109 1101 1287 1172 transisse
1310 1127 1394 1172 crc-

272 1213 419 1306 duntur,
448 1241 539 1314 quos
572 1215 765 1314 Lydiastas
795 1231 832 1290 at
861 1217 1067 1292 Bucolistas
1094 1216 1391 1314 appellaverunt.

144 1407 154 1426 ,
273 1331 506 1428 Quamquam
525 1347 580 1404 cst
596 1345 633 1404 ct
651 1331 719 1404 alia
736 1331 871 1431 opinio,
888 1330 1038 1406 ¹circum
1062 1357 1173 1430 pagos
1191 1343 1229 1403 et
1246 1329 1390 1429 oppida

273 1447 398 1522 solitos
417 1445 524 1520 hiissc
544 1459 703 1546 pastores
721 1447 924 1547 composito
939 1461 1079 1520 mcantu
1105 1447 1243 1545 precari
1276 1473 1391 1544 peco-

274 1587 353 1636 rum
374 1575 437 1635 ”ac
455 1560 599 1660 frugum
618 1562 858 1660 omniumque
883 1587 1001 1634 rcrum
1020 1575 1253 1661 proventum,
1272 1579 1388 1656 atquc

273 1675 357 1750 inde
375 1676 411 1749 in
431 1675 528 1750 hunc
545 1675 643 1750 diem
670 1703 815 1752 mancis
842 1703 975 1752 nomen
992 1691 1030 1750 et
1050 1677 1159 1750 utiam
1179 1676 1386 1748 Bucolico-

273 1819 365 1866 rum.
418 1793 553 1866 Putant
570 1805 691 1866 autem
709 1792 855 1891 quidam
883 1793 951 1866 hoc
977 1818 1090 1890 genua
1107 1790 1282 1863 carminis
1309 1791 1384 1890 pri-

272 1933 374 1980 mum
402 1905 593 2006 Daphnim
620 1907 876 2006 composuisse,
892 1907 1024 1982 deinde
1046 1907 1132 1980 alios
1155 1906 1382 2004 complures,

271 2021 365 2094 intcr
393 2047 485 2120 quos
513 2021 750 2096 Theocritum
781 2023 1060 2122 Syracusanum,
1090 2035 1220 2118 ⁰qucm
1255 2037 1381 2096 noster

273 2137 446 2210 imitatur.

232 2290 262 2326 to
321 2251 514 2351 Tragoedia
537 2267 592 2324 cst
620 2251 771 2326 heroicae
797 2253 949 2328 fortuna
975 2253 1011 2326 in
1038 2251 1192 2326 adversis
1211 2279 1378 2352 compre-

275 2367 411 2442 hensio.
462 2369 496 2442 A
513 2367 765 2468 Theophrasto
782 2369 833 2442 ita
855 2367 1005 2444 delinita
1023 2382 1097 2442 est:
1123 2368 1305 2466 tragoedia
1323 2385 1376 2441 cst

273 2487 418 2582 Ρῆρωῖκῆς
434 2484 532 2580 τύχης
547 2485 741 2581 aspiranum.
766 2485 971 2584 Ttngoedla,
988 2499 1029 2558 ut
1041 2483 1200 2582 quidam,
1213 2512 1236 2558 a
1249 2492 1376 2584 lrpciyp

273 2613 310 2672 ct
326 2599 386 2700 §ij
402 2599 497 2674 dicta
514 2615 579 2689 est,
595 2599 765 2698 quoniam
784 2600 872 2672 olim
891 2601 1071 2676 actoribus
1089 2600 1233 2700 tragicis
1252 2606 1374 2699 τράγος,

274 2713 382 2788 idest
401 2715 532 2806 hircus,
546 2715 734 2814 praemium
754 2730 881 2790 casatus
895 2719 1174 2816 proponebatur,
1184 2717 1247 2814 qui
1265 2716 1374 2790 Libe-

274 2830 419 2918 ralibus,
431 2829 489 2904 die
506 2829 598 2904 festo
610 2831 744 2904 Libero
761 2831 866 2930 patri,
877 2833 925 2904 ob
944 2832 1013 2904 hoc
1026 2832 1145 2932 ipsum
1162 2833 1374 2906 immolaba-

274 2959 344 3036 tur,
361 2947 457 3045 quia,
474 2962 513 3022 ut
530 2948 662 3022 ‘varro
678 2947 740 3034 ait,
757 2949 957 3050 depascunt
973 2948 1096 3024 vitem.
1130 2949 1179 3022 Et
1198 2949 1371 3024 Horatius

274 3062 311 3136 in
329 3063 419 3138 Arte
435 3065 587 3165 poetica,

276 3367 343 3426 Α.Β.
366 3369 484 3426 mnium
494 3367 634 3442 feretrum
654 3369 800 3442 mauginam
821 3358 973 3444 complexus
999 3365 1040 3441 (in
1063 3387 1151 3448 marg.
1174 3371 1203 3425 in
1228 3371 1366 3443 hnoginem

275 3449 375 3505 ueratri
391 3455 461 3520 puto
474 3449 630 3522 dicendum)
649 3458 676 3506 et
696 3457 727 3506 ut
746 3447 788 3520 (in
810 3469 899 3528 marg.
914 3451 988 3523 uter)
1010 3469 1071 3506 cum
1091 3453 1154 3507 aino
1173 3457 1201 3506 ct
1212 3451 1296 3526 follia
1310 3469 1366 3507 cun

275 3529 394 3584 omnium
408 3527 573 3598 leguminum
593 3549 692 3602 genere
705 3531 740 3588 C.
752 3529 882 3606 sesamis
898 3533 1032 3605 imagines
1051 3533 1224 3604 amphiarai
1245 3538 1305 3587 uter
1318 3551 1365 3588 ms.

275 3605 349 3685 apud
371 3605 537 3684 Scioppium
552 3608 632 3666 loct.
650 3612 733 3689 Snsp.
748 3611 785 3668 V.
805 3628 850 3668 ra.
870 3631 897 3688 p.
915 3613 982 3679 267.
1001 3609 1049 3688 quai
1070 3630 1137 3670 mox
1154 3610 1231 3669 delet
1243 3629 1283 3667 ao.
1302 3593 1365 3670 Pul.

275 3686 369 3747 schius
390 3687 468 3746 (ladit
481 3696 507 3745 et
525 3693 718 3750 corona-Et
738 3695 858 3766 maugina
878 3693 1030 3766 complosus
1048 3701 1075 3749 et
1095 3711 1156 3750 cnm
1175 3697 1239 3749 uino
1252 3699 1279 3749 at
1291 3692 1366 3768 soliis

275 3774 395 3829 omnium
410 3771 575 3844 leguminum
594 3787 693 3844 gestare
706 3773 781 3831 Van.
904 3769 1051 3830 lcarmina
1064 3771 1208 3838 circuibat,
1225 3771 1365 3831 sictonam

276 3853 376 3928 quam]
400 3853 558 3910 orcumihct
574 3871 683 3910 curnem
701 3855 729 3910 in
750 3855 893 3911 uictoriam
914 3871 996 3928 quum
1014 3854 1050 3910 A.
1083 3854 1243 3911 circumibat
1264 3872 1364 3911 cannen

277 3933 312 3990 Β.
334 3954 442 3993 canaan
457 3934 630 3992 circuibatC.
651 3935 784 3991 cirmihut
797 3953 827 3990 sn
840 3953 948 3992 cannen
963 3933 1089 4010 Scioppii
1104 3953 1156 3992 ms.
1178 3953 1287 3992 carmen
1298 3935 1365 3992 Vsu.

276 4007 480 4094 RAEgyptum]
499 4017 526 4072 in
540 4015 696 4090 AEgyptum
710 4015 779 4074 ihc.
884 4013 893 4058 ¹
906 4014 1012 4074 circum
1027 4015 1128 4094 pagos]
1143 4019 1217 4072 circu
1234 4018 1321 4090 pudor
1335 4015 1365 4072 B.

276 4101 300 4134 Ν
314 4095 451 4170 carmine]
467 4105 549 4155 contu
567 4097 668 4154 ΑΕΒ.
791 4105 807 4136 ¹¹
820 4107 850 4154 et
863 4095 976 4174 hugum
990 4095 1188 4172 omniumque]
1207 4115 1240 4154 uc
1252 4096 1365 4170 frugum

275 4171 468 4250 hominumque
480 4177 552 4236 Α.Β.
574 4197 607 4235 ac
618 4177 737 4254 frugum
758 4179 929 4251 omniumque
946 4185 1108 4252 proventum
1128 4185 1211 4251 utque
1224 4179 1258 4234 C.
1281 4195 1365 4234 rerum

274 4269 332 4306 oni.
346 4253 421 4311 Van.
523 4267 539 4300 0
552 4277 637 4334 quam
653 4257 760 4330 noster]
777 4275 854 4330 quun
869 4265 990 4315 nostrum
1004 4255 1041 4314 B.
1144 4259 1270 4332 Ρὴρυικῆς
1282 4257 1362 4331 rim]

274 4331 386 4386 unicas
406 4335 516 4408 thynius
529 4339 603 4397 ΑΒ.
725 4346 741 4390 <t
755 4334 859 4394 dicitur
872 4357 888 4394 a
901 4343 990 4413 τράγος
1001 4349 1031 4395 et
1044 4339 1091 4406 ahl,
1104 4336 1191 4410 dicta]
1213 4357 1232 4393 n
1247 4345 1363 4412 irugoeto

273 4411 380 4467 dedum
395 4421 434 4470 est
448 4417 482 4472 A.
504 4419 578 4474 dicto
591 4426 631 4476 cat
645 4417 679 4476 C.
766 4424 824 4472 rut
837 4415 879 4476 sit
892 4419 996 4492 Varro]
1014 4426 1047 4477 ut
1064 4419 1151 4476 Varro
1164 4420 1205 4475 ait
1219 4417 1327 4477 A.B.C.
