3076 5140
301 417 372 477 218
676 403 797 478 Marii
816 405 996 478 Victorini
1252 429 1326 479 ara.
1345 431 1403 480 ιν.

302 587 425 660 tiando
442 587 554 660 denso
572 613 634 661 seu
652 589 741 662 'leni
761 590 955 689 spiramine
973 589 1152 678 extulerit,
1168 591 1228 686 qui
1248 567 1401 688 longum

303 718 446 803 tempus
472 718 534 775 aut
553 704 658 776 breve
684 705 719 776 in
744 705 946 778 elocutione
963 706 1061 778 vocis
1087 717 1217 776 nostrae
1235 719 1404 804 captave-

275 817 372 890 stit?
400 819 513 901 ‘Quae
540 818 601 914 qui
631 820 736 892 anxie
768 820 856 893 scire
889 819 1102 908 desiderant,
1128 819 1252 892 dicant
1279 819 1403 908 velim,

303 933 383 1030 quis
414 933 517 1005 nobis
548 933 583 1005 in
614 935 731 1006 lucem
761 935 866 1008 editis
897 935 1061 1032 ”gestire
1091 948 1241 1032 reptare,
1276 934 1403 1023 ridere,

303 1047 399 1146 quod
423 1048 628 1148 cproprium
656 1049 794 1123 homini
817 1063 959 1123 tanturn
979 1063 1044 1138 est,
1059 1050 1140 1146 quis
1166 1049 1401 1124 datimoniam

303 1164 405 1236 lactis
424 1163 513 1236 rictu
530 1165 600 1236 oris
618 1179 798 1264 appetere,
813 1165 894 1263 quis
917 1191 1045 1238 sonum
1065 1165 1222 1238 confusae
1240 1166 1335 1238 vocis
1362 1167 1401 1238 in

304 1282 411 1354 verba
439 1279 626 1366 deducere,
653 1307 715 1354 seu
743 1309 807 1380 pro
833 1295 928 1354 statu
955 1306 1039 1378 erga
1065 1283 1261 1353 sementis
1291 1295 1402 1378 atque

304 1398 414 1472 animi
433 1424 530 1471 nune
548 1398 671 1470 fletum
692 1425 733 1471 ac
756 1423 959 1485 moerorem,
975 1423 1073 1468 nunc
1098 1397 1316 1470 alacritatem
1342 1397 1403 1470 lae-

276 1515 504 1611 stitiamque,
538 1513 725 1612 concipere
760 1526 883 1586 auctor
915 1511 1135 1584 ostenderit?
1174 1513 1271 1585 Nam
1302 1513 1403 1585 ‘haec

303 1659 448 1729 quoque
477 1630 778 1703 sciscitationibus
805 1626 1001 1700 eorundem
1029 1626 1130 1726 parili
1158 1627 1402 1725 propositione

303 1757 541 1819 consentanea
558 1757 760 1816 occurrunt.
804 1741 945 1824 Quibus
963 1756 1084 1814 tamen
1100 1741 1167 1814 fsic
1184 1742 1404 1841 responden·

303 1863 390 1935 dum
418 1875 483 1948 est,
510 1860 706 1932 naturalem
738 1857 840 1930 nobis
871 1858 964 1930 hanc
988 1858 1162 1930 musicam
1190 1857 1285 1930 haud
1315 1858 1401 1930 alias

303 2001 412 2074 quam
428 1975 574 2048 affectus
592 1975 715 2048 animo
732 1973 944 2072 corporique
963 1988 1082 2046 motus
1100 1975 1263 2058 existere,
1281 1986 1402 2046 tearu-

303 2117 374 2188 que
400 2103 547 2188 parente
573 2102 699 2162 natura
725 2090 833 2162 simul
858 2115 942 2162 cum
972 2089 1052 2162 luce
1078 2089 1160 2163 vitae
1187 2087 1402 2187 hsensuique

303 2205 484 2294 traditam,
514 2231 671 2302 cumque
702 2205 780 2304 ipso
817 2205 963 2277 bomine
997 2203 1130 2276 editam
1166 2219 1402 2299 exortamque

303 2323 499 2392 coalescere
524 2345 569 2392 ex
591 2320 646 2392 his
672 2347 752 2417 quae
778 2321 815 2392 in
841 2333 1013 2418 promptu
1038 2319 1153 2417 posita
1177 2333 1271 2406 sunt,
1296 2318 1402 2392 facile

276 2435 475 2534 sintellegi.
527 2433 697 2532 Namque
722 2448 765 2508 ut
784 2433 945 2534 opinioni
973 2447 1101 2507 nostrae
1118 2434 1227 2508 etiam
1254 2435 1322 2506 sub
1339 2459 1403 2506 ex-

303 2551 432 2650 emplis
458 2549 670 2648 respondeat
688 2551 788 2640 tides,
806 2575 927 2622 nonne
944 2547 1061 2622 ¹muta
1077 2549 1239 2622 videmus
1265 2549 1402 2622 anima-

303 2666 352 2740 lia
378 2693 464 2739 mox
490 2681 530 2738 ut
558 2665 645 2738 lucis
670 2691 813 2738 usuram
842 2664 1037 2752 hauserint,
1060 2679 1166 2763 prout
1191 2677 1317 2736 natura
1345 2663 1401 2735 sui

303 2785 435 2882 cuique
452 2796 517 2868 est,
535 2782 603 2855 alia
619 2807 818 2880 pennarum
838 2780 1035 2853 vibratione
1052 2779 1206 2852 sublime
1229 2779 1316 2852 a'e'ris
1339 2806 1403 2878 pe-

303 2913 389 2988 tere,
416 2898 577 2971 eliasub
604 2896 739 2994 kaquas
766 2896 911 2970 natandi
938 2909 1059 2968 meatu
1084 2895 1180 2969 varie
1208 2895 1403 2993 pervagari,

304 3013 382 3087 haec
407 3040 472 3112 per
494 3027 625 3085 terram
650 3012 751 3084 tardo
774 3013 925 3096 incessu,
943 3013 1003 3084 illa
1027 3012 1063 3083 in
1084 3012 1213 3084 saltum
1239 3037 1402 3084 cursum-

303 3155 376 3227 que
407 3128 616 3227 procedere:
654 3153 720 3200 nec
746 3129 867 3200 minus
897 3127 940 3201 ad
974 3128 1181 3200 alimoniam
1214 3127 1307 3215 vitae,
1334 3128 1403 3200 alia

304 3244 429 3317 matris
449 3245 567 3328 ubera,
584 3269 671 3315 mox
691 3253 730 3315 ut
747 3242 951 3315 elambente
973 3241 1097 3313 matris
1123 3241 1245 3338 lingua
1262 3241 1403 3313 detersa

305 3359 388 3445 sint,
405 3358 496 3429 rictu
514 3359 584 3429 oris
602 3355 798 3443 adtrahere,
813 3358 890 3430 haec
903 3357 1108 3444 visceribus,
1123 3357 1184 3429 illa
1203 3357 1322 3430 herbis
1341 3357 1402 3446 ali,

276 3469 469 3570 squaedam
488 3470 650 3567 frugibus
668 3484 730 3542 aut
747 3471 865 3568 pomis
883 3473 1051 3544 arborum
1068 3471 1244 3544 ¹enutriri.
1291 3472 1403 3546 Unde

303 3587 429 3687 procul
446 3585 558 3657 dubio
575 3583 733 3680 intellegi
756 3584 861 3659 datur
881 3586 1029 3684 adaeque
1046 3587 1149 3660 nobis
1175 3603 1323 3687 parente
1345 3616 1405 3661 ea-

304 3701 386 3774 dem
405 3713 479 3772 tam
499 3698 542 3770 ad
561 3697 814 3795 rhythmorum
833 3703 1119 3799 conceptionem,
1136 3729 1244 3800 quam
1264 3703 1307 3776 ad
1329 3729 1404 3776 me-

305 3831 440 3890 trorum
460 3839 628 3887 numeros
643 3839 684 3886 ac
698 3827 801 3886 tonos
815 3818 973 3905 musicae,
986 3815 1048 3890 sed
1062 3831 1098 3890 et
1111 3831 1296 3892 momenta
1310 3831 1405 3891 tem-

305 3959 432 4034 porum
453 3932 488 4003 in
507 3931 753 4004 enuntiatione
770 3958 913 4022 vocum,
930 3931 1078 4028 insitum
1100 3932 1244 4031 ingenio
1262 3959 1304 4006 ac
1321 3961 1404 4006 sen-

305 4049 404 4122 sibus
430 4045 603 4130 studium‚
630 4073 702 4118 non
732 4047 895 4120 doctrina
922 4046 984 4119 sed
1010 4061 1136 4120 natura
1164 4048 1334 4120 haustum
1362 4075 1404 4121 ac

345 4283 359 4315 ¹
374 4269 444 4344 leni]
461 4268 515 4328 leri
529 4271 559 4327 P.
643 4280 659 4313 ⁸
672 4271 790 4346 Qurelq
807 4273 837 4328 P.
920 4269 1071 4350 bgestare]
1087 4273 1190 4350 gestire
1203 4273 1234 4328 P.
1310 4282 1404 4350 ορτο-

304 4351 411 4432 prium]
428 4352 550 4427 primurn
566 4351 596 4408 P.
688 4349 703 4395 d
718 4349 897 4426 alimoniam]
912 4351 1047 4410 alimonia
1062 4353 1092 4408 P.
1184 4363 1198 4395 θ
1213 4352 1286 4425 haec]
1302 4351 1357 4409 hoe
1371 4353 1403 4410 P.

303 4431 382 4508 laic]
398 4433 422 4492 si
438 4433 468 4488 P.
581 4441 598 4486 ε
611 4433 742 4508 eamque]
759 4451 847 4510 eaque
861 4433 892 4488 P.
1005 4429 1021 4474 h
1036 4429 1200 4508 sensuique]
1215 4451 1356 4508 sensuque
1370 4433 1402 4491 P.

303 4511 311 4552 ⁵
328 4513 429 4587 multa]
447 4523 524 4568 muta
538 4511 569 4568 P.
652 4509 781 4587 ¹nequas]
797 4513 877 4589 aquis
891 4511 922 4568 Ρ.
1004 4509 1013 4554 ¹
1026 4511 1157 4585 enutriri]
1175 4511 1275 4568 nutriri
1290 4513 1322 4569 P.
