2980 5142
79 409 259 472 canae.
503 399 566 474 De
582 403 811 499 anapaestico.
1123 418 1193 478 481

141 581 235 656 Hoc
251 593 372 654 autem
394 595 547 655 metrum
568 585 613 656 ab
631 584 815 659 'iambico
831 585 952 676 distat,
964 587 1062 685 quod
1080 586 1116 660 in
1135 588 1224 666 ill0²

76 697 316 770 combinatis
336 711 360 744 w
371 696 536 796 pedibus,
553 696 589 770 id
616 711 672 771 est
689 699 840 798 singulis
856 701 1198 790 combinationibur,

76 812 320 913 praeponitur
337 811 491 911 quilibet
516 839 580 913 pes
603 812 649 886 de
674 841 781 913 supra
803 816 1010 889 memoratis
1036 817 1198 914 quinque

78 925 262 1026 pedibus,
288 941 325 1000 et
350 927 581 1026 subjungitur
606 955 699 1002 unus
726 927 771 1002 de
797 929 911 1004 tribus
938 931 1001 1029 qui
1029 957 1074 1004 ex
1099 932 1196 1004 brevi

81 1055 287 1116 constant:
319 1041 355 1116 in
382 1041 565 1116 trochaico
592 1069 674 1116 vero
691 1069 792 1118 versa
808 1045 886 1120 vice
910 1045 1036 1145 primae
1062 1049 1199 1121 combi-

83 1159 235 1232 nationi
254 1159 474 1258 praeponitur
492 1185 584 1232 unus
601 1158 646 1232 de
668 1159 796 1249 tribus,
812 1174 849 1233 et
866 1160 952 1234 item
971 1163 1200 1262 subjungitur

84 1274 252 1371 quilibet
268 1273 313 1348 de
330 1273 490 1373 quinque
507 1275 670 1374 pedibus.

313 1519 405 1595 Cae.
421 1521 612 1595 XXVIII.
647 1520 712 1593 Da
727 1547 982 1598 uuurmsrrco.

147 1669 420 1768 Anapaesticum
446 1685 601 1744 metrum
621 1684 685 1757 est,
703 1669 800 1769 quod
820 1685 881 1744 aut
899 1671 998 1744 ¹s0lo
1016 1670 1095 1770 ipso
1117 1697 1201 1744 ana·

91 1797 216 1882 paesto
233 1798 384 1871 constat,
402 1798 419 1846 I
425 1798 487 1859 aut
510 1785 689 1881 adjunctis
712 1811 794 1858 cum
823 1811 879 1876 e0,
896 1799 1004 1884 prout
1021 1786 1093 1858 fors
1111 1788 1203 1859 tule-

93 1899 156 1984 rit,
175 1899 346 1998 spondeo,
363 1901 574 1992 'tribracho,
592 1901 747 2001 dactylo.
799 1899 871 1974 Sed
895 1901 1082 2000 dactylum
1111 1930 1203 1976 nun-

96 2039 212 2112 quam
237 2015 395 2116 ‘recipit
421 2016 489 2090 nisi
519 2017 554 2089 in
583 2015 718 2089 dextris
746 2015 911 2116 pedibus,
938 2016 992 2090 vel
1019 2043 1203 2114 quemque

96 2155 146 2200 ex
172 2128 244 2202 illis
270 2130 360 2203 aliis.
411 2131 456 2204 In
483 2130 634 2204 sinistris
661 2157 745 2205 vero
774 2133 974 2230 quemlibet
1003 2158 1048 2205 ex
1076 2133 1202 2221 tribus,

6 2241 7 2244 ’
98 2257 209 2342 prout
232 2271 287 2318 res
314 2245 483 2344 exegerit,
501 2261 603 2320 extra
625 2245 824 2346 dactylum,
842 2246 1057 2347 spondeum,
1075 2248 1203 2320 tribra-

100 2357 226 2449 chum,
243 2373 477 2458 anapoestum.
531 2361 616 2434 Hoc
633 2377 790 2436 metrum
808 2363 987 2436 catalexin
1002 2363 1100 2452 facit,
1117 2364 1202 2438 l’aut

7 2473 8 2478 ’
101 2472 222 2546 ionico
248 2473 306 2546 aivi
333 2475 477 2570 μείζονος,
507 2491 569 2549 aut
594 2476 652 2549 ἀπὸ
679 2479 852 2565 ἐλάσσονος,
879 2493 941 2551 aut
969 2479 1005 2550 in
1034 2477 1203 2569 molosso,

103 2588 225 2661 autin
250 2614 377 2687 poeone
394 2607 533 2688 quarto,
551 2607 613 2664 aut
637 2593 672 2664 in
698 2593 918 2666 choriambo.
969 2592 1069 2665 Scire
1095 2592 1204 2666 debe-

105 2730 185 2778 mus
213 2719 290 2780 tum
309 2706 459 2781 demum
479 2707 514 2780 in
534 2708 665 2782 ultimo
681 2707 925 2806 ⁰trisyllabum
951 2706 1020 2780 lroc
1044 2721 1201 2781 metrum

104 2819 304 2911 admittere,
321 2849 405 2896 eum
422 2823 459 2896 in
478 2823 681 2924 penultimo
698 2823 778 2896 loco
795 2821 1019 2922 depondeum
1039 2821 1159 2894 habet.

154 2935 246 3010 οΑΙίἱ
277 2936 322 3010 de
348 2937 475 3012 eodem
504 2938 574 3010 sio:
611 2939 867 3039 anapoesticum
898 2951 1051 3010 metrum
1075 2937 1230 3036 recipite

106 3051 212 3151 pedes
242 3068 423 3152 quattuor,
447 3053 645 3153 dactylum,
672 3054 885 3154 spondeum,
911 3047 1203 3150 proceleusmati-

83 3371 87 3380 .
146 3329 162 3362 V
174 3318 309 3396 iambico]
326 3323 416 3378 iambo
430 3322 502 3380 Α.Β.
604 3331 626 3362 V
641 3320 761 3398 pedibus
775 3320 954 3413 subjungitur
969 3339 1041 3377 uuus
1051 3319 1087 3377 de
1102 3318 1201 3386 tribus,

109 3399 199 3478 quiex
214 3400 291 3459 brevi
305 3415 447 3469 constant,
462 3403 492 3458 in
512 3401 567 3460 hoc
585 3413 679 3459 autem
700 3401 879 3479 subjungitur
892 3399 1011 3477 quilibet
1025 3400 1061 3458 de
1076 3398 1203 3476 quinque

109 3479 236 3558 pedibus]
261 3482 374 3556 pedibus
393 3484 421 3538 id
443 3483 617 3556 astringatis
638 3482 880 3539 combinatiouilrus
899 3483 1069 3556 preponitur
1090 3481 1203 3555 quilibet

108 3579 153 3636 pes
165 3563 197 3618 de
210 3580 294 3636 supro
308 3565 464 3620 nemoralis
477 3565 594 3637 quiaque
610 3563 724 3637 pedibus
737 3571 764 3619 et
777 3561 953 3636 mlu'ungitur
973 3581 1044 3618 unua
1063 3563 1097 3618 de
1117 3562 1203 3619 tribua

111 3644 199 3716 quiea
213 3643 286 3700 breui
306 3651 433 3700 coustant
451 3643 480 3700 ut
497 3645 539 3716 (la
553 3643 602 3713 B.)
620 3643 757 3700 trochaico
770 3661 834 3700 aero
847 3661 926 3700 uersa
938 3645 996 3700 uice
1010 3645 1088 3698 triac
1101 3642 1202 3698 cumbi.

111 3724 211 3778 autimi
228 3721 362 3796 §ponitur
377 3725 560 3798 (componitur
573 3723 624 3796 Β.)
648 3741 719 3781 uuus
736 3725 771 3781 de
792 3724 879 3780 tribus
899 3731 926 3779 et
944 3725 1009 3780 item
1029 3721 1203 3794 subjungitur

113 3803 217 3876 qaidbet
231 3805 264 3859 de
277 3805 394 3878 quiaque
406 3805 520 3878 pedibus
533 3804 605 3861 ΑΒ.
664 3813 680 3846 ¹
694 3803 755 3880 ipso
768 3803 843 3877 solo]
859 3805 981 3877 soliipso
995 3803 1066 3858 Am.
1123 3801 1202 3857 iad.

110 3881 222 3959 junctis]
241 3891 293 3940 aut
305 3883 442 3956 adjunctis
456 3884 525 3941 ΑΒ.
597 3894 612 3925 ¹
627 3883 780 3961 tribracby]
797 3885 945 3940 tribraclio
960 3884 993 3940 Α.
1072 3891 1088 3922 ⁸
1101 3878 1202 3957 recipit

114 3964 140 4018 iu
153 3961 267 4038 dextris]
285 3967 385 4038 recepit
405 3967 457 4022 aiei
478 3968 508 4021 iu
528 3965 647 4022 deuteria
672 3966 788 4035 (dextris
809 3965 858 4036 B.)
881 3964 950 4020 AB.
970 3965 1022 4019 uisi
1043 3960 1112 4017 item
1127 3961 1201 4017 Ven.

113 4037 183 4099 baut
204 4041 233 4099 in
252 4041 346 4101 ionico
368 4047 416 4101 etl
437 4047 554 4116 μείσονος.
576 4056 626 4102 aut
652 4050 695 4101 ἀπ’
716 4048 853 4111 ἐλάττονος,
876 4056 926 4099 aut
946 4041 975 4098 in
998 4041 1130 4107 molosso,
1153 4053 1203 4098 aut

115 4121 203 4199 hippio
212 4136 312 4200 quarto
321 4125 383 4198 aut]
400 4133 450 4182 aut
464 4127 551 4182 iareim
561 4143 615 4199 apo
625 4126 744 4182 mizmoa
757 4132 807 4180 aut
821 4142 875 4197 apo
888 4123 1023 4179 elassonos
1036 4129 1086 4178 aul
1102 4124 1131 4176 iu
1143 4139 1202 4177 mo·

116 4204 176 4259 lario
189 4207 282 4261 autin
294 4223 399 4279 pomae
413 4207 522 4280 (moue
536 4205 584 4278 B.)
601 4211 700 4280 qrmrto
714 4211 763 4260 aut
778 4207 806 4260 ia
820 4203 889 4260 A.B.
985 4211 999 4243 ⁰
1013 4199 1200 4278 trisyllabum]

116 4284 263 4358 trisyllabus
275 4285 310 4342 A.
326 4287 468 4360 trisyllaba
482 4287 556 4342 Ven.
659 4280 674 4326 ἃ
688 4282 846 4360 spondeum
862 4281 904 4341 vel
920 4279 1202 4360 proceleusmaticum

116 4362 248 4438 habuerit]
263 4368 411 4440 spondeum
426 4367 509 4424 habet
521 4364 593 4422 A.B.
609 4366 651 4421 vel
664 4407 671 4420 .
684 4405 691 4420 .
703 4365 829 4420 habuerit
843 4381 901 4420 om.
916 4363 990 4420 Ven.
1111 4371 1125 4404 θ
1140 4379 1202 4420 me·

117 4445 194 4517 trum]
210 4447 270 4502 Alii
283 4447 419 4504 decadem
432 4450 472 4503 aie
485 4447 679 4520 aaapoestieum
689 4451 806 4500 metmm
820 4445 920 4519 recepit
936 4445 1045 4519 (recipit
1060 4442 1108 4518 Β.)
1122 4445 1204 4517 pedes

116 4523 177 4582 Ab.
218 4525 290 4584 Mox
304 4529 445 4584 aeuum
458 4527 558 4585 meruit
572 4525 644 4582 Ven.

620 4631 692 4694 aa
