3082 5140
128 450 221 502 cnr.
241 443 274 501 2.
463 427 528 500 De
545 426 683 500 Mettis
704 427 915 502 Oratorem.
1168 439 1239 516 395

128 623 158 658 ‘⁴
177 613 392 712 plerumque
417 610 572 698 dicebat,
591 610 698 710 idque
718 612 837 712 ipsum
865 637 979 712 genus
996 609 1138 685 dicendi
1166 637 1241 684 ma-

129 738 157 772 “
176 727 277 800 xime
292 727 418 826 probo.
470 726 541 800 Sed
559 753 641 826 quoe
659 727 814 815 incisim,
831 739 895 800 aut
913 726 1142 800 membratim
1169 727 1240 804 ,⁸ef-

132 852 158 886 “
178 842 310 931 ferunt,
328 869 370 916 ea
388 843 443 916 vel
463 841 648 943 aptissime
673 841 819 916 ⁸cadere
843 841 988 928 debent,
1007 855 1048 916 ut
1067 857 1122 916 est
1144 842 1239 944 apud

135 968 159 1004 “
178 985 259 1032 me:
279 959 422 1032 Domus
439 957 506 1031 tihi
523 957 681 1031 deerat?
697 967 738 1032 at
750 957 929 1032 habebas:
942 959 1100 1055 pecunia
1114 985 1242 1057 super-

135 1085 161 1120 “
181 1075 301 1148 ahot?
326 1085 366 1148 ot
395 1075 536 1175 egebas.
580 1073 673 1148 Haec
697 1073 808 1147 incise
829 1073 925 1146 dicta
951 1087 1036 1148 sunt
1061 1089 1240 1172 quattuor.

137 1201 162 1236 “
181 1189 255 1263 bAt
266 1192 495 1263 membratim
513 1215 594 1287 quae
607 1201 806 1288 sequuntur
817 1188 903 1276 duo,
918 1190 1108 1264 incurristi
1119 1217 1243 1265 umens

136 1315 164 1350 “
183 1307 223 1380 in
239 1306 435 1395 columnas,
451 1307 510 1379 ⁰in
532 1305 670 1379 alienos
691 1305 844 1378 insanus
868 1305 1047 1378 insanisti.
1099 1305 1243 1380 Deinde
1257 1336 1287 1370 π

138 1433 164 1466 “
182 1422 306 1495 omnia
323 1436 495 1519 tanquam
515 1420 698 1520 crepidine
719 1419 874 1518 quadam
899 1420 1244 1520 ‘leomprchensione

138 1546 161 1582 ‘⁸
180 1537 330 1636 largiore
346 1536 579 1624 sustinentur,
598 1536 815 1634 depressam,
829 1535 1167 1636 caecam,jacentem
1185 1538 1245 1610 do·

138 1663 164 1696 “
181 1678 289 1741 marn,
302 1651 424 1749 pluris
436 1679 546 1752 quam
564 1661 600 1725 te
616 1651 837 1750 etsortunm
854 1662 938 1726 tuas
949 1653 1147 1728 estimanti.
1175 1653 1244 1728 Di-

140 1779 164 1814 “
182 1768 314 1841 choreo
331 1769 487 1858 efinitur,
504 1767 558 1841 ‘st
575 1767 743 1866 spondeis
768 1768 977 1868 proximum
1004 1771 1104 1845 illud.
1143 1771 1241 1844 Nam

139 1893 162 1927 “
181 1885 248 1973 his,
265 1885 396 1982 quibus
415 1899 456 1958 ut
473 1885 706 1984 pugiunculis
723 1885 776 1958 uti
795 1901 948 1985 oportet,
967 1887 1120 1961 brevitas
1138 1887 1245 1962 faciet

139 2011 164 2044 “
183 2000 285 2098 ripn
302 1999 484 2073 liberiores
502 1999 623 2100 pedes.
662 2000 767 2102 Saepe
784 2002 881 2075 enim
901 2003 1050 2102 singulis
1068 2003 1244 2077 utendum

139 2126 162 2160 “
180 2129 246 2206 est,
262 2117 477 2216 plerumque
496 2117 601 2207 binis,
618 2131 654 2190 et
672 2117 833 2214 utrisque
855 2117 936 2190 addi
962 2145 1043 2217 pars
1060 2119 1162 2217 pedis
1180 2145 1246 2218 po-

140 2244 164 2276 “
182 2245 263 2318 test,
274 2259 349 2304 non
360 2233 434 2305 fere
447 2233 557 2306 ternis
571 2233 739 2332 amplius.
765 2233 938 2306 hIncisim
951 2249 1070 2307 autem
1083 2247 1120 2308 et
1131 2261 1246 2307 mem-

139 2357 162 2392 “
181 2348 311 2421 bratim
330 2347 492 2422 itractata
507 2349 621 2422 oratio
635 2349 670 2421 in
685 2349 775 2422 veris
789 2349 905 2423 causis
923 2350 1122 2450 plurimum
1139 2351 1245 2437 valet,

140 2476 165 2509 ‘⁴
183 2463 415 2562 maximeque
433 2463 501 2537 tiis
516 2465 603 2538 locis
617 2491 702 2538 cum
717 2479 779 2538 aut
792 2491 930 2562 arguas,
943 2479 1005 2538 aut
1021 2466 1180 2538 refellas:
1206 2479 1246 2540 ut

140 2590 166 2624 “
185 2605 250 2652 nos
263 2579 302 2652 in
316 2579 532 2654 Corneliana
549 2580 718 2670 secunda,
735 2579 770 2653 0
786 2579 937 2654 callidos
950 2581 1118 2667 homines,
1133 2607 1154 2653 o
1167 2607 1245 2655 rem

141 2710 164 2742 “
182 2696 434 2796 excogitatam,
446 2723 466 2769 ο
480 2697 627 2797 ingenia
645 2697 848 2786 metuenda,
866 2695 1096 2770 membratim
1116 2695 1246 2785 adbuc,

141 2822 165 2856 “
183 2811 329 2885 ¹deinde
346 2813 466 2886 coesim
485 2813 655 2886 diximus.
696 2813 834 2885 Rursus
854 2813 1097 2898 membratim,
1122 2813 1247 2886 Testes
1262 2853 1290 2900 ῃ

140 2937 163 2972 “
182 2927 272 3000 dare
287 2925 462 3001 volumus.
509 2928 683 3002 Extrema
702 2927 864 3024 sequitur
879 2929 1165 3027 comprehensio,
1183 2929 1246 3002 scd

145 3055 168 3124 ‘f
185 3069 231 3116 ex
256 3042 398 3116 duobus
427 3044 599 3118 membris
630 3069 702 3142 qua
736 3070 808 3115 non
837 3058 956 3142 potest
985 3071 1062 3118 esse
1096 3045 1246 3134 brevior,

142 3168 165 3202 “
190 3158 308 3236 Quem
325 3169 476 3256 mquceso
493 3167 657 3232 nostrum
674 3169 728 3204 Μ
721 3155 882 3258 fefellit,
899 3159 954 3234 ita
973 3173 1060 3234 nvos
1076 3159 1247 3260 essefac-

144 3285 167 3316 ‘⁶
186 3281 298 3346 turos.
341 3271 423 3346 Nec
441 3274 554 3347 ullum
581 3299 694 3372 genus
712 3273 854 3346 dicendi
869 3290 924 3348 est
941 3290 1004 3349 aut
1022 3276 1162 3364 melius,
1184 3291 1247 3350 aut

144 3401 167 3431 ‘⁶
185 3389 324 3478 fortius,
348 3389 442 3463 binis
468 3403 530 3464 aut
555 3391 665 3464 ternis
687 3389 813 3462 ⁰ferire
833 3391 961 3478 verbis,
984 3418 1243 3490 nonnunquam

145 3517 167 3547 ‘⁴
185 3503 349 3605 singulis,
363 3507 473 3604 paulo
491 3507 577 3580 alias
590 3507 767 3606 pluribus,
780 3506 873 3578 inter
885 3534 965 3605 quae
981 3509 1087 3582 variis
1105 3509 1245 3583 clausu·

142 3629 164 3664 “
182 3621 225 3694 lis
243 3648 281 3694 se
299 3621 496 3722 interponit
513 3648 591 3695 raro
610 3649 799 3696 numerosa
816 3623 1120 3722 comprehensio.”

185 3929 199 3961 ¹
213 3919 346 3996 efferunt]
364 3920 488 3978 offerunt
502 3919 574 3978 Ven.
589 3921 652 3980 Ald.
665 3940 728 3997 sup.
746 3919 866 3978 vicissim
883 3921 948 3982 Ald.
1017 3933 1032 3964 ⁸
1045 3921 1158 3994 cadere]
1176 3921 1245 3980 cade

145 3997 218 4057 Ven.
313 3997 393 4074 ιἰὴ]
410 4013 506 4058 eutem
522 4001 595 4059 Ven.
687 3999 720 4046 bb
734 4005 791 4062 duo
805 4021 863 4061 om.
881 4004 952 4060 Ven.
1051 3999 1107 4057 ein
1122 3999 1243 4076 alienos]

145 4079 252 4138 alienas
266 4080 339 4140 Ven.
354 4081 402 4159 qui
417 4101 475 4140 om.
490 4082 616 4140 insanus.
716 4082 732 4128 ‘l
746 4082 1011 4158 comprehensione]
1027 4081 1245 4158 comprehensio

144 4161 276 4218 estVen.
359 4161 496 4237 ⁸finitur]
516 4161 625 4220 finitum
640 4164 715 4222 Ven.
797 4160 863 4236 tat]
880 4162 1016 4219 autVen.
1096 4160 1199 4239 tipsa]
1216 4175 1246 4222 et

144 4239 206 4317 ipsa
219 4242 292 4300 Ven.
390 4241 547 4317 tineistm]
563 4241 693 4304 intersim
711 4245 783 4304 Ven.
895 4240 1053 4316 ltractata]
1072 4255 1160 4300 tracta
1171 4245 1244 4305 Ven.

144 4319 162 4364 ¹¹
184 4319 218 4379 iis
239 4321 322 4397 locis]
345 4328 406 4403 ejus
425 4323 505 4382 locus
531 4325 603 4383 Ven.
710 4321 720 4367 ¹
741 4323 844 4383 deinde
864 4319 973 4396 cresim]
992 4335 1021 4380 et
1041 4323 1150 4382 incisim
1171 4326 1245 4387 Veo.

144 4412 170 4444 m
183 4422 279 4478 queso
294 4405 437 4479 nostrum]
453 4403 533 4482 quasi
548 4423 697 4462 numerum
712 4405 785 4462 Ven.
858 4413 908 4446 mm
923 4402 1036 4478 fefellit]
1055 4405 1157 4464 refellit
1170 4407 1245 4465 Ven.

145 4485 240 4559 ¹teos]
259 4487 400 4544 noaVen.
493 4485 594 4562 ⁰lere]
610 4485 693 4544 ferire
706 4485 779 4543 Veo.
794 4485 859 4544 Ald.
944 4485 1068 4561 cluens]
1085 4485 1158 4545 ltem
1173 4486 1246 4546 Ven.

145 4576 174 4621 et
189 4583 255 4622 mox
269 4585 327 4624 om.
343 4565 379 4624 de
392 4565 600 4644 Theophrasto.

645 4673 751 4734 31³2
