3012 5084
141 341 208 391 csr.
223 333 259 391 4.
500 317 566 390 De
585 315 874 417 orthographia.
1198 333 1239 396 13

140 504 270 577 Gnaeos
286 502 438 574 obtinet
456 515 584 575 notam
602 503 746 574 numeri
763 527 838 590 sex,
854 529 918 602 pro
935 529 1009 601 quo
1026 503 1124 603 apud
1148 503 1242 578 auti·

139 645 219 717 qnos
234 617 359 717 aponi
379 617 550 705 solitum,
567 631 610 690 ut
626 645 692 717 pro
709 643 802 718 agro
819 619 971 706 Gabino,
988 620 1148 696 Gabino.-
1175 643 1240 720 pro

139 735 219 834 lege,
239 735 339 808 icco:
368 759 482 823 amsa,
506 759 573 834 pro
598 757 723 832 agno.-
750 735 870 806 auctio
890 749 986 807 certe
1010 736 1057 808 sb
1074 735 1240 833 sugendo

137 849 225 923 dim
238 867 315 922 est:
341 864 383 921 et
400 849 548 921 numeri
566 875 650 922 cum
672 849 829 922 babeant
845 875 876 936 c,
893 863 934 922 ut
951 849 1109 940 ducenti,
1126 861 1240 924 ”tre-

137 966 426 1054 casssexcenti
442 965 599 1061 5reliqui
617 965 755 1037 habent
765 989 805 1063 g,
819 979 860 1038 ut
872 965 1142 1066 quadringenti,
1154 991 1242 1040 nors·

136 1082 242 1180 gasti,
265 1107 357 1154 curn
386 1107 409 1151 a
436 1079 546 1151 tertio
575 1103 721 1176 qnoque
745 1079 880 1168 ordine,
905 1095 944 1154 ut
970 1080 1067 1181 apud
1092 1081 1241 1156 Graecos

139 1196 460 1296 quoqnepositum
480 1195 1242 1296 estcprog,etsuoiocolrpost¹retep·

138 1325 207 1383 tam
224 1337 244 1383 c
259 1336 534 1410 supervacuum
553 1310 663 1410 coepit
679 1337 769 1382 esse.
801 1310 906 1396 Ciam,
924 1309 1131 1384 adverbium
1149 1323 1243 1383 tem·
1254 1344 1288 1392 30
1369 1395 1371 1400 Ι

136 1426 239 1525 poris,
254 1425 402 1523 antiqui
417 1439 575 1522 quatuor
591 1424 717 1498 litteris
735 1425 959 1498 scribebant:
981 1425 1018 1498 in
1033 1425 1243 1524 bis‚·quuns

136 1541 226 1641 apud
251 1543 455 1627 Catonem,
489 1537 633 1612 ¹’rursus
669 1563 787 1638 psam,
820 1537 883 1612 sed
913 1539 1051 1637 antiqui
1078 1565 1162 1614 cum
1193 1539 1242 1612 its

134 1657 340 1743 scriberent,
369 1653 678 1756 ‘pronuntiabant
711 1667 832 1726 tamen
863 1653 1011 1752 perinde
1039 1679 1082 1728 ac
1115 1655 1145 1726 si
1179 1679 1244 1754 per

135 1770 174 1844 ‘c
205 1773 387 1871 scriptum
420 1783 528 1843 esset.
579 1768 646 1840 Illa
681 1779 844 1866 ‘quoque
873 1769 1049 1869 scriptura
1081 1769 1284 1858 confusam

134 1885 227 1985 'quae
246 1915 272 1960 u
298 1913 371 1987 pro
388 1899 626 1972 consonante,
641 1897 678 1956 et
694 1909 715 1956 o
731 1909 797 1982 pro
814 1883 927 1956 vocali
946 1897 1109 1982 coneptu
1125 1884 1244 1958 troci-

134 2004 299 2102 piebant:
328 2002 430 2074 sicut
455 2003 554 2099 apud
571 2001 716 2074 Graecos
736 1999 846 2072 trium
864 1999 1008 2073 valebat
1023 1999 1113 2088 vice,
1129 2013 1172 2072 ut
1187 2025 1244 2074 es-

134 2135 184 2191 sct
199 2145 221 2191 o
238 2121 364 2203 breve,
383 2117 484 2190 idem
511 2116 675 2216 longum,
693 2129 731 2188 et
746 2129 789 2187 ut
804 2128 888 2188 ante
906 2114 994 2202 dixi,
1010 2147 1052 2188 oo.
1095 2115 1140 2188 In
1164 2115 1243 2214 qui·

135 2235 195 2306 bus
221 2234 449 2334 peccabant,
477 2229 598 2329 hquod
626 2231 704 2303 aliis
733 2229 859 2302 litteris
887 2229 1100 2320 scribebant,
1131 2256 1241 2327 qnam

135 2351 263 2448 quibus
292 2350 554 2436 enuntiabant,
578 2361 616 2420 et
640 2347 743 2420 aliter
770 2347 950 2444 legebant,
975 2373 1084 2444 quam
1112 2347 1244 2420 scribe-

135 2467 227 2540 bant.
281 2467 385 2540 Item
407 2464 512 2562 arjos
536 2491 600 2562 per
616 2461 746 2564 qarp'ar
761 2463 897 2536 litteras
916 2463 1131 2537 scribebant.
1182 2465 1242 2538 De
1255 2505 1287 2552 ,ι

134 2583 262 2678 quibus
280 2608 333 2654 nc
356 2581 466 2680 plura
482 2580 648 2669 scribam,
665 2581 735 2653 boc
752 2579 948 2654 custodite:
974 2593 1018 2652 ut
1033 2605 1117 2654 cum
1135 2579 1244 2654 fuerit
1271 2586 1278 2598 '

136 2696 346 2771 adverbium
377 2694 564 2793 temporis,
588 2721 652 2794 per
673 2721 721 2794 qu
747 2696 822 2768 sive
846 2693 975 2768 ¹unum
1003 2721 1041 2784 a,
1067 2694 1143 2766 sive
1171 2693 1244 2766 duo

140 2813 313 2899 scribatis,
327 2825 372 2885 ut
384 2837 472 2910 qum
479 2812 654 2908 primam,
666 2811 847 2911 ¹¹etqnum
865 2809 930 2884 hoc
938 2807 1121 2909 facerem.
1147 2808 1198 2879 At
1214 2807 1241 2879 si
1257 2848 1288 2896 3,

141 2928 201 3000 erit
216 2927 449 3026 conjunctio,
466 2939 519 3014 ut,
537 2953 617 3000 cum
633 2926 762 3015 ¹Goio‚
774 2951 855 3000 nem
873 2925 1002 3010 Lusio,
1022 2949 1086 3022 per
1103 2947 1123 2994 c
1138 2921 1242 2995 scribi

140 3041 277 3131 debeat,
289 3069 339 3116 ne
352 3043 550 3140 quicquam
564 3041 738 3141 deperdat
749 3067 794 3115 ex
809 3041 1034 3140 significatu:
1059 3065 1131 3112 non
1145 3039 1242 3112 enim

138 3158 231 3232 alind
259 3185 327 3257 per
352 3171 501 3258 ”worn
522 3160 666 3258 scripta,
691 3158 789 3231 aliud
811 3183 876 3256 per
901 3182 979 3230 cam
1005 3167 1118 3228 sonat.
1171 3151 1241 3227 Sed
1255 3197 1288 3244 ,4

138 3276 200 3347 ubi
226 3273 395 3372 ¹‘aliquid
421 3277 554 3358 nonfit
570 3291 632 3348 aut
650 3275 727 3348 soni
748 3275 902 3370 jactura,
919 3287 956 3346 et
971 3271 1124 3346 totidem
1149 3295 1243 3369 pene

150 3521 157 3532 ι
177 3443 351 3578 ffffinti
366 3439 629 3578 sgxcentiJJriceuti
645 3439 767 3499 sescenti
782 3441 813 3497 P.
864 3449 911 3578 P!
919 3459 939 3514 g
952 3438 1048 3564 reliqui
1065 3439 1185 3513 babent]
1200 3455 1243 3574 tp,-

139 3519 258 3658 iffina
272 3534 363 3678 quiri
376 3563 491 3659 rinch.
533 3523 925 3680 mitiibriieopffluim
939 3519 1197 3676 mndudniuffi
1212 3559 1244 3655 ν’.

140 3681 700 3840 ζΕὲἓῖ»“ἰ””““]ιἮ3ἒ«ἣ”ἓὲἓ”ἵι“’
767 3677 989 3840 &titi
1002 3677 1243 3838 ,apim

140 3839 260 3918 bqnod]
278 3854 310 3899 et
323 3841 356 3899 P.
478 3840 488 3884 ¹
510 3863 596 3900 unum
610 3845 644 3918 a]
660 3863 748 3901 unum
763 3845 795 3902 P.
918 3840 1050 3918 kquum]
1066 3852 1095 3898 et
1108 3857 1196 3916 quum
1213 3839 1244 3896 Ρ.

140 3919 248 3998 lesio]
268 3922 346 3980 Gaio
359 3923 391 3979 P.
453 3933 477 3965 Ν
491 3925 594 4000 quom]
612 3945 699 4002 quarn
715 3925 745 3982 P.
808 3933 825 3966 ¹¹
839 3921 1005 4000 aliquando]
1021 3919 1127 3998 aliquid
1139 3939 1198 3976 non
1213 3921 1245 3977 P.

141 4070 256 4128 quoque
274 4070 293 4108 a
306 4051 414 4110 Grecis
435 4064 583 4134 acceptum
598 4055 675 4132 qnod
715 4075 771 4134 qua
786 4069 855 4114 nota
866 4077 904 4116 xc
918 4057 1120 4138 significentur,
1135 4071 1167 4118 ut
1181 4073 1246 4138 post

141 4145 169 4189 et
182 4131 292 4190 Fabius
307 4129 403 4191 innuit
421 4133 494 4192 libro
508 4133 610 4212 primo,
626 4137 674 4194 ubi
715 4161 736 4205 ε,
751 4137 829 4214 quod
849 4139 924 4197 vaiet
943 4139 1077 4218 quinque,
1098 4167 1123 4206 r,
1144 4138 1172 4196 id
1191 4151 1244 4207 est,

139 4211 209 4271 dicit
242 4213 273 4269 in
305 4231 426 4272 numero
453 4215 527 4292 apud
558 4217 675 4275 Grecos
715 4235 771 4276 sex.
786 4219 938 4277 CAMER.

141 4293 214 4352 banc
250 4291 363 4350 literam
405 4307 516 4353 uotum
553 4315 675 4355 manere.
758 4315 797 4373 34
816 4299 872 4357 Sed
890 4299 938 4358 ubi
957 4299 1109 4378 aliquando
1131 4301 1162 4359 fit
1182 4299 1246 4358 soni

143 4373 216 4432 Post
238 4398 259 4430 ι
283 4372 361 4432 enim
383 4375 461 4452 quod
485 4388 567 4435 notat
590 4397 676 4436 mx
711 4381 835 4456 jactura]
850 4379 1034 4438 Manifestum
1043 4381 1245 4438 estmendum.

143 4465 258 4531 ponunt
292 4453 335 4514 illi
367 4468 549 4516 numerantes
576 4471 675 4518 notam
718 4461 824 4518 Sensus
857 4459 972 4537 quidem
1008 4479 1066 4519 nou
1100 4462 1246 4521 obscurus.
