<?xml version="1.0" encoding="UTF-8"?>
<!DOCTYPE html PUBLIC "-//W3C//DTD XHTML 1.0 Transitional//EN"
    "http://www.w3.org/TR/xhtml1/DTD/xhtml1-transitional.dtd">
<html xmlns="http://www.w3.org/1999/xhtml" xml:lang="en" lang="en">
 <head>
  <title>
</title>
<meta http-equiv="Content-Type" content="text/html;charset=utf-8" />
  <meta name='ocr-system' content='tesseract 3.04.00' />
  <meta name='ocr-capabilities' content='ocr_page ocr_carea ocr_par ocr_line ocrx_word'/>
</head>
<body>
  <div class='ocr_page' id='page_1' title='image "./scriptoreslatin00gaisgoog_0251.png"; bbox 0 0 3076 5140; ppageno 0'>
   <div class='ocr_carea' id='block_1_1' title="bbox 139 383 1222 462">
    <p class='ocr_par' dir='ltr' id='par_1_1' title="bbox 139 383 1222 462">
     <span class='ocr_line' id='line_1_1' title="bbox 139 383 1222 462; baseline 0.001 -5"><span class='ocrx_word' id='word_1_1' title='bbox 139 401 251 460; x_wconf 64' lang='lat' dir='ltr'><strong>cmo.</strong></span> <span class='ocrx_word' id='word_1_2' title='bbox 439 383 646 458; x_wconf 69' lang='lat' dir='ltr'><strong>Demetrio</strong></span> <span class='ocrx_word' id='word_1_3' title='bbox 662 383 896 460; x_wconf 70' lang='lat' dir='ltr'><strong>Horatianis.</strong></span> <span class='ocrx_word' id='word_1_4' title='bbox 1151 399 1222 462; x_wconf 79' lang='lat'><strong>23³</strong></span> 
     </span>
    </p>
   </div>
   <div class='ocr_carea' id='block_1_2' title="bbox 17 567 1287 2980">
    <p class='ocr_par' dir='ltr' id='par_1_2' title="bbox 17 567 1268 1127">
     <span class='ocr_line' id='line_1_2' title="bbox 17 567 1224 667; baseline 0.003 -27"><span class='ocrx_word' id='word_1_5' title='bbox 17 577 19 640; x_wconf 86' lang='lat' dir='ltr'><strong>l</strong></span> <span class='ocrx_word' id='word_1_6' title='bbox 139 593 324 667; x_wconf 67' lang='lat' dir='ltr'><strong>agnoscere.</strong></span> <span class='ocrx_word' id='word_1_7' title='bbox 374 567 476 667; x_wconf 73' lang='lat' dir='ltr'><strong>Ergo</strong></span> <span class='ocrx_word' id='word_1_8' title='bbox 492 569 521 641; x_wconf 80' lang='lat' dir='ltr'><strong>oi</strong></span> <span class='ocrx_word' id='word_1_9' title='bbox 538 595 611 667; x_wconf 83' lang='lat' dir='ltr'><strong>quo</strong></span> <span class='ocrx_word' id='word_1_10' title='bbox 628 595 721 644; x_wconf 80' lang='lat' dir='ltr'><strong>novo</strong></span> <span class='ocrx_word' id='word_1_11' title='bbox 738 585 853 644; x_wconf 79' lang='lat' dir='ltr'><strong>metra</strong></span> <span class='ocrx_word' id='word_1_12' title='bbox 879 570 1023 644; x_wconf 83' lang='lat' dir='ltr'><strong>obviam</strong></span> <span class='ocrx_word' id='word_1_13' title='bbox 1051 571 1224 656; x_wconf 77' lang='lat' dir='ltr'><strong>venerint,</strong></span> 
     </span>
     <span class='ocr_line' id='line_1_3' title="bbox 138 684 1268 765; baseline 0.009 -11"><span class='ocrx_word' id='word_1_14' title='bbox 138 685 285 757; x_wconf 78' lang='lat' dir='ltr'><strong>similiter</strong></span> <span class='ocrx_word' id='word_1_15' title='bbox 302 684 558 758; x_wconf 74' lang='lat' dir='ltr'><strong>discutientur.</strong></span> <span class='ocrx_word' id='word_1_16' title='bbox 610 685 707 759; x_wconf 87' lang='lat' dir='ltr'><strong>Nam</strong></span> <span class='ocrx_word' id='word_1_17' title='bbox 735 713 862 759; x_wconf 79' lang='lat' dir='ltr'><strong>omnes</strong></span> <span class='ocrx_word' id='word_1_18' title='bbox 884 686 957 757; x_wconf 79' lang='lat' dir='ltr'><strong>fore</strong></span> <span class='ocrx_word' id='word_1_19' title='bbox 974 685 1052 758; x_wconf 67' lang='lat' dir='ltr'><strong>ode</strong></span> <span class='ocrx_word' id='word_1_20' title='bbox 1076 686 1112 758; x_wconf 85' lang='lat' dir='ltr'><strong>in</strong></span> <span class='ocrx_word' id='word_1_21' title='bbox 1140 687 1224 760; x_wconf 79' lang='lat' dir='ltr'><strong>aub-</strong></span> <span class='ocrx_word' id='word_1_22' title='bbox 1238 717 1268 765; x_wconf 65' lang='grc' dir='ltr'><strong>ει</strong></span> 
     </span>
     <span class='ocr_line' id='line_1_4' title="bbox 137 799 1222 902; baseline 0.001 -29"><span class='ocrx_word' id='word_1_23' title='bbox 137 801 354 897; x_wconf 78' lang='lat' dir='ltr'><strong>sequentibus</strong></span> <span class='ocrx_word' id='word_1_24' title='bbox 383 800 483 873; x_wconf 76' lang='lat' dir='ltr'><strong>libris</strong></span> <span class='ocrx_word' id='word_1_25' title='bbox 509 799 635 873; x_wconf 78' lang='lat' dir='ltr'><strong>iisdem</strong></span> <span class='ocrx_word' id='word_1_26' title='bbox 670 802 792 874; x_wconf 76' lang='lat' dir='ltr'><strong>metris</strong></span> <span class='ocrx_word' id='word_1_27' title='bbox 825 801 1037 885; x_wconf 72' lang='lat' dir='ltr'><strong>subsistunt,</strong></span> <span class='ocrx_word' id='word_1_28' title='bbox 1061 803 1222 902; x_wconf 79' lang='lat' dir='ltr'><strong>exceptio</strong></span> 
     </span>
     <span class='ocr_line' id='line_1_5' title="bbox 138 915 1221 1014; baseline 0.002 -26"><span class='ocrx_word' id='word_1_29' title='bbox 138 917 307 1014; x_wconf 72' lang='lat' dir='ltr'><strong>perpaucis</strong></span> <span class='ocrx_word' id='word_1_30' title='bbox 342 915 555 1005; x_wconf 75' lang='lat' dir='ltr'><strong>admodum,</strong></span> <span class='ocrx_word' id='word_1_31' title='bbox 582 945 604 989; x_wconf 86' lang='lat' dir='ltr'><strong>c</strong></span> <span class='ocrx_word' id='word_1_32' title='bbox 637 919 719 1014; x_wconf 74' lang='lat' dir='ltr'><strong>quio</strong></span> <span class='ocrx_word' id='word_1_33' title='bbox 758 917 794 990; x_wconf 89' lang='lat' dir='ltr'><strong>in</strong></span> <span class='ocrx_word' id='word_1_34' title='bbox 834 917 993 990; x_wconf 75' lang='lat' dir='ltr'><strong>secundo</strong></span> <span class='ocrx_word' id='word_1_35' title='bbox 1029 917 1120 990; x_wconf 81' lang='lat' dir='ltr'><strong>libro</strong></span> <span class='ocrx_word' id='word_1_36' title='bbox 1153 917 1221 991; x_wconf 86' lang='lat' dir='ltr'><strong>odo</strong></span> 
     </span>
     <span class='ocr_line' id='line_1_6' title="bbox 137 1031 553 1127; baseline 0.005 -25"><span class='ocrx_word' id='word_1_37' title='bbox 137 1043 258 1121; x_wconf 84' lang='lat' dir='ltr'><strong>⁰xv111,</strong></span> <span class='ocrx_word' id='word_1_38' title='bbox 275 1031 379 1127; x_wconf 82' lang='lat' dir='ltr'><strong>cujus</strong></span> <span class='ocrx_word' id='word_1_39' title='bbox 396 1031 553 1120; x_wconf 89' lang='lat' dir='ltr'><strong>initium,</strong></span> 
     </span>
    </p>

    <p class='ocr_par' dir='ltr' id='par_1_3' title="bbox 134 1146 1287 1707">
     <span class='ocr_line' id='line_1_7' title="bbox 268 1146 775 1247; baseline 0 -27"><span class='ocrx_word' id='word_1_40' title='bbox 268 1146 356 1222; x_wconf 85' lang='lat' dir='ltr'><strong>Non</strong></span> <span class='ocrx_word' id='word_1_41' title='bbox 372 1147 462 1221; x_wconf 74' lang='lat' dir='ltr'><strong>ebur</strong></span> <span class='ocrx_word' id='word_1_42' title='bbox 478 1173 595 1247; x_wconf 77' lang='lat' dir='ltr'><strong>neque</strong></span> <span class='ocrx_word' id='word_1_43' title='bbox 611 1173 775 1222; x_wconf 73' lang='lat' dir='ltr'><strong>cineum</strong></span> 
     </span>
     <span class='ocr_line' id='line_1_8' title="bbox 136 1260 1218 1364; baseline 0.004 -32"><span class='ocrx_word' id='word_1_44' title='bbox 136 1260 220 1334; x_wconf 85' lang='lat' dir='ltr'><strong>Nam</strong></span> <span class='ocrx_word' id='word_1_45' title='bbox 237 1289 371 1336; x_wconf 88' lang='lat' dir='ltr'><strong>novum</strong></span> <span class='ocrx_word' id='word_1_46' title='bbox 388 1266 460 1335; x_wconf 91' lang='lat' dir='ltr'><strong>hoc</strong></span> <span class='ocrx_word' id='word_1_47' title='bbox 480 1277 649 1351; x_wconf 82' lang='lat' dir='ltr'><strong>metrum,</strong></span> <span class='ocrx_word' id='word_1_48' title='bbox 661 1261 707 1336; x_wconf 80' lang='lat' dir='ltr'><strong>de</strong></span> <span class='ocrx_word' id='word_1_49' title='bbox 724 1289 798 1362; x_wconf 93' lang='lat' dir='ltr'><strong>quo</strong></span> <span class='ocrx_word' id='word_1_50' title='bbox 815 1261 974 1338; x_wconf 87' lang='lat' dir='ltr'><strong>noudum</strong></span> <span class='ocrx_word' id='word_1_51' title='bbox 991 1263 1085 1364; x_wconf 88' lang='lat' dir='ltr'><strong>apud</strong></span> <span class='ocrx_word' id='word_1_52' title='bbox 1101 1263 1218 1338; x_wconf 82' lang='lat' dir='ltr'><strong>Hora-</strong></span> 
     </span>
     <span class='ocr_line' id='line_1_9' title="bbox 136 1377 1287 1470; baseline 0.006 -22"><span class='ocrx_word' id='word_1_53' title='bbox 136 1377 212 1450; x_wconf 85' lang='lat' dir='ltr'><strong>tium</strong></span> <span class='ocrx_word' id='word_1_54' title='bbox 238 1393 431 1452; x_wconf 72' lang='lat' dir='ltr'><strong>mactatum</strong></span> <span class='ocrx_word' id='word_1_55' title='bbox 458 1393 525 1470; x_wconf 78' lang='lat' dir='ltr'><strong>oct,</strong></span> <span class='ocrx_word' id='word_1_56' title='bbox 550 1381 724 1454; x_wconf 88' lang='lat' dir='ltr'><strong>continet.</strong></span> <span class='ocrx_word' id='word_1_57' title='bbox 776 1379 843 1452; x_wconf 76' lang='lat' dir='ltr'><strong>Est</strong></span> <span class='ocrx_word' id='word_1_58' title='bbox 873 1394 994 1452; x_wconf 73' lang='lat' dir='ltr'><strong>autam</strong></span> <span class='ocrx_word' id='word_1_59' title='bbox 1023 1380 1069 1452; x_wconf 76' lang='lat' dir='ltr'><strong>cb</strong></span> <span class='ocrx_word' id='word_1_60' title='bbox 1098 1379 1287 1457; x_wconf 71' lang='lat' dir='ltr'><strong>Alcmo-</strong></span> 
     </span>
     <span class='ocr_line' id='line_1_10' title="bbox 136 1493 1221 1594; baseline 0.002 -30"><span class='ocrx_word' id='word_1_61' title='bbox 136 1508 307 1593; x_wconf 84' lang='lat' dir='ltr'><strong>sumptum</strong></span> <span class='ocrx_word' id='word_1_62' title='bbox 335 1495 568 1568; x_wconf 70' lang='lat' dir='ltr'><strong>ichonacum</strong></span> <span class='ocrx_word' id='word_1_63' title='bbox 595 1495 899 1594; x_wconf 74' lang='lat' dir='ltr'><strong>heptasyllabum</strong></span> <span class='ocrx_word' id='word_1_64' title='bbox 917 1493 1063 1570; x_wconf 73' lang='lat' dir='ltr'><strong>subdito</strong></span> <span class='ocrx_word' id='word_1_65' title='bbox 1085 1493 1221 1566; x_wconf 86' lang='lat' dir='ltr'><strong>hende-</strong></span> 
     </span>
     <span class='ocr_line' id='line_1_11' title="bbox 134 1609 956 1707; baseline 0.001 -27"><span class='ocrx_word' id='word_1_66' title='bbox 134 1610 301 1707; x_wconf 84' lang='lat' dir='ltr'><strong>casyllabo</strong></span> <span class='ocrx_word' id='word_1_67' title='bbox 314 1609 471 1683; x_wconf 88' lang='lat' dir='ltr'><strong>iambico</strong></span> <span class='ocrx_word' id='word_1_68' title='bbox 487 1610 734 1684; x_wconf 76' lang='lat' dir='ltr'><strong>Archilochio.</strong></span> <span class='ocrx_word' id='word_1_69' title='bbox 795 1609 956 1694; x_wconf 84' lang='lat' dir='ltr'><strong>Etenim,</strong></span> 
     </span>
    </p>

    <p class='ocr_par' dir='ltr' id='par_1_4' title="bbox 127 1725 1220 2160">
     <span class='ocr_line' id='line_1_12' title="bbox 267 1725 776 1824; baseline 0 -26"><span class='ocrx_word' id='word_1_70' title='bbox 267 1725 356 1798; x_wconf 78' lang='lat' dir='ltr'><strong>Non</strong></span> <span class='ocrx_word' id='word_1_71' title='bbox 372 1725 462 1798; x_wconf 67' lang='lat' dir='ltr'><strong>amr</strong></span> <span class='ocrx_word' id='word_1_72' title='bbox 478 1749 594 1824; x_wconf 79' lang='lat' dir='ltr'><strong>nequo</strong></span> <span class='ocrx_word' id='word_1_73' title='bbox 609 1749 776 1809; x_wconf 82' lang='lat' dir='ltr'><strong>aureum,</strong></span> 
     </span>
     <span class='ocr_line' id='line_1_13' title="bbox 130 1838 1219 1940; baseline 0.003 -29"><span class='ocrx_word' id='word_1_74' title='bbox 130 1841 189 1911; x_wconf 83' lang='lat' dir='ltr'><strong>erit</strong></span> <span class='ocrx_word' id='word_1_75' title='bbox 199 1841 436 1928; x_wconf 72' lang='lat' dir='ltr'><strong>trochaicum,</strong></span> <span class='ocrx_word' id='word_1_76' title='bbox 453 1839 723 1940; x_wconf 82' lang='lat' dir='ltr'><strong>proepodicum,</strong></span> <span class='ocrx_word' id='word_1_77' title='bbox 735 1838 942 1928; x_wconf 84' lang='lat' dir='ltr'><strong>dimetrum,</strong></span> <span class='ocrx_word' id='word_1_78' title='bbox 955 1841 1219 1930; x_wconf 79' lang='lat' dir='ltr'><strong>catalecticum,</strong></span> 
     </span>
     <span class='ocr_line' id='line_1_14' title="bbox 129 1953 1220 2056; baseline 0.002 -29"><span class='ocrx_word' id='word_1_79' title='bbox 129 1955 216 2050; x_wconf 90' lang='lat' dir='ltr'><strong>quod</strong></span> <span class='ocrx_word' id='word_1_80' title='bbox 234 1969 380 2055; x_wconf 82' lang='lat' dir='ltr'><strong>occepta</strong></span> <span class='ocrx_word' id='word_1_81' title='bbox 398 1955 435 2028; x_wconf 91' lang='lat' dir='ltr'><strong>iu</strong></span> <span class='ocrx_word' id='word_1_82' title='bbox 453 1955 633 2056; x_wconf 83' lang='lat' dir='ltr'><strong>principio</strong></span> <span class='ocrx_word' id='word_1_83' title='bbox 647 1953 744 2028; x_wconf 79' lang='lat' dir='ltr'><strong>brevi</strong></span> <span class='ocrx_word' id='word_1_84' title='bbox 762 1955 900 2053; x_wconf 70' lang='lat' dir='ltr'><strong>syllaba</strong></span> <span class='ocrx_word' id='word_1_85' title='bbox 916 1955 1113 2029; x_wconf 86' lang='lat' dir='ltr'><strong>iambicum</strong></span> <span class='ocrx_word' id='word_1_86' title='bbox 1132 1983 1220 2056; x_wconf 85' lang='lat' dir='ltr'><strong>cpo-</strong></span> 
     </span>
     <span class='ocr_line' id='line_1_15' title="bbox 127 2069 423 2160; baseline 0.007 -19"><span class='ocrx_word' id='word_1_87' title='bbox 127 2069 207 2142; x_wconf 91' lang='lat' dir='ltr'><strong>dum</strong></span> <span class='ocrx_word' id='word_1_88' title='bbox 226 2070 343 2159; x_wconf 78' lang='lat' dir='ltr'><strong>societ,</strong></span> <span class='ocrx_word' id='word_1_89' title='bbox 360 2071 423 2160; x_wconf 82' lang='lat' dir='ltr'><strong>sic,</strong></span> 
     </span>
    </p>

    <p class='ocr_par' dir='ltr' id='par_1_5' title="bbox 126 2187 1262 2401">
     <span class='ocr_line' id='line_1_16' title="bbox 269 2187 841 2286; baseline -0.007 -26"><span class='ocrx_word' id='word_1_90' title='bbox 269 2187 336 2260; x_wconf 90' lang='lat' dir='ltr'><strong>Do</strong></span> <span class='ocrx_word' id='word_1_91' title='bbox 351 2213 422 2260; x_wconf 73' lang='lat' dir='ltr'><strong>oon</strong></span> <span class='ocrx_word' id='word_1_92' title='bbox 440 2187 529 2260; x_wconf 78' lang='lat' dir='ltr'><strong>ebur</strong></span> <span class='ocrx_word' id='word_1_93' title='bbox 543 2212 661 2286; x_wconf 80' lang='lat' dir='ltr'><strong>neque</strong></span> <span class='ocrx_word' id='word_1_94' title='bbox 677 2211 841 2260; x_wconf 82' lang='lat' dir='ltr'><strong>aureum.</strong></span> 
     </span>
     <span class='ocr_line' id='line_1_17' title="bbox 126 2299 1262 2401; baseline 0.003 -29"><span class='ocrx_word' id='word_1_95' title='bbox 126 2299 323 2375; x_wconf 85' lang='lat' dir='ltr'><strong>Pcnultima</strong></span> <span class='ocrx_word' id='word_1_96' title='bbox 341 2317 461 2375; x_wconf 85' lang='lat' dir='ltr'><strong>autem</strong></span> <span class='ocrx_word' id='word_1_97' title='bbox 479 2302 639 2376; x_wconf 75' lang='lat' dir='ltr'><strong>detracta</strong></span> <span class='ocrx_word' id='word_1_98' title='bbox 657 2301 855 2401; x_wconf 85' lang='lat' dir='ltr'><strong>phullicum</strong></span> <span class='ocrx_word' id='word_1_99' title='bbox 874 2299 1009 2385; x_wconf 82' lang='lat' dir='ltr'><strong>reddet,</strong></span> <span class='ocrx_word' id='word_1_100' title='bbox 1027 2303 1088 2390; x_wconf 83' lang='lat' dir='ltr'><strong>ita,</strong></span> <span class='ocrx_word' id='word_1_101' title='bbox 1231 2337 1262 2387; x_wconf 75' lang='lat'><strong>54</strong></span> 
     </span>
    </p>

    <p class='ocr_par' dir='ltr' id='par_1_6' title="bbox 125 2417 775 2624">
     <span class='ocr_line' id='line_1_18' title="bbox 269 2417 775 2515; baseline -0.004 -25"><span class='ocrx_word' id='word_1_102' title='bbox 269 2417 355 2491; x_wconf 82' lang='lat' dir='ltr'><strong>Non</strong></span> <span class='ocrx_word' id='word_1_103' title='bbox 372 2417 460 2490; x_wconf 78' lang='lat' dir='ltr'><strong>ebur</strong></span> <span class='ocrx_word' id='word_1_104' title='bbox 477 2431 614 2515; x_wconf 73' lang='lat' dir='ltr'><strong>tneque</strong></span> <span class='ocrx_word' id='word_1_105' title='bbox 631 2441 775 2490; x_wconf 80' lang='lat' dir='ltr'><strong>aurum.</strong></span> 
     </span>
     <span class='ocr_line' id='line_1_19' title="bbox 125 2532 667 2624; baseline 0 -18"><span class='ocrx_word' id='word_1_106' title='bbox 125 2532 306 2606; x_wconf 69' lang='lat' dir='ltr'><strong>‘Dimetro</strong></span> <span class='ocrx_word' id='word_1_107' title='bbox 322 2561 406 2611; x_wconf 81' lang='lat' dir='ltr'><strong>vcro</strong></span> <span class='ocrx_word' id='word_1_108' title='bbox 424 2536 597 2624; x_wconf 74' lang='lat' dir='ltr'><strong>subnexo,</strong></span> <span class='ocrx_word' id='word_1_109' title='bbox 616 2549 667 2623; x_wconf 93' lang='lat' dir='ltr'><strong>ut,</strong></span> 
     </span>
    </p>

    <p class='ocr_par' dir='ltr' id='par_1_7' title="bbox 217 2650 1135 2752">
     <span class='ocr_line' id='line_1_20' title="bbox 217 2650 1135 2752; baseline 0 -28"><span class='ocrx_word' id='word_1_110' title='bbox 217 2651 358 2726; x_wconf 73' lang='lat' dir='ltr'><strong>Beatus</strong></span> <span class='ocrx_word' id='word_1_111' title='bbox 374 2651 439 2725; x_wconf 71' lang='lat' dir='ltr'><strong>itte</strong></span> <span class='ocrx_word' id='word_1_112' title='bbox 455 2653 520 2752; x_wconf 82' lang='lat' dir='ltr'><strong>qui</strong></span> <span class='ocrx_word' id='word_1_113' title='bbox 531 2650 674 2749; x_wconf 83' lang='lat' dir='ltr'><strong>procul,</strong></span> <span class='ocrx_word' id='word_1_114' title='bbox 693 2677 764 2724; x_wconf 83' lang='lat' dir='ltr'><strong>non</strong></span> <span class='ocrx_word' id='word_1_115' title='bbox 783 2651 872 2724; x_wconf 75' lang='lat' dir='ltr'><strong>ebur</strong></span> <span class='ocrx_word' id='word_1_116' title='bbox 889 2675 954 2724; x_wconf 81' lang='lat' dir='ltr'><strong>nec</strong></span> <span class='ocrx_word' id='word_1_117' title='bbox 970 2675 1135 2739; x_wconf 84' lang='lat' dir='ltr'><strong>aureum,</strong></span> 
     </span>
    </p>

    <p class='ocr_par' dir='ltr' id='par_1_8' title="bbox 121 2765 1260 2980">
     <span class='ocr_line' id='line_1_21' title="bbox 121 2765 1260 2866; baseline 0.003 -31"><span class='ocrx_word' id='word_1_118' title='bbox 121 2791 260 2838; x_wconf 82' lang='lat' dir='ltr'><strong>versum</strong></span> <span class='ocrx_word' id='word_1_119' title='bbox 278 2765 378 2840; x_wconf 89' lang='lat' dir='ltr'><strong>dabit</strong></span> <span class='ocrx_word' id='word_1_120' title='bbox 395 2793 439 2840; x_wconf 82' lang='lat' dir='ltr'><strong>ex</strong></span> <span class='ocrx_word' id='word_1_121' title='bbox 457 2765 632 2866; x_wconf 85' lang='lat' dir='ltr'><strong>quadrato</strong></span> <span class='ocrx_word' id='word_1_122' title='bbox 650 2765 893 2866; x_wconf 77' lang='lat' dir='ltr'><strong>conpositum.</strong></span> <span class='ocrx_word' id='word_1_123' title='bbox 941 2767 1018 2838; x_wconf 79' lang='lat' dir='ltr'><strong>Aut</strong></span> <span class='ocrx_word' id='word_1_124' title='bbox 1034 2765 1062 2837; x_wconf 83' lang='lat' dir='ltr'><strong>oi</strong></span> <span class='ocrx_word' id='word_1_125' title='bbox 1083 2766 1218 2864; x_wconf 80' lang='lat' dir='ltr'><strong>eprin-</strong></span> <span class='ocrx_word' id='word_1_126' title='bbox 1230 2799 1260 2848; x_wconf 67' lang='lat'><strong>55</strong></span> 
     </span>
     <span class='ocr_line' id='line_1_22' title="bbox 121 2879 1218 2980; baseline 0.002 -28"><span class='ocrx_word' id='word_1_127' title='bbox 121 2881 214 2980; x_wconf 86' lang='lat' dir='ltr'><strong>cipio</strong></span> <span class='ocrx_word' id='word_1_128' title='bbox 241 2881 414 2956; x_wconf 81' lang='lat' dir='ltr'><strong>creticum</strong></span> <span class='ocrx_word' id='word_1_129' title='bbox 447 2883 606 2956; x_wconf 76' lang='lat' dir='ltr'><strong>retrahat</strong></span> <span class='ocrx_word' id='word_1_130' title='bbox 632 2907 704 2954; x_wconf 81' lang='lat' dir='ltr'><strong>nou</strong></span> <span class='ocrx_word' id='word_1_131' title='bbox 730 2879 832 2966; x_wconf 86' lang='lat' dir='ltr'><strong>ebur,</strong></span> <span class='ocrx_word' id='word_1_132' title='bbox 854 2881 957 2976; x_wconf 77' lang='lat' dir='ltr'><strong>cujus</strong></span> <span class='ocrx_word' id='word_1_133' title='bbox 991 2879 1094 2954; x_wconf 80' lang='lat' dir='ltr'><strong>tertia</strong></span> <span class='ocrx_word' id='word_1_134' title='bbox 1122 2881 1218 2980; x_wconf 85' lang='lat' dir='ltr'><strong>posi-</strong></span> 
     </span>
    </p>
   </div>
   <div class='ocr_carea' id='block_1_3' title="bbox 117 2996 1262 3534">
    <p class='ocr_par' dir='ltr' id='par_1_9' title="bbox 117 2996 1262 3434">
     <span class='ocr_line' id='line_1_23' title="bbox 119 2996 1216 3095; baseline 0 -27"><span class='ocrx_word' id='word_1_135' title='bbox 119 2997 217 3070; x_wconf 84' lang='lat' dir='ltr'><strong>tione</strong></span> <span class='ocrx_word' id='word_1_136' title='bbox 243 2998 350 3094; x_wconf 84' lang='lat' dir='ltr'><strong>longa</strong></span> <span class='ocrx_word' id='word_1_137' title='bbox 375 3012 440 3087; x_wconf 85' lang='lat' dir='ltr'><strong>cot,</strong></span> <span class='ocrx_word' id='word_1_138' title='bbox 458 2997 623 3095; x_wconf 81' lang='lat' dir='ltr'><strong>sequitur</strong></span> <span class='ocrx_word' id='word_1_139' title='bbox 647 2996 744 3068; x_wconf 87' lang='lat' dir='ltr'><strong>enim</strong></span> <span class='ocrx_word' id='word_1_140' title='bbox 763 3009 807 3069; x_wconf 81' lang='lat' dir='ltr'><strong>&#39;o</strong></span> <span class='ocrx_word' id='word_1_141' title='bbox 825 2997 954 3080; x_wconf 80' lang='lat' dir='ltr'><strong>littera,</strong></span> <span class='ocrx_word' id='word_1_142' title='bbox 972 2997 1039 3068; x_wconf 82' lang='lat' dir='ltr'><strong>crit</strong></span> <span class='ocrx_word' id='word_1_143' title='bbox 1065 2997 1216 3069; x_wconf 79' lang='lat' dir='ltr'><strong>trimetri</strong></span> 
     </span>
     <span class='ocr_line' id='line_1_24' title="bbox 119 3112 1262 3214; baseline 0.003 -30"><span class='ocrx_word' id='word_1_144' title='bbox 119 3112 262 3186; x_wconf 79' lang='lat' dir='ltr'><strong>iambici</strong></span> <span class='ocrx_word' id='word_1_145' title='bbox 287 3114 406 3214; x_wconf 82' lang='lat' dir='ltr'><strong>prima</strong></span> <span class='ocrx_word' id='word_1_146' title='bbox 432 3113 550 3214; x_wconf 82' lang='lat' dir='ltr'><strong>portio</strong></span> <span class='ocrx_word' id='word_1_147' title='bbox 575 3139 641 3186; x_wconf 84' lang='lat' dir='ltr'><strong>nec</strong></span> <span class='ocrx_word' id='word_1_148' title='bbox 658 3138 820 3186; x_wconf 69' lang='lat' dir='ltr'><strong>curetum.</strong></span> <span class='ocrx_word' id='word_1_149' title='bbox 872 3113 1071 3210; x_wconf 82' lang='lat' dir='ltr'><strong>lnoequcns</strong></span> <span class='ocrx_word' id='word_1_150' title='bbox 1096 3127 1215 3185; x_wconf 81' lang='lat' dir='ltr'><strong>autem</strong></span> <span class='ocrx_word' id='word_1_151' title='bbox 1231 3137 1262 3200; x_wconf 77' lang='lat'><strong>56</strong></span> 
     </span>
     <span class='ocr_line' id='line_1_25' title="bbox 117 3227 1218 3304; baseline -0.001 -5"><span class='ocrx_word' id='word_1_152' title='bbox 117 3254 238 3301; x_wconf 81' lang='lat' dir='ltr'><strong>versus</strong></span> <span class='ocrx_word' id='word_1_153' title='bbox 256 3243 412 3302; x_wconf 82' lang='lat' dir='ltr'><strong>metrum</strong></span> <span class='ocrx_word' id='word_1_154' title='bbox 443 3231 552 3304; x_wconf 86' lang='lat' dir='ltr'><strong>habet</strong></span> <span class='ocrx_word' id='word_1_155' title='bbox 569 3229 766 3302; x_wconf 86' lang='lat' dir='ltr'><strong>iambicum</strong></span> <span class='ocrx_word' id='word_1_156' title='bbox 785 3227 1034 3302; x_wconf 79' lang='lat' dir='ltr'><strong>catalecticum</strong></span> <span class='ocrx_word' id='word_1_157' title='bbox 1055 3227 1218 3301; x_wconf 78' lang='lat' dir='ltr'><strong>Archilo-</strong></span> 
     </span>
     <span class='ocr_line' id='line_1_26' title="bbox 117 3344 335 3434; baseline 0 -16"><span class='ocrx_word' id='word_1_158' title='bbox 117 3344 256 3434; x_wconf 90' lang='lat' dir='ltr'><strong>chium,</strong></span> <span class='ocrx_word' id='word_1_159' title='bbox 274 3345 335 3429; x_wconf 83' lang='lat' dir='ltr'><strong>ito,</strong></span> 
     </span>
    </p>

    <p class='ocr_par' dir='ltr' id='par_1_10' title="bbox 266 3459 871 3534">
     <span class='ocr_line' id='line_1_27' title="bbox 266 3459 871 3534; baseline -0.007 -2"><span class='ocrx_word' id='word_1_160' title='bbox 266 3459 357 3534; x_wconf 88' lang='lat' dir='ltr'><strong>Mea</strong></span> <span class='ocrx_word' id='word_1_161' title='bbox 373 3461 515 3533; x_wconf 77' lang='lat' dir='ltr'><strong>renidet</strong></span> <span class='ocrx_word' id='word_1_162' title='bbox 532 3462 569 3533; x_wconf 82' lang='lat' dir='ltr'><strong>in</strong></span> <span class='ocrx_word' id='word_1_163' title='bbox 586 3460 689 3533; x_wconf 85' lang='lat' dir='ltr'><strong>domo</strong></span> <span class='ocrx_word' id='word_1_164' title='bbox 708 3459 871 3532; x_wconf 77' lang='lat' dir='ltr'><strong>lowoor.</strong></span> 
     </span>
    </p>
   </div>
   <div class='ocr_carea' id='block_1_4' title="bbox 115 3556 705 3748">
    <p class='ocr_par' dir='ltr' id='par_1_11' title="bbox 115 3556 705 3748">
     <span class='ocr_line' id='line_1_28' title="bbox 115 3556 227 3647; baseline 0.027 -17"><span class='ocrx_word' id='word_1_165' title='bbox 115 3556 227 3647; x_wconf 86' lang='lat' dir='ltr'><strong>Nam,</strong></span> 
     </span>
     <span class='ocr_line' id='line_1_29' title="bbox 264 3658 705 3748; baseline 0 -16"><span class='ocrx_word' id='word_1_166' title='bbox 264 3658 360 3732; x_wconf 79' lang='lat' dir='ltr'><strong>Mea</strong></span> <span class='ocrx_word' id='word_1_167' title='bbox 378 3660 518 3736; x_wconf 84' lang='lat' dir='ltr'><strong>renidet</strong></span> <span class='ocrx_word' id='word_1_168' title='bbox 535 3661 573 3732; x_wconf 80' lang='lat' dir='ltr'><strong>io</strong></span> <span class='ocrx_word' id='word_1_169' title='bbox 591 3659 705 3748; x_wconf 82' lang='lat' dir='ltr'><strong>domo,</strong></span> 
     </span>
    </p>
   </div>
   <div class='ocr_carea' id='block_1_5' title="bbox 113 3771 1257 4332">
    <p class='ocr_par' dir='ltr' id='par_1_12' title="bbox 115 3771 1213 3988">
     <span class='ocr_line' id='line_1_30' title="bbox 115 3771 1213 3870; baseline -0.003 -24"><span class='ocrx_word' id='word_1_170' title='bbox 115 3771 310 3848; x_wconf 84' lang='lat' dir='ltr'><strong>dimetrum</strong></span> <span class='ocrx_word' id='word_1_171' title='bbox 338 3789 404 3864; x_wconf 85' lang='lat' dir='ltr'><strong>est,</strong></span> <span class='ocrx_word' id='word_1_172' title='bbox 430 3775 585 3850; x_wconf 82' lang='lat' dir='ltr'><strong>lacunar</strong></span> <span class='ocrx_word' id='word_1_173' title='bbox 615 3771 802 3850; x_wconf 84' lang='lat' dir='ltr'><strong>claudicat.</strong></span> <span class='ocrx_word' id='word_1_174' title='bbox 857 3771 979 3868; x_wconf 81' lang='lat' dir='ltr'><strong>Hujus</strong></span> <span class='ocrx_word' id='word_1_175' title='bbox 1005 3773 1213 3870; x_wconf 83' lang='lat' dir='ltr'><strong>exemplum</strong></span> 
     </span>
     <span class='ocr_line' id='line_1_31' title="bbox 115 3887 707 3988; baseline 0.014 -30"><span class='ocrx_word' id='word_1_176' title='bbox 115 3887 210 3988; x_wconf 87' lang='lat' dir='ltr'><strong>apud</strong></span> <span class='ocrx_word' id='word_1_177' title='bbox 229 3889 384 3962; x_wconf 90' lang='lat' dir='ltr'><strong>eundem</strong></span> <span class='ocrx_word' id='word_1_178' title='bbox 402 3905 468 3978; x_wconf 84' lang='lat' dir='ltr'><strong>cst,</strong></span> <span class='ocrx_word' id='word_1_179' title='bbox 692 3969 707 3986; x_wconf 55' lang='grc'><em>,</em></span> 
     </span>
    </p>

    <p class='ocr_par' dir='ltr' id='par_1_13' title="bbox 113 4004 1257 4332">
     <span class='ocr_line' id='line_1_32' title="bbox 273 4004 1013 4102; baseline -0.004 -24"><span class='ocrx_word' id='word_1_180' title='bbox 273 4005 511 4102; x_wconf 80' lang='lat' dir='ltr'><strong>Trahuntque</strong></span> <span class='ocrx_word' id='word_1_181' title='bbox 526 4007 641 4078; x_wconf 71' lang='lat' dir='ltr'><strong>siccos</strong></span> <span class='ocrx_word' id='word_1_182' title='bbox 658 4004 828 4078; x_wconf 79' lang='lat' dir='ltr'><strong>machino</strong></span> <span class='ocrx_word' id='word_1_183' title='bbox 847 4005 1013 4076; x_wconf 81' lang='lat' dir='ltr'><strong>carinas:</strong></span> 
     </span>
     <span class='ocr_line' id='line_1_33' title="bbox 113 4117 1257 4215; baseline 0.002 -27"><span class='ocrx_word' id='word_1_184' title='bbox 113 4143 188 4214; x_wconf 89' lang='lat' dir='ltr'><strong>quo</strong></span> <span class='ocrx_word' id='word_1_185' title='bbox 212 4133 327 4192; x_wconf 83' lang='lat' dir='ltr'><strong>metro</strong></span> <span class='ocrx_word' id='word_1_186' title='bbox 350 4121 460 4194; x_wconf 76' lang='lat' dir='ltr'><strong>semel</strong></span> <span class='ocrx_word' id='word_1_187' title='bbox 480 4135 621 4193; x_wconf 89' lang='lat' dir='ltr'><strong>tantum</strong></span> <span class='ocrx_word' id='word_1_188' title='bbox 641 4146 726 4193; x_wconf 84' lang='lat' dir='ltr'><strong>usus</strong></span> <span class='ocrx_word' id='word_1_189' title='bbox 743 4133 808 4191; x_wconf 89' lang='lat' dir='ltr'><strong>est.</strong></span> <span class='ocrx_word' id='word_1_190' title='bbox 861 4117 1003 4190; x_wconf 81' lang='lat' dir='ltr'><strong>Feritur</strong></span> <span class='ocrx_word' id='word_1_191' title='bbox 1025 4117 1121 4215; x_wconf 81' lang='lat' dir='ltr'><strong>prior</strong></span> <span class='ocrx_word' id='word_1_192' title='bbox 1137 4145 1213 4191; x_wconf 86' lang='lat' dir='ltr'><strong>ver·</strong></span> <span class='ocrx_word' id='word_1_193' title='bbox 1227 4151 1257 4203; x_wconf 78' lang='lat'><strong>57</strong></span> 
     </span>
     <span class='ocr_line' id='line_1_34' title="bbox 114 4233 1215 4332; baseline 0.003 -28"><span class='ocrx_word' id='word_1_194' title='bbox 114 4259 176 4308; x_wconf 81' lang='lat' dir='ltr'><strong>sus</strong></span> <span class='ocrx_word' id='word_1_195' title='bbox 205 4233 416 4320; x_wconf 78' lang='lat' dir='ltr'><strong>ditrochaeo,</strong></span> <span class='ocrx_word' id='word_1_196' title='bbox 445 4235 575 4310; x_wconf 88' lang='lat' dir='ltr'><strong>deinde</strong></span> <span class='ocrx_word' id='word_1_197' title='bbox 604 4235 749 4332; x_wconf 80' lang='lat' dir='ltr'><strong>dactylo</strong></span> <span class='ocrx_word' id='word_1_198' title='bbox 780 4235 833 4306; x_wconf 86' lang='lat' dir='ltr'><strong>vel</strong></span> <span class='ocrx_word' id='word_1_199' title='bbox 873 4233 1134 4332; x_wconf 80' lang='lat' dir='ltr'><strong>amphimacro,</strong></span> <span class='ocrx_word' id='word_1_200' title='bbox 1160 4261 1215 4307; x_wconf 78' lang='lat' dir='ltr'><strong>oe-</strong></span> 
     </span>
    </p>
   </div>
   <div class='ocr_carea' id='block_1_6' title="bbox 17 4431 1212 4590">
    <p class='ocr_par' dir='ltr' id='par_1_14' title="bbox 17 4431 1212 4590">
     <span class='ocr_line' id='line_1_35' title="bbox 17 4431 1212 4510; baseline 0.001 -20"><span class='ocrx_word' id='word_1_201' title='bbox 17 4477 18 4480; x_wconf 21' lang='lat'><em>*</em></span> <span class='ocrx_word' id='word_1_202' title='bbox 153 4436 395 4509; x_wconf 80' lang='lat' dir='ltr'><strong>01v1n]xv11².</strong></span> <span class='ocrx_word' id='word_1_203' title='bbox 489 4435 697 4508; x_wconf 74' lang='lat' dir='ltr'><strong>Pchotiaoum]</strong></span> <span class='ocrx_word' id='word_1_204' title='bbox 715 4431 938 4490; x_wconf 77' lang='lat' dir='ltr'><strong>choriambicum</strong></span> <span class='ocrx_word' id='word_1_205' title='bbox 953 4433 985 4490; x_wconf 90' lang='lat' dir='ltr'><strong>P.</strong></span> <span class='ocrx_word' id='word_1_206' title='bbox 1075 4435 1212 4510; x_wconf 70' lang='lat' dir='ltr'><strong>tneque]</strong></span> 
     </span>
     <span class='ocr_line' id='line_1_36' title="bbox 17 4513 990 4590; baseline -0.003 -19"><span class='ocrx_word' id='word_1_207' title='bbox 17 4525 18 4542; x_wconf 66' lang='lat'>¹</span> <span class='ocrx_word' id='word_1_208' title='bbox 115 4533 170 4572; x_wconf 85' lang='lat' dir='ltr'><strong>occ</strong></span> <span class='ocrx_word' id='word_1_209' title='bbox 183 4515 212 4571; x_wconf 92' lang='lat' dir='ltr'><strong>P.</strong></span> <span class='ocrx_word' id='word_1_210' title='bbox 297 4514 468 4590; x_wconf 69' lang='lat' dir='ltr'><strong>&#39;Dimetro]</strong></span> <span class='ocrx_word' id='word_1_211' title='bbox 485 4515 627 4572; x_wconf 83' lang='lat' dir='ltr'><strong>Trimetro</strong></span> <span class='ocrx_word' id='word_1_212' title='bbox 642 4517 672 4572; x_wconf 87' lang='grc' dir='ltr'><strong>Ρ.</strong></span> <span class='ocrx_word' id='word_1_213' title='bbox 755 4513 813 4586; x_wconf 63' lang='grc' dir='ltr'><strong>8η]</strong></span> <span class='ocrx_word' id='word_1_214' title='bbox 830 4517 943 4589; x_wconf 73' lang='lat' dir='ltr'><strong>nouato</strong></span> <span class='ocrx_word' id='word_1_215' title='bbox 959 4513 990 4568; x_wconf 89' lang='lat' dir='ltr'><strong>P.</strong></span> 
     </span>
    </p>
   </div>
   <div class='ocr_carea' id='block_1_7' title="bbox 635 4608 703 4680">
    <p class='ocr_par' dir='ltr' id='par_1_15' title="bbox 635 4608 703 4680">
     <span class='ocr_line' id='line_1_37' title="bbox 635 4608 703 4680; baseline 0 0"><span class='ocrx_word' id='word_1_216' title='bbox 635 4608 703 4680; x_wconf 81' lang='lat' dir='ltr'><strong>uh</strong></span> 
     </span>
    </p>
   </div>
   <div class='ocr_carea' id='block_1_8' title="bbox 0 0 1542 5140">
    <p class='ocr_par' dir='ltr' id='par_1_16' title="bbox 0 0 1542 5140">
     <span class='ocr_line' id='line_1_38' title="bbox 0 0 1542 5140; baseline 0 7"><span class='ocrx_word' id='word_1_217' title='bbox 0 0 1542 5140; x_wconf 95' lang='lat' dir='ltr'><strong> </strong></span> 
     </span>
    </p>
   </div>
  </div>
 </body>
</html>
