3082 5140
299 309 371 370 sos
771 293 931 398 Rasum

301 493 324 524 ‘⁸
343 479 492 580 longior,
509 481 572 577 qui
598 479 893 556 commodissime
917 483 1119 582 putatoria
1145 481 1306 557 column
1328 510 1413 558 ors-
1500 517 1503 562 t

302 608 324 640 “
342 597 478 670 tionem
498 595 639 696 illigari,
656 623 741 672 cum
760 597 808 670 sit
823 596 978 698 duplex:
1004 623 1089 672 naus
1108 611 1169 670 sut
1186 625 1208 670 c
1225 599 1340 698 longa
1356 615 1413 673 est
1502 585 1503 612 i

302 723 325 754 ‘⁴
343 725 380 786 et
396 711 511 786 tribus
529 713 708 800 brevibus,
724 713 787 812 qui
805 737 977 788 numerus
994 714 1031 786 in
1050 713 1170 814 pn'mo
1185 714 1300 813 viget,
1310 715 1416 812 jsoet

302 839 325 870 “
344 828 381 902 in
399 843 582 904 extremo:
608 843 671 903 aut
687 855 708 902 e
725 827 877 902 totidem
905 829 1073 902 brevibus
1094 843 1131 902 et
1153 829 1277 929 longa,
1295 857 1411 928 quem

303 957 325 988 ‘⁶
343 945 482 1046 optime
503 945 629 1020 cadere
654 959 803 1018 censent
819 959 977 1018 veteres:
1003 971 1072 1042 ego
1089 971 1162 1017 non
1188 946 1302 1044 plane
1330 948 1414 1043 reji-

303 1071 326 1104 “
343 1061 412 1152 cio,
429 1060 491 1136 scd
509 1061 596 1136 alios
614 1077 804 1162 antepono.
854 1061 951 1136 Nam
980 1062 1161 1162 spondeus
1182 1079 1238 1135 est
1254 1063 1410 1162 quid·

303 1189 326 1220 “
344 1178 506 1252 funditus
532 1175 795 1278 repudiandus:
822 1179 888 1252 etsi
916 1177 1014 1277 quod
1040 1191 1096 1252 est
1120 1206 1141 1252 e
1162 1179 1296 1277 longis,
1319 1177 1413 1252 k‘he-

303 1305 326 1336 ‘⁸
345 1293 460 1368 bctior
471 1292 612 1367 videtur
623 1307 660 1368 et
676 1293 822 1384 tardior,
836 1293 946 1368 habet
963 1309 1085 1368 tamen
1103 1294 1271 1368 stabilem
1293 1321 1412 1392 quen·
1502 1309 1503 1380 ζ

303 1421 326 1454 “
345 1409 427 1484 dam
446 1425 482 1483 ct
500 1436 571 1484 non
595 1423 780 1509 expertem
804 1409 991 1509 dignitatis
1016 1409 1181 1508 gradum,
1196 1409 1233 1482 in
1261 1410 1412 1484 incisio-

303 1537 326 1568 “
345 1525 452 1598 nibus
471 1550 554 1598 vero
576 1525 828 1627 multomagis
851 1545 888 1600 et
905 1525 941 1600 in
962 1527 1156 1612 membris;
1180 1528 1406 1627 paucitatem

302 1653 325 1682 “
345 1641 443 1714 enim
462 1639 595 1740 pedum
615 1641 789 1740 gravitate
806 1669 869 1716 sua
886 1657 923 1718 et
939 1642 1107 1718 tarditate
1124 1645 1372 1742 compensat*
1502 1715 1503 1720 ,

256 1783 288 1832 4²
351 1755 535 1832 ¹Donatus
548 1756 593 1830 de
606 1757 794 1832 structuris
812 1773 849 1832 et
866 1757 1018 1858 pedibus
1037 1755 1222 1832 koratoriis
1235 1784 1410 1832 numero-
1502 1789 1503 1798 ³

301 1901 380 1948 rum
396 1873 447 1948 sic
461 1871 569 1948 dicit:
598 1873 762 1948 “Cicero
779 1874 816 1948 in
834 1872 1083 1948 ¹exornatione
1101 1873 1289 1948 sententiae
1308 1875 1409 1950 clau-
1502 1959 1503 1988 ¹

301 2001 324 2032 “
343 1989 490 2088 sulaque
516 1987 683 2086 ponenda
705 1987 815 2062 modo
840 1989 1075 2064 ditrochoeum
1104 1991 1234 2089 probat
1259 1989 1407 2088 pedem,

301 2115 323 2145 ‘⁴
344 2103 451 2178 niodo
485 2129 611 2204 paeana
642 2105 800 2205 primum
838 2119 961 2206 aptum
994 2105 1263 2204 incipientibus,
1296 2105 1406 2178 modo

301 2231 323 2260 “
342 2247 465 2318 limana
491 2235 661 2318 quartum
690 2221 898 2294 finientibus
924 2247 1138 2320 congruum,
1155 2221 1266 2294 modo
1291 2221 1405 2294 doch·
1502 2207 1503 2216 ἵ

300 2335 455 2408 “mium
477 2361 522 2410 ex
547 2337 644 2410 brevi
671 2351 707 2410 et
732 2336 871 2411 duabus
897 2336 1013 2436 longis
1036 2349 1074 2410 et
1096 2336 1194 2410 brevi
1219 2351 1258 2408 et
1284 2337 1404 2436 longa,
1502 2369 1503 2396 ³

300 2461 323 2493 “
342 2451 445 2548 cujus
462 2453 628 2552 exempla
647 2452 779 2552 posuit,
796 2453 929 2528 amicos
946 2463 1055 2542 tenes,
1072 2451 1180 2526 modo
1199 2453 1404 2552 amphima-

300 2579 442 2642 “crum
470 2567 612 2667 pedem,
630 2583 666 2642 et
693 2595 813 2642 rursus
839 2567 949 2642 modo
966 2567 1165 2667 dactylum,
1183 2568 1295 2642 modo
1322 2596 1405 2644 ana-

301 2695 323 2726 “
341 2699 507 2784 mestum,
526 2682 634 2756 modo
652 2683 926 2784 dithyrambum
946 2684 1130 2758 claudat?

341 2801 503 2874 nProbus
521 2799 566 2873 de
584 2801 743 2874 numeris
761 2800 944 2876 oratoriis:
971 2811 993 2842 ‘⁴
1006 2800 1201 2874 Trochaeus
1219 2813 1257 2872 et
1275 2816 1403 2900 ⁰paean

301 2927 323 2958 ‘⁶
342 2917 479 3006 tertius,
504 2917 612 2990 faciet
638 2917 738 2991 illam
776 2932 991 2992 structuram
1020 2915 1142 2990 Tullio
1170 2917 1403 3016 peculiarem,

300 3047 323 3078 “
340 3049 438 3108 lesse
453 3033 651 3109 uideatur?

350 3151 500 3224 ‘tCicero
516 3149 561 3224 de
589 3149 750 3222 numeris
767 3163 803 3222 ct
821 3148 974 3248 pedibus
991 3147 1152 3222 oratoriis
1180 3149 1252 3222 sic:
1280 3149 1401 3224 “Jam

300 3277 323 3308 ‘⁶
342 3293 455 3368 paean,
473 3265 570 3364 quod
593 3265 713 3366 plures
732 3266 841 3340 habet
867 3265 1022 3366 syllabas
1039 3291 1148 3363 quam
1175 3279 1259 3354 tres,
1277 3293 1402 3340 nume-

301 3393 323 3424 “
342 3409 401 3454 rus
428 3408 448 3454 a
474 3381 703 3478 quibusdam,
727 3394 819 3454 rnon
848 3409 911 3480 pes
938 3381 1100 3454 habetur.
1153 3381 1221 3454 Est
1252 3381 1398 3480 quidem

228 3487 233 3498 ,
301 3508 324 3538 “
344 3501 399 3590 (ut
433 3496 526 3568 intcr
559 3522 684 3570 omnes
719 3511 859 3570 constat
892 3497 1070 3593 antiquos,
1097 3497 1330 3570 Aristotelem
1365 3511 1399 3572 et

301 3625 323 3656 ‘⁴
341 3610 648 3712 Theophrastum,
663 3612 923 3702 Theodectem,
944 3611 1150 3712 Ephorum)
1171 3639 1265 3686 unus
1292 3613 1398 3714 aptis-

301 3743 323 3776 “
342 3733 454 3807 simus
480 3727 644 3814 orationi,
659 3728 716 3802 vel
741 3727 882 3816 orienti,
901 3729 954 3800 vcl
982 3727 1123 3816 mediae,
1141 3742 1273 3827 putant
1290 3729 1394 3801 etiam

340 3931 510 4006 lthebetior]
528 3927 750 4010 abjectiorVen.
815 3925 996 4007 lespertcm]
1012 3939 1154 4004 expertem
1168 3927 1236 3986 Ald.
1317 3925 1396 3985 tuo

299 4013 493 4074 nctus—dicit
505 4031 565 4074 ons.
581 4011 654 4070 Veu.
763 4005 780 4050 ¹¹
794 4009 937 4086 oratoriis]
954 4007 1071 4065 oraturis
1086 4007 1150 4066 Ald.
1260 4005 1269 4050 ¹
1283 4027 1397 4066 exorna·

299 4093 391 4168 dorse]
408 4092 621 4154 exordinatione
634 4091 700 4150 Atd.
803 4086 947 4167 ¹¹poeana]
965 4107 1066 4164 peona
1079 4089 1153 4146 Ven.
1252 4089 1394 4164 ntandei]

300 4172 395 4232 laudat
410 4173 481 4234 Veu.
496 4173 560 4234 Ald.
683 4183 698 4216 ὓ
720 4169 999 4230 Probus-oratoriis
1020 4189 1078 4228 om.
1097 4170 1172 4228 Ven.
1193 4171 1315 4229 oratoris
1335 4169 1395 4228 Ald.

298 4265 315 4298 ⁰
327 4255 422 4328 paean]
440 4275 521 4332 paron
538 4255 611 4312 Ven.
627 4266 657 4312 et
667 4253 718 4312 int.
842 4261 934 4312 Pesse
946 4249 1087 4324 videntur]
1110 4250 1236 4312 videatur
1249 4269 1312 4310 esse
1326 4251 1396 4309 Ven.

299 4341 312 4379 ι1
328 4335 406 4392 Orat.
422 4353 447 4392 c.
462 4335 512 4407 64.
533 4333 714 4392 Cicero-sic
728 4353 785 4392 om.
802 4333 874 4390 Ven.
981 4341 1066 4388 'non
1082 4351 1133 4410 pes
1148 4331 1325 4406 noruinatur]
1341 4351 1394 4390 non

299 4434 347 4492 pes
362 4413 488 4471 hahetur.
505 4412 667 4470 nuntiantes
682 4413 745 4469 Ald.
