3100 5142
209 313 340 376 cana.
564 297 959 400 Debendeeosyllobo.
1240 311 1318 392 319

208 490 276 561 bus
307 511 393 560 usus
422 497 488 572 est,
515 497 552 558 et
578 483 820 584 Bacchylides
854 485 892 557 in
920 477 1153 575 carminibus,
1180 485 1316 558 etalii.
1355 529 1358 538 .

210 605 325 679 Heroi
344 617 466 678 antem
485 599 655 700 dactylici
672 623 754 701 pars
772 613 826 673 est
844 601 914 675 boo
932 599 1052 683 modo,

297 722 404 786 Casto
417 740 499 807 qam
512 737 703 782 venerantur
720 714 868 804 Olympio
883 717 998 804 templo
1013 726 1160 781 tenentes.

212 831 350 914 Quinta
367 829 494 902 divisio
512 843 568 901 est
585 827 887 927 hendecasyllabi,
907 829 976 902 boc
994 829 1173 928 exemplo,
1331 862 1358 911 ¹5

386 947 492 1009 δαείω
507 945 653 1008 Pierides
668 963 777 1006 novem
791 965 926 1008 aororea.

211 1055 310 1130 Nam
348 1055 548 1129 secundnm
586 1055 744 1156 primum
789 1056 988 1154 spondeum
1034 1057 1186 1131 insertus
1230 1057 1316 1132 huic

212 1171 515 1271 hendecasyllabo
545 1187 746 1270 anapaestus
780 1169 939 1244 ionicum
976 1173 1171 1247 Sotadeum
1207 1175 1313 1260 facit3

213 1287 278 1377 sic,
380 1281 382 1284 ⁵

387 1403 494 1468 Caatoe
509 1401 622 1466 dociles
637 1401 782 1466 Pierides
796 1423 905 1466 novem
921 1425 1054 1468 sorores.

213 1513 272 1586 Ex
290 1539 363 1612 quo
380 1539 453 1585 non
471 1525 527 1585 est
544 1511 747 1584 mirandum
775 1511 872 1609 quod
894 1513 1008 1586 Varro
1034 1514 1071 1586 in
1089 1513 1316 1614 Cynodidas-

213 1630 327 1704 calleo
346 1627 573 1702 dPhalaecion
593 1640 748 1700 metrum
776 1627 935 1702 ionicum
959 1629 1174 1704 trimetrum
1191 1634 1316 1734 appel-

213 1749 276 1834 lat,
292 1744 440 1843 quidam
459 1744 619 1817 ionicum
638 1743 826 1816 minorem.

262 1861 374 1934 Sexta
391 1859 520 1933 divisio
538 1873 593 1932 est
616 1859 686 1932 hoc
703 1861 883 1960 exemplo,
1332 1887 1367 1938 16·

387 1975 451 2038 cot
466 1973 547 2036 dono
558 1973 697 2060 lepidum
711 1995 827 2036 nowen
841 1974 987 2052 libellum,

216 2087 284 2159 Par
300 2097 355 2158 est
372 2086 467 2210 enim
488 2083 596 2182 priora
586 2081 690 2156 Cui
706 2082 809 2174 dono,
826 2085 943 2182 quod
965 2085 1094 2160 accidit
1113 2088 1223 2161 heroo
1241 2114 1316 2160 me-

219 2219 275 2276 “⁰
301 2201 402 2382 SicCui
417 2313 497 2381 dono
512 2316 640 2380 titulum
659 2315 767 2401 Trojae
780 2317 835 2403 qni
844 2317 974 2402 primus
987 2315 1027 2379 ab
1041 2319 1115 2382 orie.

218 2423 374 2524 Reliqua
390 2452 469 2524 pars
486 2424 789 2522 hendecasyllabi,

388 2541 543 2628 Lapidem
557 2561 674 2604 novum
688 2539 836 2620 libellum,

215 2639 514 2718 ‘Anacreonteon
532 2641 620 2716 facit
651 2656 803 2733 metron,
829 2657 912 2718 octo
939 2647 1158 2745 syllabarum
1184 2647 1313 2720 iambi-

216 2780 298 2832 cum
318 2759 366 2832 ab
392 2772 572 2858 anapaesto
597 2755 788 2856 incipiens,
804 2760 909 2857 quale
934 2777 989 2835 est
1015 2763 1103 2836 illud
1131 2763 1225 2862 apud
1244 2763 1317 2837 Le-

215 2875 357 2974 pidum,

388 2991 468 3054 Meo
488 2993 617 3058 Variam
630 2999 752 3063 ornabo.

264 3101 324 3176 Ex
343 3103 412 3175 boo
426 3104 583 3177 nascitur
597 3107 842 3182 ssGalliambus
856 3105 1008 3206 repetito
1026 3107 1096 3178 hoe
1112 3117 1240 3194 metro,
1252 3105 1314 3178 sed
1331 3140 1360 3192 η

216 3243 288 3290 una
310 3217 448 3317 syllaba
464 3217 621 3294 detracta
641 3238 681 3296 ut
708 3224 837 3297 habeat
863 3221 1083 3322 semipedem
1106 3222 1317 3314 clausulam,

218 3333 325 3430 quale
342 3348 396 3406 est
415 3333 496 3420 hoc,
1016 3389 1020 3398 ·

341 3446 425 3515 Meo
444 3450 573 3514 Votieno
586 3451 717 3516 omum:
739 3451 841 3518 ὴΜειι
860 3456 990 3572 Vaterno
1002 3477 1087 3519 anau.

217 3557 268 3630 Et
285 3558 374 3632 illud
393 3558 574 3632 similiter.

345 3671 501 3760 Lepidum
515 3695 633 3739 nonum
649 3677 817 3742 libellnmr
827 3681 952 3768 lapidera
965 3704 1067 3748 nouus
1082 3684 1171 3750 tiber.
1264 3727 1269 3738 .

218 3783 319 3857 Huic
336 3811 442 3884 pares
460 3805 543 3859 sunt
561 3786 657 3886 apud
677 3789 941 3866 Maecenatem:

344 3900 440 3980 Ades,
455 3903 571 3990 inquit,
585 3924 604 3968 o
620 3903 742 3990 Cybele,
744 3907 829 3990 firo
844 3910 997 3974 meantium
1011 3909 1095 3986 Dea,

344 4002 441 4082 Ades,
456 4014 486 4068 et
499 4013 630 4069 anaante
644 4013 794 4094 tymporw
808 4011 1050 4096 quotefleolbr'le
1062 4018 1167 4096 caput.

257 4207 272 4256 ἃ
289 4213 461 4289 Phalerim]
470 4215 606 4290 soleclum
622 4219 658 4276 V
852 4221 962 4292 ‘quod
964 4221 1080 4294 occidit]
1098 4233 1150 4296 qne
1163 4223 1267 4280 accedit
1277 4221 1319 4281 V.

216 4289 484 4370 ¹Anacreonteiurn]
501 4299 722 4357 Anacreonteum
736 4298 773 4355 V.
789 4300 1006 4356 Anacreontoon
1021 4301 1100 4359 Med.
1193 4313 1210 4358 Β
1228 4305 1318 4361 Galli·

215 4374 593 4514 αιέἰιὸωψαζὶᾳωὸυῖς
518 4376 554 4434 V.
569 4392 599 4436 et
609 4379 654 4438 'sie
666 4377 806 4480 ubique
844 4376 948 4454 hmeu]
966 4380 1107 4456 etsociot,
1121 4401 1183 4441 meo
1200 4381 1319 4502 Votieno

217 4473 235 4509 o
299 4473 315 4510 ο
1178 4496 1181 4504 ·
