3076 5140
303 413 376 478 aas
729 395 851 470 Marii
868 395 987 470 Plotia·

303 597 459 661 metrum
485 608 530 658 ex
557 579 726 654 brevibus
751 579 923 652 omnibus
947 591 1128 670 constans,
1152 593 1277 652 contra
1300 607 1415 678 apon-

303 699 478 776 deadeum
497 695 658 792 undique
685 695 849 794 longum,
867 693 965 791 quod
983 693 1163 792 dactylico
1180 693 1336 782 additur,
1356 722 1416 768 se-

302 838 386 889 cum
416 813 535 886 habet.
587 811 750 884 Ionicum
767 809 901 909 duplex
926 822 1004 892 eat;
1030 823 1087 882 est
1101 809 1200 884 enim
1218 835 1243 882 a
1259 809 1414 907 mrry'ere,

303 935 374 1000 ‘est
391 941 427 1000 et
445 951 468 1000 a
485 926 634 1000 minore.

274 1077 291 1128 ⁶
354 1043 416 1114 Sic
432 1067 520 1140 ergo
537 1053 651 1114 metra
669 1051 752 1112 sunt
771 1039 949 1138 generalia
968 1063 1014 1111 ex
1031 1059 1115 1112 octo
1129 1037 1310 1128 undecim,
1326 1037 1416 1111 dac-

303 1157 471 1256 tylicum,
498 1154 780 1254 spondeadeum,
814 1154 1084 1253 anapaesueum,
1118 1153 1415 1251 proceleusmati-

303 1297 401 1361 cum,
429 1271 639 1359 iambicum,
663 1270 903 1358 trochaicum,
927 1269 1227 1357 choriambicum,
1252 1269 1415 1368 antispa-

304 1389 449 1476 sticum,
478 1385 694 1486 paecnicum,
724 1385 883 1458 ionicum
919 1385 1049 1480 majus,
1083 1385 1243 1458 ionicum
1275 1385 1412 1460 minus.

277 1501 543 1602 rDactylicum
561 1512 717 1572 metrum
735 1499 843 1572 'solis
862 1499 1087 1598 simplicibus
1110 1497 1293 1572 scanditur
1309 1497 1414 1598 pedi-

305 1620 383 1706 bus,
413 1615 570 1714 dactylo,
605 1613 779 1713 spondeo,
809 1615 982 1704 trochaeo,
1014 1615 1076 1688 sed
1111 1615 1146 1688 in
1182 1615 1413 1687 'novissimo

304 1731 404 1813 loco;
444 1729 607 1828 quamvis
639 1728 787 1825 quidam
817 1729 1015 1802 trochaeum
1050 1730 1183 1802 necin
1212 1729 1414 1802 novissima

303 1843 471 1940 dactylici
499 1843 603 1918 metri
631 1857 731 1942 parte
756 1842 993 1932 ¹eoneedant,
1015 1845 1188 1940 quoniam
1212 1843 1413 1917 novissima

304 1957 443 2056 syllaba
461 1956 497 2028 in
515 1957 615 2030 omni
644 1971 759 2030 metro
777 1957 981 2032 indifferens
1003 1971 1070 2044 est,
1088 1958 1151 2032 sed
1177 1959 1246 2032 hac
1268 1984 1334 2031 sua
1356 1985 1414 2031 ra-

276 2073 402 2148 stione
427 2083 558 2146 errant.
608 2071 691 2144 Alia
710 2087 824 2146 metra
840 2098 924 2146 vero
945 2101 1009 2172 per
1026 2073 1178 2169 συζυγίαν,
1195 2075 1251 2147 vel
1279 2072 1413 2146 larabiae

304 2185 557 2260 tscanduntur.
604 2187 739 2282 Συζνγία
756 2185 941 2286 disyllabis
962 2188 1116 2286 pedibus
1135 2188 1274 2284 junctis
1293 2214 1410 2262 unum

304 2302 390 2377 facit
407 2301 560 2402 pedem:
578 2301 695 2376 laralia
707 2327 791 2378 vero
804 2303 965 2400 quinque
977 2304 1032 2376 vel
1048 2329 1112 2376 sex
1129 2303 1295 2402 'syllabis
1309 2329 1412 2377 com-

304 2417 432 2518 posita,
450 2415 603 2516 pedibus
620 2415 717 2488 unde
734 2429 876 2488 constat
891 2417 1074 2490 scanditur
1091 2417 1273 2514 separatis.

277 2564 293 2616 9
357 2531 561 2632 Praepositis
575 2531 698 2604 metris
717 2531 794 2604 hoec
805 2531 1029 2604 considerare
1040 2531 1225 2622 debemus,
1242 2557 1287 2604 an
1300 2558 1412 2630 gene-

306 2649 394 2722 ralia
404 2647 487 2736 sint,
500 2659 541 2718 ut
550 2644 854 2745 dactylicum⁸vel
868 2645 1077 2737 iambicum,
1086 2675 1132 2722 au
1144 2647 1311 2746 specialia
1324 2648 1410 2738 sint,

306 2775 346 2836 ut
365 2761 548 2836 heroicum
568 2759 892 2860 Hipponacticum.
940 2760 1086 2836 Deinde
1103 2763 1343 2859 quantitatem
1363 2789 1410 2836 an

264 2907 294 2942 ιο
307 2875 514 2967 dimetrum,
545 2902 590 2950 an
624 2875 839 2960 trimetrum,
870 2902 914 2948 an
950 2890 1211 2950 tetrametrum.
1262 2876 1410 2951 Deinde

306 2995 482 3082 κατάληξιν,
510 2991 614 3089 cujus
640 2990 797 3092 bspecies
823 3003 909 3064 sunt
933 3004 1114 3088 quattuor,
1144 2991 1411 3080 acatalecticus,

306 3121 407 3208 ⁰quae
425 3111 507 3184 linit
523 3135 607 3184 suos
624 3107 746 3207 pedes,
762 3107 819 3178 vel
845 3131 990 3180 suorum
1009 3106 1144 3205 pedum
1164 3120 1329 3206 tempora
1347 3107 1411 3179 ha-

307 3225 445 3314 bentes,
472 3236 512 3296 ut
538 3237 627 3322 puta
652 3219 842 3320 “dactylici
874 3220 909 3294 in
937 3220 1122 3319 dactylum
1152 3221 1207 3292 vel
1239 3220 1275 3292 in
1300 3247 1411 3320 spon-

306 3337 428 3428 deum,
445 3339 501 3412 vel
528 3340 683 3436 aliquem
703 3351 757 3410 tot
776 3337 969 3410 habentem
996 3347 1172 3434 tempora,
1189 3350 1278 3434 quot
1296 3335 1407 3410 etiam

307 3449 485 3551 dactylus,
502 3468 553 3542 ut,

394 3567 662 3654 Quadntprdunte
672 3576 797 3654 putrem
815 3569 922 3632 cerritu
936 3569 1039 3654 quatit
1053 3569 1181 3654 ungala
1190 3567 1362 3654 puluerem.

307 3677 374 3767 vel,
393 3793 437 3858 Aa
450 3793 526 3858 teba
540 3791 709 3858 terribilem
724 3793 862 3856 sonitum
874 3791 988 3878 procul
1003 3811 1065 3854 cre
1079 3811 1206 3856 canoro.

264 3944 289 3980 ιι
307 3904 526 3995 Catalectus,
545 3901 680 4004 species
704 3913 758 3973 est
777 3925 858 3997 quae
883 3900 1003 3974 minus
1027 3926 1099 3973 una
1125 3900 1263 3998 syllaba
1288 3899 1411 3972 termi-

347 4103 416 4162 test
430 4116 460 4162 et
473 4105 504 4178 α]
522 4113 549 4161 et
562 4123 619 4162 orn.
636 4101 671 4159 L.
753 4097 862 4171 vsolis]
880 4099 928 4156 Sic
941 4097 978 4156 L.
993 4101 1080 4159 solum
1095 4097 1253 4157 Putsclrius.
1319 4107 1341 4139 '¹
1356 4118 1411 4157 no·

307 4183 422 4242 sissimo
433 4185 511 4260 loco]
529 4184 577 4243 Sic
592 4184 626 4242 L.
638 4183 782 4240 ιιουίιιὶιιια
793 4187 876 4255 parte
889 4179 1049 4237 Putacbius.
1120 4189 1137 4222 ¹
1150 4179 1327 4253 concedunt]
1344 4197 1410 4236 con-

306 4267 404 4322 cedent
419 4265 455 4323 L.
518 4262 734 4336 recunduntur]
751 4261 798 4320 Sic
813 4259 849 4318 L.
869 4263 1003 4318 scandunt
1019 4258 1179 4318 Puttchius.
1253 4257 1406 4336 ¹syllabis]

306 4347 474 4422 syllabarum
488 4347 523 4404 L.
664 4355 679 4386 ⁸
692 4343 736 4401 vel
748 4363 806 4400 om.
823 4341 857 4398 la.
993 4337 1010 4382 b
1024 4353 1091 4398 sunt
1105 4341 1253 4418 quattuor]
1270 4347 1335 4396 runt
1348 4358 1408 4397 om.

307 4423 467 4496 Putsclrius.
549 4427 653 4504 οιιιιιιι]
669 4423 716 4483 Sic
729 4423 764 4482 L.
786 4424 833 4498 qai
846 4419 1005 4479 Putscbius.
1091 4417 1107 4463 ‘¹
1121 4419 1252 4498 dactylici
1267 4419 1296 4478 in
1311 4419 1409 4496 dacty-

306 4505 380 4580 lunt]
396 4509 560 4584 dactylicum
575 4511 603 4563 in
616 4507 779 4578 dactylicum
796 4503 831 4558 L.
