3100 5142
158 440 241 491 car.
263 431 295 506 1,
314 433 348 490 2.
587 415 652 490 De
668 415 815 490 litteris.
1185 431 1257 494 333

159 601 272 701 (quod
291 601 410 695 aiunt)
429 600 693 696 repetendam
710 615 776 694 est,
794 616 835 676 ut
856 601 902 676 de
919 601 1042 677 metris
1059 603 1146 703 ipsis
1163 605 1262 705 prin-

157 719 335 818 cipalibus
352 731 435 791 ante
455 731 694 818 ‘percurram
713 745 787 818 quo
804 719 921 818 magis
940 719 1029 809 haec,
1047 719 1180 817 quibus
1206 721 1261 795 in-

123 849 128 863 ·
159 833 355 922 tendimus,
371 833 407 906 in
426 847 550 933 aperto
565 860 644 908 esse
657 834 806 934 possint.
836 834 908 908 Sed
928 835 985 920 (ut
1001 835 1062 908 ine
1075 836 1140 932 ait)
1159 862 1261 935 carp-

159 953 226 1026 tim
246 952 386 1049 utique,
398 975 479 1046 quae
496 950 671 1024 memoria
683 951 794 1050 digna
806 949 1032 1038 videbantur,
1049 951 1115 1024 bde
1136 951 1260 1025 multis

160 1069 365 1144 auctoribus
391 1081 560 1166 excerpta
582 1067 783 1167 perscripsi.
835 1067 943 1151 Quod
971 1067 999 1140 si
1024 1069 1147 1142 omnia
1171 1069 1260 1144 velis

160 1199 427 1286 cognoscereet
445 1182 594 1256 nomina
619 1197 656 1256 et
681 1211 810 1283 genera
827 1199 1037 1274 metrorum,
1054 1211 1165 1282 quom
1192 1187 1258 1260 tibi

161 1301 208 1373 ab
232 1299 384 1372 oratoria
410 1299 525 1371 otium
552 1298 671 1385 fucrit,
694 1313 829 1372 veteres
852 1301 1044 1400 clegemus,
1069 1301 1106 1375 id
1130 1316 1195 1388 est,
1218 1317 1260 1376 ut

159 1417 212 1489 ait
228 1415 404 1506 Lucilius,
420 1413 651 1516 “archetypa
669 1415 766 1490 unde
782 1416 859 1491 ltoec
873 1427 961 1492 runt
977 1419 1096 1492 omnio
1113 1427 1220 1504 noto.

369 1614 472 1696 Car.
496 1615 530 1696 Ι.
575 1619 656 1700 ⁸Do
675 1618 824 1700 litteris
843 1619 1053 1702 vocalibus.

211 1765 328 1864 Igitur
351 1762 407 1838 ‘ut
429 1791 449 1838 a
474 1781 573 1838 certo
591 1766 694 1840 initio
719 1767 959 1868 auspicemur,
976 1767 1021 1841 de
1046 1767 1173 1841 litteris
1199 1793 1260 1840 vo-

160 1881 298 1954 calibus
329 1905 444 1980 pauca
473 1879 605 1972 dicam,
639 1883 746 1957 simul
781 1911 827 1956 ne
860 1909 1007 1958 onerare
1039 1897 1077 1956 te
1105 1882 1259 1969 &videon

159 2023 271 2094 quom
291 2011 403 2070 artem
423 1997 698 2096 grammaticam
717 2013 754 2072 ct
771 1999 987 2074 intellexeris
1013 1999 1108 2100 apud
1136 2025 1206 2086 me,
1224 2013 1261 2073 ct

162 2113 348 2186 memoriae
370 2112 592 2187 mandaveris
610 2115 811 2214 diiigenter,
829 2116 1025 2216 praesertim
1044 2141 1155 2215 quom
1175 2115 1260 2188 satis

162 2227 387 2302 meminerim
406 2253 466 2302 me
482 2229 548 2302 tibi
566 2257 713 2302 omnem
731 2255 910 2304 summam
930 2245 1128 2304 metrorum
1147 2230 1262 2304 brevi-

160 2357 235 2416 tate
261 2345 474 2442 pollicitum.
525 2346 625 2445 Ergo
642 2346 782 2419 omissis
800 2348 973 2420 omnibus
991 2371 1074 2444 quae
1094 2346 1171 2443 jam
1197 2371 1288 2418 κιο-ι

161 2459 221 2550 sti,
237 2457 507 2536 hadmonendus
525 2490 575 2552 es,
591 2489 717 2535 omnes
738 2463 879 2536 vocales
905 2475 1043 2536 nostras
1070 2461 1260 2534 dichronas

161 2601 251 2662 esse,
278 2589 315 2648 et
335 2575 482 2675 produci
514 2592 551 2652 et
573 2579 721 2679 corripi:
748 2579 843 2678 apud
870 2579 1016 2652 Grecos
1039 2577 1136 2650 enim
1162 2603 1262 2650 acce-

162 2691 245 2790 pisti
273 2694 426 2791 separari
453 2709 581 2769 natura
598 2695 736 2795 longas,
753 2709 880 2769 natura
903 2697 1038 2782 breves,
1055 2708 1092 2769 et
1118 2693 1261 2768 dichro-

164 2835 238 2882 nas.

395 2935 499 3015 Cnr.
516 2933 574 3016 II.
616 2933 692 3020 'De
710 2939 1030 3021 consonantibus.

213 3081 272 3155 De
299 3083 580 3158 consonantibus
610 3085 680 3160 hoc
707 3088 814 3160 velim
844 3103 881 3160 te
909 3085 1102 3184 diiigenter
1130 3097 1261 3170 tenere,

163 3225 240 3270 esse
265 3197 361 3298 apud
389 3227 453 3272 nos
479 3201 644 3298 quoedam
674 3203 853 3276 elementa
878 3227 958 3299 quae
984 3201 1103 3274 minus
1129 3199 1258 3272 virium

165 3314 333 3405 habeant,
353 3331 390 3388 et
413 3317 464 3389 sic
491 3315 527 3389 in
553 3319 845 3416 pronuntiatione
867 3321 923 3413 (ut
948 3317 998 3390 ita
1019 3315 1189 3412 dixerim)
1221 3315 1262 3387 li-

164 3445 337 3527 qucscant
349 3445 456 3529 atque
470 3431 664 3522 solvantur,
679 3431 742 3508 J'ut
758 3447 843 3507 sunt
860 3433 877 3506 l
891 3459 926 3506 m
942 3460 968 3506 n
983 3459 1025 3518 r;
1053 3433 1130 3506 haec
1144 3433 1261 3506 Graeci

165 3547 279 3646 hygra
296 3545 513 3648 ¹‘appellant
532 3577 599 3624 nec
621 3549 712 3626 forte
732 3577 874 3625 versum
894 3550 995 3623 illum
1015 3562 1138 3624 contra
1156 3549 1261 3623 ratio·

163 3689 246 3736 nem
266 3675 370 3764 putes
388 3663 536 3754 factum,

333 3781 377 3845 At
392 3783 508 3868 regina
516 3785 620 3870 gravi
621 3783 819 3870 jamdudum
832 3783 944 3848 sanda
957 3803 1048 3859 carru,

163 3915 246 3962 nam
266 3887 316 3964 ¹in
334 3891 397 3965 illo
412 3893 503 3992 pede
520 3894 581 3993 qui
596 3908 651 3968 est
658 3895 752 3995 gina
762 3920 888 3996 grang
901 3893 1019 3967 littera
1032 3889 1262 3965 consonantis

163 4003 236 4078 vim
261 4019 410 4098 tenet‚r
435 4037 500 4108 pro
517 4011 617 4084 nulla
645 4010 807 4101 habetur,
824 4023 861 4084 et
888 4011 1000 4109 hygra
1018 4004 1130 4104 accipi
1155 4003 1262 4077 debet

205 4183 404 4258 *personam
418 4201 588 4258 proerurrorn
604 4185 638 4244 V.
721 4184 884 4260 bennun]
900 4187 935 4242 de
948 4187 1041 4242 multis
1053 4183 1090 4241 V.
1105 4203 1132 4241 r.
1148 4181 1261 4241 Sallust.

164 4265 229 4322 Cat.
245 4280 270 4319 c.
287 4279 316 4335 4.
432 4266 531 4340 stege]
550 4267 667 4340 legemus
681 4267 715 4325 V.
838 4263 1032 4341 damterypa]
1047 4265 1212 4340 orcheotppu
1227 4264 1262 4320 V.

164 4341 320 4403 e'l'itulum
336 4343 384 4400 De
397 4345 496 4403 litteris
509 4348 645 4404 comtibus
658 4347 738 4406 addit
752 4349 789 4406 V.
871 4345 998 4404 tuton.
1014 4348 1049 4401 V.
1115 4342 1261 4414 sensam]

164 4429 257 4484 videar
270 4425 303 4479 V.
405 4423 623 4504 hudmonemur]
642 4427 826 4486 admonendus
839 4448 866 4485 es
881 4429 915 4486 V.
937 4427 1008 4484 Mox
1022 4430 1168 4501 separatim
1183 4423 1262 4482 Med.

163 4503 171 4548 ῑ
188 4507 236 4564 De
248 4509 465 4564 consonantibus.
489 4509 576 4566 Hunc
590 4507 703 4567 titulum
719 4507 799 4568 addit
811 4510 845 4565 V.
924 4504 935 4563 j
951 4516 980 4564 nt
994 4509 1073 4584 runt]
1089 4515 1120 4564 ut
1131 4508 1264 4582 positione

162 4587 381 4711 ¹longanrfncere
394 4607 448 4645 non
459 4593 563 4664 possint
576 4597 639 4648 sunt
654 4589 689 4648 V.
805 4586 821 4632 k
836 4592 991 4668 appellunt]
1011 4589 1046 4650 V.
1061 4585 1141 4646 addit
1154 4597 1170 4643 λ
1182 4611 1204 4660 μ
1216 4609 1229 4640 ν
1241 4607 1264 4659 p.

186 4671 228 4746 in]
244 4671 278 4728 de
293 4669 328 4726 V.
