3100 5142
184 443 265 493 cnr.
278 432 315 494 3.
452 418 515 490 De
525 418 663 516 pedam
683 418 1006 515 compositionibus.
1205 429 1277 508 307

231 601 291 674 Ex
317 601 476 676 trochaeo
493 615 529 674 et
553 601 812 700 pentasyllnbo²
828 601 929 696 eujus
956 600 1075 676 media
1092 603 1199 701 longo
1215 616 1308 692 est,4

183 717 220 788 id
237 731 291 789 est
308 741 353 788 ex
381 716 488 813 longo
509 742 594 804 uns,
613 716 779 788 brevibus
801 715 927 804 tribus,
944 703 1150 814 longanae,
1168 716 1281 790 brevi·

183 834 250 904 bus
267 830 427 904 duobus·
455 828 656 930 Mey‘estate
671 829 881 906 miserabili.

120 1008 123 1011 .
234 945 293 1018 Ex
320 945 501 1043 tribrachy
520 959 556 1018 et
574 945 741 1035 molosso,
763 945 801 1018 id
824 960 878 1018 est
904 970 949 1018 ex
975 946 1141 1019 brevibus
1167 947 1308 1020 tribues

183 1075 220 1134 et
236 1061 353 1159 longis
370 1061 504 1134 tribus.
532 1059 717 1132 Deserere
734 1059 938 1188 compellor.

232 1175 293 1248 Ex
327 1175 511 1274 tribrachy
538 1189 575 1248 et
608 1175 728 1248 ionico
755 1174 907 1262 minore,
939 1173 974 1246 id
1003 1185 1056 1246 est
1085 1199 1130 1247 ex
1164 1176 1310 1274 longios

183 1290 346 1389 quinque
362 1304 400 1362 et
415 1291 531 1389 longis
549 1289 711 1364 duabus=
737 1289 975 1364 Incredibilia
995 1289 1195 1364 tolerando.

233 1405 293 1478 Ex
319 1407 502 1504 tribrachy
519 1420 554 1479 et
573 1406 797 1490 choriambo,
815 1405 851 1478 id
877 1419 932 1480 est
956 1429 1002 1478 ex
1027 1406 1194 1478 brevibus
1213 1406 1309 1483 tri-r

184 1523 264 1611 bus,
280 1533 317 1594 et
340 1521 448 1619 longa
471 1548 555 1610 una,
572 1535 610 1594 et
635 1519 803 1594 brevibus
829 1519 980 1606 duobus,
1002 1531 1039 1590 et
1061 1520 1168 1615 longo
1191 1545 1282 1594 una:

188 1635 306 1710 Varia
324 1638 550 1734 concupiens.

234 1750 293 1823 Ex
319 1751 500 1850 tribrachy
527 1767 565 1826 et
587 1751 704 1824 ionico
729 1751 875 1846 majore,
902 1749 1016 1824 idest
1042 1776 1087 1824 ex
1116 1749 1310 1824 brevibuss

184 1865 311 1954 tribus,
325 1879 364 1938 et
389 1867 506 1964 longis
533 1866 684 1956 duabus,
701 1881 737 1940 et
763 1867 930 1941 brevibus
955 1866 1116 1940 duobus:
1142 1867 1284 1962 Rapior

185 1981 225 2054 ia
241 1979 417 2054 turbines.

233 2095 293 2168 Ex
312 2095 494 2192 tribrachy
511 2109 548 2168 et
565 2096 825 2195 pentasyllabo,
841 2095 943 2192 cujus
961 2095 1080 2168 medin
1099 2097 1205 2193 longo
1226 2096 1312 2183 sit„

185 2211 294 2283 idest
319 2235 364 2282 ex
390 2211 556 2283 brevibus
574 2211 746 2308 quinque,
769 2213 877 2309 longa
902 2237 986 2300 uno,
1004 2211 1169 2284 brevibus
1195 2211 1283 2286 dua-

186 2327 274 2400 bus:
305 2325 454 2402 Temere
469 2327 710 2402 revocabitur.

369 2523 464 2596 Item
479 2521 675 2595 secandam
693 2523 958 2620 compositionis
972 2547 1099 2620 genas.

234 2671 295 2744 Ex
313 2670 473 2768 spondeo
490 2683 526 2742 et
543 2669 707 2756 bacchio,
721 2669 757 2742 id
776 2685 831 2743 est
847 2695 892 2742 ex
907 2669 1022 2766 longis
1038 2667 1188 2756 duabus,
1207 2669 1329 2744 bre-10

186 2787 291 2860 vibus
303 2787 429 2876 tribas,
442 2786 550 2883 longo
567 2811 657 2859 uno:
683 2783 830 2859 Bellum
847 2783 1028 2884 reficiant.

236 2900 295 2973 Ex
325 2900 485 3000 spondeo
510 2914 548 2973 et
578 2927 702 2998 paeone
736 2900 905 2989 secundo,
939 2899 974 2974 id
1006 2911 1060 2972 est
1089 2924 1133 2970 ex
1166 2897 1282 2994 longis
1299 2944 1326 2980 ι,

187 3014 339 3102 duabus,
358 3015 453 3091 brevi
473 3041 556 3102 una,
573 3014 680 3111 longa
696 3041 780 3102 uos,
792 3014 959 3086 brevibus
975 3012 1134 3086 duabus:
1156 3011 1285 3084 Armis

187 3129 403 3228 repleverat.
472 3169 475 3176 ⁴

237 3247 297 3321 Ex
323 3257 503 3345 anapaesto
521 3257 558 3317 et
575 3243 739 3334 bacchio,
756 3243 792 3316 id
812 3256 868 3316 est
885 3267 931 3316 ex
948 3241 1116 3314 brevibus
1133 3239 1285 3329 duabus,
1301 3288 1329 3322 η

186 3363 295 3460 longa
323 3387 407 3450 unn,
432 3360 530 3434 brevi
559 3385 642 3448 una,
667 3371 705 3432 et
731 3358 847 3456 longis
877 3357 1038 3432 duabus:
1063 3355 1204 3428 Aditus
1229 3382 1285 3428 so-

185 3487 326 3552 nantes.

236 3591 295 3664 Ex
322 3603 507 3689 onapaesto
524 3603 561 3662 ct
583 3615 710 3688 paeone
736 3585 905 3677 secundo,
923 3585 958 3658 id
976 3600 1030 3657 est
1048 3612 1092 3658 cx
1119 3585 1285 3660 brevibus
1301 3623 1329 3670 13

186 3706 326 3780 duabus
353 3719 389 3778 et
406 3705 513 3803 longa
532 3731 614 3788 una,
633 3703 730 3776 brevi
756 3729 839 3793 uno,
861 3707 983 3802 (longa
1000 3709 1097 3800 unm)
1119 3703 1285 3778 brevibus

187 3821 346 3894 duabus:
367 3819 515 3892 samen
517 3817 792 3920 frequentibus.

237 3935 297 4008 Ex
323 3947 503 4033 onopaesto
527 3947 564 4006 et
586 3959 713 4033 paeone
740 3947 878 4029 quarto,
904 3933 940 4006 id
967 3945 1021 4006 est
1047 3958 1092 4006 ex
1119 3931 1285 4005 brevibus
1301 3973 1331 4018 η

187 4050 327 4124 duabus
351 4063 388 4122 et
410 4049 519 4148 longo
535 4075 617 4138 uno,
634 4049 800 4122 brevibus
827 4049 952 4138 tribus,
969 4049 1077 4146 longa
1094 4071 1185 4121 una:
1212 4045 1287 4120 Pe-

187 4166 280 4240 dites
282 4163 461 4264 fagiunt

236 4281 297 4354 Ex
323 4278 572 4379 amphimacro
597 4293 634 4351 et
658 4277 829 4378 spondeo,
855 4275 969 4350 idest
994 4301 1040 4348 ex
1070 4276 1178 4376 longa
1203 4303 1310 4363 uno,1
1301 4315 1328 4366 15

187 4396 286 4470 brevi
303 4420 387 4486 una,
404 4408 442 4468 et
458 4393 573 4492 longis
591 4393 724 4468 tribus.
754 4391 888 4466 Obvios
903 4400 1080 4464 sternant.

237 4511 297 4586 Ex
308 4510 557 4610 amphlmocro
567 4522 604 4584 et
614 4520 806 4608 anapaesto
812 4506 848 4580 sd
859 4519 963 4582 estex
974 4505 1081 4604 longa
1092 4531 1174 4595 uns
1186 4504 1284 4579 brevi
1302 4532 1331 4584 6

687 4647 711 4694 n
734 4637 790 4695 ra
