3012 5084
316 433 365 492 20
701 415 824 492 Marii
844 417 1026 493 Victorini
1296 435 1373 488 mu.
1393 439 1438 488 1.

316 614 555 676 consonantes
581 601 674 674 inter
697 627 755 674 se:
783 601 844 674 sed
872 602 1015 702 proprie
1038 613 1123 675 sunt
1146 614 1320 700 cognatae,
1336 627 1439 698 quse

317 717 426 790 simili
447 717 659 816 figuratione
676 715 746 790 oris
764 717 944 802 dicuntur,
959 729 1000 789 ut
1016 729 1072 790 est
1089 712 1155 817 bf
1163 729 1218 788 mr
1233 741 1268 790 m
1282 743 1320 813 p,
1338 716 1439 813 qui—

317 836 384 908 bus
402 833 527 908 Cicero
544 833 689 930 ¹'adjicit
710 861 744 922 v,
762 859 834 906 non
857 859 950 922 eom,
970 857 1050 931 quoe
1074 831 1248 960 accipitur
1270 857 1336 932 pro
1353 857 1434 904 vo-

316 949 396 1034 cali,
414 951 475 1022 sed
493 976 571 1022 cam
591 976 671 1048 quae
697 947 928 1022 consonantis
953 946 1143 1020 obtinet
1110 973 1240 1037 vlcem,
1257 961 1293 1018 et
1317 961 1436 1018 ante-

271 1065 431 1197 ⁶⁵posito
452 1065 564 1138 vocali
592 1066 634 1138 fit
659 1078 700 1138 ut
725 1063 842 1137 aliae⁰
848 1089 994 1162 quoque
1018 1076 1265 1134 consonantes.
1317 1061 1434 1144 Quo-

271 1135 408 1253 ⁶⁵tiens
424 1181 534 1278 igitur
550 1179 819 1280 praepositiones
837 1191 1069 1276 rsequeretur
1085 1203 1167 1261 vox,
1180 1175 1283 1272 cujus
1300 1176 1432 1275 prima

315 1294 459 1368 littero
451 1295 578 1396 incipit
595 1321 614 1368 a
632 1293 844 1395 supradictis
863 1293 1002 1383 litteris,
1020 1293 1055 1365 id
1074 1305 1140 1380 est,
1158 1291 1179 1364 b
1181 1290 1223 1392 s
1231 1305 1275 1364 qr
1291 1317 1326 1364 m
1337 1317 1368 1388 p
1386 1319 1427 1376 u,

315 1435 396 1507 quae
421 1437 491 1483 vox
519 1411 712 1507 conjuncto
738 1409 985 1510 propositioni
1009 1407 1310 1505 significationem
1338 1407 1426 1503 eJ'us

316 1526 526 1616 confundat,
544 1553 606 1600 vos
632 1551 775 1624 quoque
801 1523 1065 1624 praepositionis
1089 1523 1242 1595 litteram
1269 1536 1427 1612 mutate,

316 1655 438 1733 otest,
456 1641 632 1726 combibit,
651 1641 839 1724 comburit,
858 1637 1020 1739 comfort,
1039 1633 1252 1738 comfundit,
1270 1663 1428 1712 comme-

314 1767 444 1842 morat,
477 1757 694 1842 comminuit,
725 1765 924 1853 comporot,
955 1755 1144 1841 comvellit,
1179 1754 1425 1840 concalescit,

315 1875 506 1974 compellit,
524 1883 726 1949 comvocut:
753 1899 826 1946 non
851 1872 1016 1961 conbibit,
1033 1872 1197 1945 comburit
1221 1885 1258 1944 et
1275 1869 1425 1943 similis.

269 1991 376 2107 66Sic
393 1990 501 2063 etiam
521 1989 725 2089 praeposmo
732 1989 861 2084 Juncta
871 1988 1019 2062 vocibus
1034 2015 1114 2086 quae
1133 1988 1309 2087 incipiunt
1323 2013 1342 2056 a
1358 2012 1425 2058 su-

269 2055 483 2206 66prodictis
501 2105 628 2177 litteris
646 2131 670 2177 n
684 2117 904 2182 ‘commutat
918 2104 953 2176 in
969 2129 1016 2194 m,
1033 2116 1093 2175 ⁸ut
1111 2103 1262 2190 imbibit,
1274 2101 1423 2190 imbuit,

314 2217 451 2320 insert,
481 2217 666 2318 imficits
652 2245 848 2308 immemor,
874 2220 1018 2316 impius,
1043 2219 1204 2304 immitis,
1231 2220 1421 2314 impotens.

270 2337 377 2450 6,At
394 2335 470 2420 sub,
494 2335 548 2422 ob,
567 2361 647 2432 quoe
665 2333 873 2407 finiuntur
864 2359 901 2406 ιιι
926 2334 947 2407 b
972 2334 1140 2423 litteram,
1160 2331 1196 2404 id
1221 2347 1287 2421 est,
1305 2357 1419 2404 unam

314 2477 360 2524 ex
378 2450 538 2549 quinque
561 2449 773 2548 supradictis
792 2449 964 2548 cognatis,
982 2449 1149 2547 quotiens
1172 2449 1320 2521 verbum
1345 2451 1422 2520 ‘so-

315 2579 484 2664 queretur
506 2565 635 2664 quod
627 2566 772 2638 initium
796 2566 929 2639 habeat
954 2593 974 2638 a
998 2563 1248 2665 supradictis,
1240 2591 1277 2636 ιιι
1295 2587 1375 2635 eam
1398 2564 1421 2635 b

314 2683 541 2769 'mutabunt
561 2709 578 2754 a
598 2707 669 2779 qua
687 2707 756 2753 vox
775 2682 914 2780 incipit,
942 2695 993 2767 ut,
1010 2678 1155 2782 suffert,
1172 2677 1317 2781 mrfficit,
1333 2677 1421 2776 suf-

300 2795 460 2899 fundit.-
488 2825 558 2871 non
583 2797 738 2898 culport,
760 2796 929 2897 sulpicii.-
958 2799 1009 2870 sic
1032 2812 1069 2870 et
1090 2805 1280 2895 suppurat,
1302 2806 1421 2890 'rup-

308 2939 469 3010 pressuo,
492 2913 543 2986 sic
563 2913 733 2998 succluit,
758 2913 936 2985 suucrtit:
965 2913 1020 2986 Ob
1045 2926 1165 2985 autem
1193 2923 1351 2983 mutatur
1378 2909 1417 2981 in

314 3043 483 3126 cognatas
500 3028 657 3115 eosdem,
674 3043 726 3117 ut,
743 3025 868 3128 offert,
882 3021 1007 3128 oſjicit,
1025 3041 1062 3099 et
1078 3035 1262 3114 ommovct,
1279 3049 1419 3097 ommu-
1479 3117 1481 3120 .

314 3145 429 3233 tescit,
446 3157 482 3216 et
507 3145 690 3241 oppandit,
708 3143 906 3242 opperitur,
925 3157 961 3216 ct
987 3143 1151 3230 obvertit,
1178 3141 1314 3214 ouvius.
1364 3139 1420 3213 Et

269 3269 435 3330 tatamen
453 3259 619 3354 quotiens
645 3261 793 3331 verbum
821 3283 974 3355 sequens
1002 3257 1128 3355 incipit
1150 3259 1195 3329 ab
1219 3255 1244 3345 l,
1261 3269 1323 3328 aut
1340 3281 1362 3328 r
1378 3281 1418 3343 n,

314 3385 439 3443 xsunm
461 3385 663 3444 commutat
685 3373 723 3445 in
748 3400 841 3464 eam,
862 3401 883 3446 o
908 3401 980 3472 qus
1003 3397 1155 3470 sequens
1180 3397 1250 3445 vox
1274 3370 1418 3469 incipit,

314 3497 366 3574 ut,
383 3483 566 3572 collatum,
584 3483 784 3575 collectum,
801 3485 926 3576 illinit,
944 3485 1098 3575 illectus,
1116 3485 1268 3576 collinit,
1282 3484 1419 3560 illudit.

315 3601 361 3674 In
385 3627 407 3673 r
424 3616 557 3690 autern,
574 3615 626 3688 ut,
644 3603 815 3688 corrodit,
833 3603 996 3701 corripit,
1015 3603 1185 3692 corrodit,
1203 3603 1418 3698 corrumpit,

269 3740 302 3808 ⁶9
316 3729 357 3790 ut
374 3717 516 3815 irrepit,
532 3718 688 3817 irrogat,
706 3719 843 3792 irruit.-
871 3719 988 3818 perdit
1005 3745 1088 3790 vero
1105 3745 1130 3792 n
1147 3718 1315 3804 litteram,
1328 3745 1415 3792 cum

315 3857 467 3931 sequens
484 3833 633 3904 verbum
653 3833 799 3906 avocati
819 3834 959 3932 incipit,
973 3835 1134 3923 ycoemit,
1148 3844 1318 3934 conquat,
1332 3835 1417 3924 coit,

270 2398 301 2466 ⁶7

354 4135 378 4168 ¹²¹
392 4125 421 4200 r]
438 4145 451 4182 s
465 4125 496 4182 P.
641 4135 655 4166 ¹²
671 4123 780 4202 abijcit]
796 4124 883 4185 adicit
896 4127 927 4184 P.
1079 4136 1094 4168 ⁰
1108 4126 1239 4204 qnaequc]
1256 4146 1369 4204 quoque
1383 4127 1415 4184 P.

314 4215 329 4260 Ρ
343 4207 488 4282 sequetur]
506 4217 669 4282 sequeretur
682 4207 712 4264 P.
727 4207 945 4286 inconsequctur
960 4208 1073 4265 Putsch.
1149 4215 1164 4262 t
1180 4227 1230 4264 rm
1241 4207 1274 4282 p]
1286 4226 1331 4282 sp
1343 4227 1370 4264 m
1383 4209 1415 4264 P.

313 4296 326 4330 1
339 4287 511 4359 commouit]
527 4289 654 4344 cornutus
668 4287 699 4345 P.
788 4297 800 4330 ⁸
814 4287 940 4360 imbibit]
958 4300 990 4345 ut
1004 4286 1117 4346 imbibit
1132 4287 1168 4344 P.
1255 4287 1267 4329 ²
1280 4303 1417 4364 sequetur

313 4367 403 4443 quod]
420 4377 657 4444 sequereturquae
672 4368 702 4424 P.
802 4369 995 4443 vnrntsbunt]
1013 4369 1163 4425 mutabant
1177 4368 1208 4425 P.
1310 4377 1415 4446 'snp-

312 4449 438 4522 pressus]
456 4465 629 4524 suppressus
644 4448 673 4505 P.
804 4457 820 4489 ¹
833 4467 912 4506 suam
928 4449 1099 4522 commutat]
1116 4467 1174 4506 non
1189 4467 1268 4506 suum
1283 4465 1414 4506 commu.

313 4539 374 4584 tant
389 4529 420 4586 P.
500 4538 517 4583 t
530 4525 635 4584 coemit
648 4529 788 4604 conquat]
804 4541 933 4607 conquat
947 4528 1051 4588 cobmit
1065 4530 1097 4586 P.
