2980 5142
83 463 179 515 cnr.
193 451 230 530 9.
418 435 674 534 Depoemotis
686 436 894 537 ganasida
1128 451 1199 514 46⁶

84 621 192 695 sicut
208 619 245 692 in
264 615 429 691 chorum.
476 617 521 692 ln
539 617 669 692 Groeeo
685 617 848 692 dramate
863 619 937 692 fere
954 631 1025 692 tres
1042 645 1203 718 persone

86 737 183 810 aolae
206 747 331 834 agunt.
383 733 547 832 Ideoque
574 735 749 812 Horatius
776 733 839 824 ait,
854 759 921 808 aaa
945 744 1079 833 quarta
1105 736 1204 835 loqui

81 874 255 950 persona
287 849 439 938 laboret,
475 851 561 949 quia
599 863 725 949 quarta
764 875 907 949 semper
943 863 1084 923 ”mutu
1152 851 1204 925 At

87 965 221 1039 Latini
249 966 438 1065 scriptores
462 967 666 1067 complures
700 991 869 1065 personas
897 966 934 1039 in
962 966 1100 1039 fabulas
1126 968 1203 1040 ⁰in·
1247 1051 1254 1072 η

88 1080 350 1170 traduxerunt,
363 1095 405 1154 ut
422 1081 653 1181 speciosiores
665 1083 867 1180 frequentia
884 1083 1053 1156 facerent.
1217 1113 1249 1164 2⁶

148 1197 314 1296 Satyrion
339 1211 395 1271 est
421 1197 516 1298 apud
541 1198 687 1272 Graecos
710 1198 844 1286 fabula,
862 1197 898 1271 in
926 1223 998 1295 qua
1023 1198 1110 1272 item
1134 1211 1205 1272 tra·

93 1311 170 1410 gici
192 1326 318 1411 poetae,
335 1339 407 1386 non
427 1314 576 1387 theroas
600 1326 662 1386 aut
687 1339 799 1412 reges,
816 1313 878 1385 sed
896 1325 1034 1410 satyros
1051 1313 1205 1387 induxe-

93 1439 196 1516 runt,
219 1427 366 1505 ludendi
392 1442 524 1503 tcausa
543 1427 765 1526 jocandique
791 1429 910 1516 simul,
937 1442 998 1503 rut
1025 1443 1222 1530 spectator,

93 1543 196 1616 inter
221 1569 276 1616 res
305 1545 458 1644 tragicas
485 1545 666 1642 aeriasque
690 1559 892 1643 satyrorum
920 1558 1086 1643 ‘quoque
1108 1545 1202 1644 jocis

95 1671 137 1731 et
154 1659 294 1732 lusibus
311 1659 561 1748 delectaretur,
578 1672 652 1735 “ut
668 1673 705 1734 et
724 1657 898 1734 Horatius
925 1666 1036 1736 sentit
1054 1662 1109 1735 his
1127 1689 1204 1736 ver·

96 1774 222 1846 sibus:

190 1914 341 1980 Carmine
354 1915 410 2002 qui
425 1917 550 2003 tragico
565 1913 658 1979 vilem
672 1919 805 1981 cenavit
818 1917 855 1982 od
869 1917 1003 1997 hircum,

189 2018 286 2082 ‘Mon
298 2019 394 2082 etiam
408 2027 552 2106 agrestas
565 2027 692 2105 satyros
706 2019 872 2097 vastavit,
889 2030 919 2084 et
932 2041 1028 2107 asper

189 2121 345 2184 Incolumi
355 2122 640 2208 grauitatejoaum
654 2122 799 2198 mutavit,
814 2141 849 2185 aa
863 2122 946 2210 quod

189 2221 348 2288 Iikrrdris
358 2231 429 2288 erat
442 2231 501 2288 rer
510 2232 614 2311 grata
628 2224 767 2290 novitate
782 2223 955 2290 mormtdua
1015 2291 1020 2302 ,

189 2326 366 2411 Spectator.

154 2477 295 2550 Mimas
325 2489 380 2550 est
408 2477 583 2550 sermonis
612 2476 805 2574 cujuslibet
835 2489 955 2552 motus
993 2480 1071 2552 sine
1105 2507 1248 2564 reve-27

103 2593 228 2679 rentia,
259 2592 315 2666 vel
346 2592 547 2666 ³‘factorum
578 2605 616 2666 et
646 2593 806 2692 turpium
834 2619 917 2667 cum
947 2595 1091 2668 lascivia
1122 2595 1205 2670 imi-

104 2710 204 2781 tatiO.
255 2709 288 2782 A
307 2709 444 2782 Graecis
463 2709 512 2782 ita
529 2709 717 2782 definitus:
745 2707 852 2804 Μίμας
869 2709 953 2783 ἔστιν
972 2707 1106 2806 μίμησις
1123 2713 1205 2803 βίον,

104 2827 145 2896 τά
169 2855 204 2898 re
235 2827 490 2923 συγκεχωρημένα
523 2821 575 2896 irai
604 2822 812 2923 ἇσνγχῶρητα
844 2827 997 2924 περιέχων.
1062 2825 1204 2901 Mimue
1264 2859 1277 2924 Ἰ

105 2939 223 3014 dictus
248 2941 330 3038 rapit
356 2939 391 3013 ri
415 2947 589 3035 μιμεῖσθαι,
615 2939 715 3036 quasi
745 2941 840 3013 solus
868 2941 1040 3031 imitetur,
1057 2967 1141 3015 cum
1169 2959 1205 3017 et

106 3055 172 3128 alia
199 3071 368 3156 poemata
393 3055 490 3128 idem
511 3055 663 3139 faciant;
690 3053 751 3126 sed
775 3056 871 3128 solus
888 3057 991 3154 quasi
1017 3058 1205 3158 privilegio

107 3171 260 3270 quodam
293 3171 390 3271 quod
413 3171 485 3247 fuit
508 3197 705 3245 commune
731 3171 900 3271 possedit.
951 3173 1128 3246 Similiter
1150 3187 1203 3246 at·

146 3431 263 3482 ”mista
286 3427 328 3502 at]
352 3431 443 3482 mutat
456 3425 491 3482 B.
533 3423 605 3482 lnde
628 3421 776 3502 Scioppius
798 3433 910 3482 mussat.
951 3425 1023 3482 Mor
1042 3443 1076 3482 ac
1089 3423 1161 3482 Ven.
1175 3437 1206 3484 et

109 3503 226 3577 rpem.
323 3513 338 3550 ⁰
352 3505 547 3582 introduxere]
565 3507 774 3564 istrodurerunt
787 3505 822 3562 A.
836 3506 1038 3564 introduxerint
1052 3507 1086 3564 Β.
1127 3506 1204 3564 'firm

108 3587 278 3658 mandatores
292 3586 365 3645 Ven.
446 3596 462 3641 Ρ
478 3603 556 3664 reges
570 3597 618 3644 aut
633 3587 745 3660 heroas]
763 3587 859 3643 donas
869 3594 920 3643 aat
933 3605 1010 3661 reges
1019 3587 1125 3645 A.B.C.
1140 3605 1164 3645 r.
1179 3605 1205 3644 a.

110 3664 198 3722 ierom
211 3667 285 3724 Ven.
381 3676 511 3724 tcauasa
518 3665 705 3744 jocandique]
723 3685 807 3724 causa
814 3665 930 3740 jocandi
943 3669 978 3725 A.
1068 3677 1204 3745 rspeeta-

110 3757 152 3802 tor
164 3745 231 3820 iter]
248 3755 409 3822 aspectam
421 3750 494 3804 teter
508 3747 544 3804 B.
676 3749 829 3824 ⁸quoque]
848 3749 948 3822 quen.
1071 3757 1144 3804 Ι1ιιι
1158 3749 1201 3822 et]

110 3833 139 3882 ut
151 3827 223 3884 nu
327 3827 339 3870 ²
354 3845 419 3885 mox
433 3826 518 3885 etiarn
533 3838 657 3906 agrestes
671 3840 779 3905 satyros
793 3827 910 3886 nudavit
922 3838 952 3884 et
968 3845 1050 3904 asper
1067 3825 1204 3884 ineolumi

110 3904 242 3984 gravitate
251 3911 351 3986 jocum
365 3905 499 3981 tenurit]
516 3927 579 3965 moa
597 3915 624 3965 et
642 3927 661 3964 a
679 3917 786 3983 satyros
805 3911 916 3966 amavit
938 3915 966 3964 et
983 3925 1063 3982 asper
1078 3909 1206 3965 ἰηοοὶοπιί

112 4001 159 4060 tort
173 4007 316 4078 temptavit
330 4005 403 4062 Λ.Β.
486 4013 501 4046 t
514 4003 645 4080 nudavit]
660 3995 756 4062 inanit
771 4006 804 4063 C.
819 4017 849 4063 et
863 4023 929 4062 rnox
944 4005 1205 4070 sustentasset

111 4083 149 4142 sia
163 4085 235 4142 Van.
358 4094 381 4126 V
394 4097 424 4144 et
436 4097 517 4164 grata
531 4084 656 4144 novitate
671 4085 824 4143 morandus
838 4085 994 4163 spectator]
1016 4091 1044 4140 et
1056 4085 1205 4143 novitatem

112 4181 198 4222 eoram
210 4173 351 4240 spectatur
364 4166 435 4224 A.B.
457 4174 517 4224 erat
537 4175 565 4224 et
585 4169 708 4224 nouitate
725 4168 872 4223 moomdus
886 4166 919 4222 Ο.
938 4171 1076 4239 spectator
1096 4174 1156 4222 erat
1178 4174 1205 4224 et

111 4247 227 4302 amunte
241 4249 387 4304 movendas
400 4245 475 4304 Ven.
595 4255 612 4289 ¹
626 4247 766 4305 tactorum
780 4263 845 4303 curn
860 4243 985 4319 lascivis]
991 4244 1138 4320 foetorum
1155 4247 1205 4321 (st.

112 4343 245 4382 sacrorum
267 4328 300 4384 C.
324 4327 425 4406 marg.)
451 4333 478 4383 et
501 4329 622 4402 turpium
644 4345 705 4384 enm
727 4327 839 4384 tamisia
857 4325 969 4384 A.B.O.
1020 4324 1109 4384 nddts
1129 4327 1165 4385 B.
1187 4348 1206 4386 a

111 4407 200 4479 pacis
219 4407 258 4462 ita
278 4407 404 4484 dqirritas
425 4409 524 4464 mimus
541 4415 581 4466 ert
600 4410 629 4465 in
644 4409 760 4465 animeris
774 4407 819 4464 diu
835 4414 892 4464 tate
904 4406 1162 4482 qnemcdmemena
1177 4429 1206 4467 ce

113 4487 298 4562 rapaciorem
309 4507 361 4564 per
374 4491 385 4545 t
399 4488 491 4546 echon.
519 4491 617 4547 mimus
634 4491 724 4547 dietas
742 4505 815 4562 para
836 4497 865 4546 to
886 4487 1016 4546 minutiis
1036 4491 1114 4564 quasi
1133 4491 1207 4548 salua

113 4568 227 4624 imitetur
240 4585 301 4626 eum
316 4577 342 4626 et
356 4571 423 4627 alia.
