3124 5120
157 373 242 428 CAP.
258 367 294 428 8.
433 355 499 426 De
513 363 628 426 metro
645 355 766 428 Ionica
783 351 842 428 aivi
857 355 1000 450 μείζονος.
1198 367 1265 428 12³

156 537 200 608 ln
220 564 296 635 quo
315 564 408 610 unus
425 538 578 626 ionicus,
595 553 630 610 et
648 539 794 612 trochaei
812 539 973 637 quinque
992 555 1088 612 sunt.
1143 539 1265 635 Hujus

157 655 416 743 acatalectum‚

262 769 364 843 Uvas
380 769 510 842 nitidis
512 767 718 869 frondibus
735 769 844 843 Euan
861 768 1004 844 tedes-is
1021 769 1157 870 illigat.

157 884 251 958 Item
270 885 524 958 catalecticum
544 885 669 983 primae
687 886 835 985 syllabae
852 887 1068 958 solutionem
1092 899 1262 984 ¹paasum
1281 915 1311 949 ιο

158 1000 383 1096 hujusmodi,

259 1113 355 1192 Mea
372 1113 488 1187 Delia
506 1125 619 1204 casta,
632 1113 804 1210 pulchra,
819 1141 920 1212 pane
934 1115 1094 1188 adeum
1112 1117 1228 1190 decue.

159 1230 201 1302 ln
216 1257 295 1327 quo
307 1254 401 1302 unus
420 1229 560 1302 ionicus
577 1243 613 1302 et
625 1231 786 1328 quinque
803 1231 966 1304 continui
985 1231 1147 1304 trochaei.
1175 1231 1264 1304 Pen-

159 1359 356 1418 tametrum
376 1369 522 1440 quoque
541 1343 891 1443 brachycatalectum
910 1346 976 1417 erit
995 1347 1077 1434 tais,

164 1461 360 1558 Dictynna
373 1460 479 1532 ἄοινοι
491 1461 698 1560 progenies,
712 1461 835 1556 aspice
850 1459 931 1556 qais
948 1471 985 1532 te
1002 1461 1131 1534 chorus
1144 1463 1266 1534 astris.

160 1575 339 1648 Praeterea
356 1589 394 1646 et
410 1601 457 1648 ex
475 1601 513 1648 se
539 1575 615 1648 sine
642 1575 715 1648 ulla
729 1573 864 1672 pedum
878 1574 1102 1648 admixtione
1119 1603 1266 1676 compo·
1282 1606 1306 1640 u

159 1691 271 1779 nitur,
289 1703 327 1762 et
343 1717 408 1788 per
422 1717 461 1762 se
478 1705 548 1763 stat
565 1692 704 1789 integer
715 1715 781 1788 per
796 1693 995 1783 ἵσννοίφειον,
1014 1705 1055 1764 ut
1072 1691 1189 1766 Graeci
1211 1692 1266 1766 di·

159 1819 262 1895 cunt,
280 1805 316 1877 id
335 1819 401 1894 cst,
418 1832 504 1878 cum
521 1807 672 1906 repetita
691 1804 886 1878 identidem
900 1806 977 1879 vice
995 1808 1117 1880 breves
1136 1807 1265 1906 longis,

160 1935 224 1994 aut
251 1933 391 2007 eontra,
419 1921 585 1994 brevibus
616 1922 731 2020 longae
762 1921 1011 2018 subjiciuntur.
1062 1923 1185 2020 Atque
1216 1923 1265 1996 ita

160 2037 256 2108 inter
283 2061 321 2108 se
348 2034 484 2108 alterna
511 2037 710 2110 mutatione
727 2037 919 2124 variantur,
937 2063 1027 2134 quos
1053 2037 1112 2110 aiei
1132 2039 1265 2134 μείζονος
1281 2075 1308 2108 ιν

160 2167 198 2224 et
214 2149 276 2223 ἀπὸ
295 2152 459 2233 ἐλάσσονος
477 2151 603 2224 musici
622 2166 766 2237 vocant,
783 2167 823 2224 ut
841 2151 936 2251 apud
956 2151 1164 2242 Horatium,

191 2266 423 2340 anseres-um
441 2277 496 2340 est
513 2293 626 2366 neque
643 2268 761 2342 amasi
777 2267 867 2340 dare
884 2266 1009 2342 ladam
1025 2295 1141 2367 nepae
1157 2267 1265 2342 dalei.

163 2381 290 2478 Hujus
317 2381 515 2480 primordio
541 2383 569 2455 si
596 2382 742 2478 adjicias
764 2382 800 2456 Ο
824 2408 945 2482 quam,
962 2385 1030 2456 crit
1052 2383 1191 2456 ionicus
1208 2384 1266 2456 ἀπὸ

161 2497 295 2594 μείζονος
315 2497 516 2594 adjectione
534 2497 704 2597 spondei:
729 2512 780 2586 ut,

201 2615 231 2678 0
244 2635 340 2700 qaam
354 2615 544 2678 miserarum
558 2623 604 2678 eat
617 2635 717 2700 aequae
729 2615 833 2677 amori
846 2615 924 2680 dare
937 2615 1047 2678 iudam
1061 2635 1159 2700 neqsoe
1172 2613 1266 2678 dalei.

163 2725 330 2822 Adaeque
352 2724 490 2797 ionicus
512 2724 571 2796 aivi
592 2727 754 2804 ἐλάσσονος
772 2749 817 2796 ex
834 2723 895 2796 aivi
912 2725 1063 2818 ’μείζονος
1080 2723 1268 2813 creabitur,
1285 2756 1312 2802 ¹3

163 2841 325 2939 demptis
342 2839 482 2913 duabus
501 2839 629 2938 longis,
647 2865 728 2936 quoe
746 2839 781 2910 in
803 2839 980 2939 principio
997 2865 1117 2912 versus
1143 2839 1267 2912 locatae

165 2954 436 3054 repperiuntur:
463 2971 504 3028 ut
521 2969 587 3043 est,

272 3069 379 3144 Galli
396 3071 516 3144 timidi
530 3070 760 3144 semianimes
777 3080 928 3170 tergora
944 3081 1101 3145 vertant.

166 3186 314 3260 lonicus
340 3201 460 3258 autem
489 3183 665 3258 Sotadeus
694 3199 834 3258 constat
856 3212 900 3258 ex
925 3186 1085 3284 spondeo
1116 3186 1313 3286 upari-14

166 3303 277 3374 ambo
304 3301 439 3373 alterna
465 3304 542 3374 vice
567 3301 644 3374 sine
671 3300 934 3374 intermissione
961 3301 1198 3392 currentibus,
1226 3329 1269 3376 ea

165 3435 290 3492 tamen
311 3417 399 3516 lege,
416 3433 458 3491 ut
474 3445 494 3491 a
511 3417 673 3516 spondeo
690 3415 849 3514 incipiat,
866 3431 901 3489 et
923 3416 1083 3515 spondeo
1100 3418 1268 3490 termine-

166 3549 237 3620 tur,
255 3534 350 3608 sieut
367 3535 524 3608 ionicum
543 3535 659 3622 decet,
677 3547 718 3606 ut
736 3533 773 3606 in
793 3533 916 3630 longas
934 3532 1075 3606 desinat
1091 3531 1267 3631 syllabas3

166 3649 265 3724 unde
292 3649 428 3722 ionicus
454 3655 580 3746 major,
604 3649 666 3746 qui
690 3647 830 3720 duabus
859 3648 1025 3720 brevibus
1046 3648 1270 3736 terminatur,

167 3764 320 3840 assumit
345 3765 412 3838 sibi
439 3765 653 3864 plerumque
680 3763 716 3836 in
743 3763 872 3836 ultimo
893 3762 982 3836 duas
1006 3763 1142 3861 longas,
1160 3777 1201 3836 ut
1223 3763 1270 3834 sit

166 3905 291 3953 versus
309 3907 329 3952 e
346 3880 461 3952 tribus
479 3881 639 3980 syzygiis
656 3893 693 3952 et
710 3878 893 3979 semipede
911 3877 1093 3976 spondeo:
1122 3893 1162 3950 ut
1178 3891 1245 3962 est,

274 3993 310 4066 0
325 3994 399 4068 mel
413 3995 513 4094 qaod
528 4021 614 4092 apes
631 3995 796 4068 omnihus
815 4021 835 4068 e
838 3992 1003 4095 floribus
1018 3992 1165 4066 ‘libant

168 4109 319 4209 insigne
341 4124 396 4182 est
421 4111 493 4183 tale
519 4125 640 4183 autem
668 4110 774 4184 ionici
801 4122 1050 4184 tetrametrum
1078 4107 1272 4208 brachyca-
1288 4139 1314 4188 u

167 4226 343 4298 taiectum
357 4253 365 4298 :
393 4239 444 4314 ut,

208 4411 226 4444 ¹
239 4404 371 4478 passum]
388 4421 486 4480 passus
500 4403 533 4461 P.
641 4402 821 4480 νουνάφννον]
837 4411 961 4480 canonos
975 4403 1008 4462 P.
1121 4411 1136 4442 ¹
1149 4401 1268 4474 μίζων]

168 4487 261 4556 potsse
276 4485 307 4541 P.
390 4493 407 4526 ⁸
419 4483 519 4542 libant.
540 4483 668 4562 Insigne]
682 4481 850 4562 libanisigue
865 4483 896 4540 P.

689 4591 753 4649 aa
