3100 5142
546 595 578 639 f.)

455 803 614 900 aas
670 802 926 954 oman
982 806 1229 904 ansas

626 1119 718 1202 DE
767 1121 1060 1204 METRIS.

695 1405 989 1450 ..ψ-

760 1623 863 1706 Car.
886 1625 920 1706 I.

538 1811 726 1886 Mecoenas
742 1809 861 1884 otonis
880 1809 975 1884 edite
990 1811 1150 1911 regibus.

291 1959 551 2061 Asclepiadeon
570 1959 925 2058 duodecasyllabum,
937 1961 1039 2057 cujus
1057 1961 1187 2034 divisio
1203 1961 1301 2035 varia
1313 1962 1394 2060 qui-

291 2075 375 2150 dem
394 2077 465 2149 sie:
490 2075 607 2151 Mace
625 2075 797 2176 spondeo,
823 2101 891 2150 aaa
912 2077 1032 2150 atavis
1057 2076 1280 2165 choriambo,
1298 2077 1394 2150 edite

291 2217 334 2266 re
359 2191 468 2280 idem,
489 2191 599 2291 gibus
624 2191 845 2292 pyrrhichio,
872 2191 926 2265 vel
953 2192 1087 2280 iamb0,
1112 2205 1257 2291 propter
1286 2191 1394 2265 indif-

292 2309 481 2383 ferentiam
499 2310 657 2410 syllabae.
708 2307 781 2380 Alii
800 2334 864 2408 per
886 2307 1049 2408 dipodias
1076 2309 1145 2381 ita:
1167 2307 1352 2381 Mecoenos
1369 2334 1393 2380 a

292 2424 419 2499 debuit
444 2425 675 2526 antispastica
703 2423 811 2524 podia
836 2451 924 2510 esse,
952 2439 989 2498 et
1018 2423 1188 2525 produxit
1215 2424 1390 2523 syllabam

293 2543 462 2640 primam,
488 2555 524 2615 et
549 2541 634 2615 fecit
659 2539 842 2640 epitritum
867 2552 1036 2638 quartum
1063 2564 1107 2612 ex
1133 2539 1249 2612 tribus
1274 2539 1392 2638 longis
1503 2561 1506 2566 ·

292 2669 329 2729 et
364 2655 483 2730 brevi:
510 2657 605 2730 tuuis
631 2655 689 2729 edi
714 2655 931 2755 antispastus
961 2667 1085 2728 estex
1114 2653 1224 2744 brevi,
1251 2653 1393 2727 duabus

292 2773 422 2872 longis,
440 2787 477 2846 et
503 2773 621 2846 brevi:
647 2782 684 2845 te
704 2772 854 2871 regibus
879 2797 983 2870 paeon
1011 2771 1188 2844 secundus
1214 2796 1258 2843 ex
1282 2770 1393 2855 brevi,

292 2903 330 2962 et
356 2890 474 2988 longa,
500 2903 536 2962 et
562 2887 703 2962 duabus
729 2888 908 2975 brevibus,
936 2887 991 2960 vel
1018 2886 1046 2959 si
1072 2887 1180 2986 longa
1203 2887 1311 2959 fuerit
1338 2885 1393 2958 ul-

292 3003 383 3076 tima
416 3002 483 3076 erit
517 3003 669 3092 iambus,
702 3003 730 3076 si
766 3029 849 3076 vero
884 3001 928 3074 ad
972 3002 1211 3100 penultimam
1253 3015 1391 3100 partem

293 3120 430 3193 ultimae
456 3118 611 3218 dipodioe
637 3119 753 3191 brevis
779 3119 919 3218 syllaba
946 3117 1108 3208 addatur,
1131 3120 1194 3192 fiet
1214 3117 1393 3216 elegiacos

293 3263 414 3310 versus
431 3249 665 3336 pentameter,
683 3235 745 3323 sie,

465 3352 626 3416 Maecenas
639 3351 745 3416 atavia
758 3349 839 3414 edite
853 3349 1037 3436 remigibus.

292 3459 478 3534 Dividitur
502 3460 680 3560 prioribus
703 3473 765 3534 aut
783 3461 928 3559 dactylo
945 3473 981 3531 et
1006 3455 1179 3558 spondeo,
1197 3473 1258 3530 aut
1284 3482 1393 3555 spon·

292 3573 361 3647 deo
378 3588 415 3646 et
432 3573 588 3672 dactylo,
606 3591 729 3649 tamen
750 3575 890 3649 medius
917 3573 1096 3674 spondeus
1117 3573 1225 3646 debet
1250 3599 1394 3672 semper

292 3715 380 3780 esse,
395 3689 627 3786 sequentibus
645 3691 884 3791 anapaesticis.

496 3903 586 3977 Jam
601 3906 694 3978 satis
709 3903 821 3978 terris
838 3904 941 3990 nivis,
960 3914 1070 4004 atque
1086 3902 1188 3976 dirce.

292 4042 514 4141 Sapphicum
544 4041 881 4144 hendecasyllabon,
899 4043 995 4142 quod
1023 4055 1078 4116 est
1098 4042 1287 4115 trimetron
1304 4040 1394 4113 cho-

292 4158 489 4232 riambicon
520 4160 766 4250 catalecticon,
792 4159 895 4257 cujus
929 4159 1106 4259 syllabam
1137 4157 1280 4230 tertiam
1311 4183 1393 4255 pro-

291 4272 396 4348 duxit
421 4273 457 4346 in
480 4275 596 4375 prima
623 4275 780 4376 dipodia,
798 4303 907 4375 quam
932 4275 1108 4373 corripere
1132 4271 1268 4362 debuit,
1288 4297 1393 4372 opor-

291 4389 362 4462 tuit
377 4389 474 4463 enim
497 4391 547 4464 ita
567 4418 656 4481 esse,
675 4391 767 4466 alam
791 4393 882 4466 ratis·
905 4403 980 4475 ter,·
1007 4389 1129 4490 posuit
1154 4399 1274 4461 autem
1301 4387 1393 4460 Jom

289 4507 382 4579 sutis
403 4515 461 4580 ter
486 4533 551 4606 pro
573 4506 783 4580 choriambo
809 4507 994 4605 epitritum
1022 4503 1236 4586 secundum,
1263 4502 1298 4576 id
1326 4515 1391 4585 est,
