3076 5140
642 373 761 448 Marii
781 371 968 447 Victorini
1211 395 1285 446 arn.
1305 397 1364 446 ur.

428 703 535 784 Car.
558 699 640 782 111.
675 701 740 780 Dc
759 698 902 780 nastris
921 699 1182 780 Horatianis.

307 913 403 986 Cum
430 909 541 982 sciam
572 907 609 980 in
635 904 793 979 secundo
818 903 1015 994 volumine,
1039 906 1078 978 in
1103 932 1176 1003 quo
1202 905 1247 977 de
1276 931 1362 1004 pro-

258 1027 394 1126 totypis
419 1023 651 1098 tractavimus
675 1045 817 1104 novem,
834 1019 956 1092 omnia
982 1046 1047 1092 nos
1076 1035 1269 1094 metrorum
1295 1047 1362 1114 ge.-

258 1167 343 1214 nera
374 1141 441 1213 sub
471 1135 666 1210 eorundem
702 1135 890 1234 praeceptis
918 1149 958 1206 et
987 1134 1176 1234 disciplina
1208 1161 1362 1233 conpre-

260 1256 438 1344 hendisse,
463 1253 715 1351 (nequeenim
742 1249 937 1348 quicquam
965 1251 1009 1324 ad
1036 1269 1150 1324 artem
1170 1253 1358 1326 metricam

259 1371 442 1474 pertinens
470 1371 640 1442 interum
661 1381 787 1440 natura
803 1367 974 1466 repperiri
1000 1369 1143 1466 poterit,
1160 1369 1256 1466 quod
1284 1396 1360 1442 non

260 1487 387 1562 iisdem
405 1487 458 1559 uti
476 1483 662 1557 elementis
680 1507 808 1553 novem
825 1481 932 1578 juxta
949 1483 1176 1556 traditionem
1196 1497 1358 1557 veterum

260 1602 513 1699 investigatum
530 1597 795 1692 collectumque
809 1597 882 1690 sit,)
895 1611 1016 1670 tamen
1028 1599 1196 1697 promissi
1211 1625 1360 1684 memor,

260 1717 356 1816 quod
383 1716 428 1787 de
455 1713 664 1786 Horatianis
699 1711 822 1782 metris
860 1712 1059 1811 specialiter
1101 1713 1361 1813 prosequendis

263 1859 381 1908 meam
414 1829 522 1902 fidem
559 1827 832 1913 obstrinxeram,
859 1855 905 1902 ne
934 1855 997 1927 per
1027 1831 1292 1903 conniventiam
1323 1829 1360 1902 id

263 1947 460 2048 praeterisse
493 1969 630 2042 arguar,
658 1955 700 2014 ut
722 1955 847 2040 potero
873 1942 1013 2042 singula
1038 1970 1192 2042 quaeque
1215 1971 1361 2044 percur-

264 2089 338 2136 ram
359 2087 439 2158 quae
460 2071 580 2133 noster
606 2057 739 2157 lyricus
765 2085 849 2130 curn
876 2059 1000 2157 epodis
1027 2061 1186 2158 attigisse
1204 2061 1361 2134 dinosci-

263 2191 331 2250 tur.
383 2175 493 2248 Nunc
519 2173 616 2245 enim
643 2173 793 2272 singulis
819 2173 988 2271 singulas,
1005 2201 1103 2248 nunc
1120 2177 1222 2250 binas
1247 2177 1363 2275 gerni-

263 2293 318 2366 nis
336 2291 494 2364 versibus
513 2287 684 2376 subdidit,
703 2315 799 2361 nunc
816 2288 930 2361 tribus
948 2315 1020 2362 uno
1038 2307 1220 2365 commate
1237 2293 1361 2393 epodis

261 2408 458 2509 respondit,
471 2407 683 2508 plerumque
703 2406 807 2495 binis,
820 2432 943 2478 verum
963 2406 1103 2482 divorso
1121 2409 1214 2482 inter
1231 2437 1269 2483 se
1287 2437 1363 2484 me-

262 2543 318 2600 tro
336 2539 372 2598 et
387 2523 636 2623 conpositione
655 2522 827 2618 figuratis.

236 2657 250 2692 ³
314 2641 434 2716 Prima
461 2639 570 2738 igitur
595 2635 756 2732 ejusdem
776 2636 844 2708 ode
869 2639 1078 2712 monocolos
1105 2640 1297 2732 inducitur,
1326 2639 1360 2714 id

263 2771 318 2832 est
346 2757 452 2830 unius
485 2753 586 2827 metri
617 2753 788 2851 qualitate
822 2753 1020 2850 conposita,
1051 2755 1111 2828 sed
1145 2771 1181 2830 et
1213 2783 1255 2828 ea
1281 2783 1361 2854 quoe

265 2873 371 2946 unius
397 2869 536 2969 generis
563 2869 699 2942 habent
715 2867 793 2940 cola
811 2867 936 2940 eadem
956 2871 1195 2969 appellatione
1213 2899 1362 2945 censen-

264 3001 333 3078 tur,
359 2986 475 3060 δίκωλοι
499 2999 620 3057 autem
644 2983 810 3074 duorum,
828 2983 993 3058 similiter
1010 2987 1146 3083 τρίκωλοι
1171 2989 1225 3060 vel
1254 2993 1363 3086 τετρά-

265 3123 353 3180 roto
364 3104 473 3176 trium
489 3129 551 3176 seu
563 3115 732 3200 quattuor
749 3127 919 3200 generum
935 3101 1140 3175 diversitate
1152 3104 1362 3176 subsistunt.

237 3230 252 3276 ³
267 3221 386 3294 Prima
403 3245 488 3318 ergo
504 3217 584 3308 ode,
602 3233 643 3290 ut
660 3216 806 3316 quidam
834 3229 974 3316 putant,
994 3243 1013 3289 a
1033 3231 1257 3318 pentametro
1284 3245 1365 3291 nas-

267 3335 371 3420 citur,
388 3360 452 3432 per
469 3331 747 3406 “detractionem
775 3333 921 3431 syllabae
949 3335 1064 3406 brevis
1082 3361 1162 3431 quoe
1188 3335 1255 3406 erit
1281 3348 1364 3406 ante

267 3447 519 3550 penultimam,
530 3447 726 3520 subsistens
746 3463 860 3521 metro
872 3448 1111 3548 Asclepiadeo
1127 3449 1365 3550 duodecasyl-

268 3565 327 3637 lb
378 3577 417 3635 ut

281 3591 302 3638 a
328 3591 361 3654 θ’
419 3617 429 3648 ’
467 3659 651 3734 Morenos
668 3663 787 3735 otonis
804 3662 898 3735 edite
913 3663 1073 3762 regibus.

270 3793 340 3868 Alii
369 3791 562 3866 formatum
590 3791 626 3864 id
652 3807 808 3866 metrum
836 3806 966 3892 putant
995 3795 1041 3867 ab
1068 3795 1367 3897 hendecasyllabo

269 3937 332 4010 per
353 3907 589 4006 adjectionem
608 3907 714 3981 unius
728 3909 886 4007 syllaboe,
897 3935 968 4006 qua
985 3908 1134 4011 dempta
1151 3913 1214 3985 fiet
1233 3913 1368 3986 hende-

268 4025 482 4123 casyllabos,
498 4036 550 4111 ut,

469 4137 653 4212 Mocenos
670 4138 789 4212 atavis
805 4139 900 4213 edite
917 4145 1009 4242 regi.

240 4255 411 4328 4Feritur
441 4255 511 4328 hoc
539 4269 695 4327 metrum
726 4253 779 4326 rel
815 4281 879 4354 per
912 4257 1071 4356 singulos
1103 4259 1226 4358 pedes,
1253 4275 1293 4334 ut
1323 4263 1369 4335 sit

545 4460 561 4504 ¹¹
576 4463 793 4539 detractionem]
811 4453 1035 4524 denudationem
1052 4468 1082 4524 P.
